{"host":"61xbmbtf5zrn7rzc","time":1610000609,"event":{"mods":["BaseMod","Challenge The Spire","Hubris","Minty Spire (QoL Compilation)","Replay The Spire","StSLib","SuperFastMode","The Marked"],"gold_per_floor":[113,133,152,163,163,163,188,188,188,188,218,237,237,247,247,318,318,337,357,52,52,62,96,96,96,96],"floor_reached":25,"playtime":962,"items_purged":[],"score":466,"play_id":"50aeb289-ec48-4d87-817f-0709bfd7df9d","local_time":"20210107012329","daily_mods":["SealedDeck","Heirloom","DeadlyEvents","Elite Swarm"],"is_ascension_mode":true,"campfire_choices":[{"data":"Armaments","floor":6,"key":"SMITH"},{"data":"Fire Breathing","floor":8,"key":"SMITH"},{"data":"Iron Wave","floor":10,"key":"SMITH"},{"data":"Uppercut","floor":13,"key":"SMITH"},{"data":"Offering","floor":15,"key":"SMITH"},{"data":"Berserk","floor":24,"key":"SMITH"}],"circlet_count":0,"master_deck":["AscendersBane","Iron Wave+1","Armaments+1","Pommel Strike","Dropkick","Thunderclap","Wild Strike","Fire Breathing+1","Combust","Uppercut+1","Inflame+1","Sentinel","Reckless Charge","Offering+1","Berserk+1","Feel No Pain+1","True Grit","True Grit","Offering+1"],"relics":["Burning Blood","TungstenRod","Pocketwatch","Replay:Accelerometer","Meat on the Bone","Painkiller Herb","hubris:MysteriousPyramids","Golden Egg"],"acts_visited":["Exordium","TheCity"],"potions_floor_usage":[11,16,18,22,23],"damage_taken":[{"damage":0,"enemies":"Cultist","floor":1,"turns":3},{"damage":6,"enemies":"Jaw Worm","floor":2,"turns":2},{"damage":0,"enemies":"2 Louse","floor":3,"turns":2},{"damage":8,"enemies":"Blue Slaver","floor":4,"turns":2},{"damage":22,"enemies":"3 Sentries","floor":7,"turns":4},{"damage":9,"enemies":"Lagavulin","floor":11,"turns":3},{"damage":5,"enemies":"3 Louse","floor":12,"turns":2},{"damage":16,"enemies":"Large Slime","floor":14,"turns":2},{"damage":25,"enemies":"Fading Forest","floor":16,"turns":13},{"damage":14,"enemies":"2 Thieves","floor":18,"turns":3},{"damage":21,"enemies":"3 Byrds","floor":19,"turns":3},{"damage":16,"enemies":"Snake Plant","floor":22,"turns":3},{"damage":29,"enemies":"Slavers","floor":23,"turns":3},{"damage":36,"enemies":"Book of Stabbing","floor":25,"turns":3}],"seed_played":"9053601661761602879","potions_obtained":[{"floor":2,"key":"Milkshake"},{"floor":3,"key":"Adrenaline Potion"},{"floor":11,"key":"Ancient Potion"},{"floor":16,"key":"Block Potion"},{"floor":19,"key":"AttackPotion"},{"floor":22,"key":"LiquidMemories"},{"floor":23,"key":"FearPotion"}],"is_trial":true,"path_per_floor":["M","M","M","M","?","R","E","R","T","R","E","M","R","M","R","B",null,"?","?","T","?","?","E","T","E"],"character_chosen":"IRONCLAD","items_purchased":["hubris:MysteriousPyramids","True Grit"],"campfire_rested":0,"item_purchase_floors":[20,20],"current_hp_per_floor":[74,74,75,73,73,73,57,57,57,57,54,55,55,45,45,38,66,58,55,55,55,45,34,34,0,0],"gold":96,"neow_bonus":"","is_daily":false,"chose_seed":false,"campfire_upgraded":6,"win_rate":0.0,"timestamp":1610000609,"path_taken":["M","?","M","M","?","R","E","R","T","R","E","M","R","?","R","BOSS","?","?","T","?","?","E","T","E"],"items_purchased_type":["Relic","Card"],"build_version":"2020-12-22","purchased_purges":0,"victory":false,"max_hp_per_floor":[75,75,75,75,75,75,75,75,75,75,75,75,75,75,75,75,75,75,75,75,75,75,75,75,75,75],"card_choices":[{"not_picked":["Carnage","Havoc","Body Slam"],"picked":"SKIP","floor":1},{"not_picked":["Cleave","ReplayTheSpireMod:Strike From Hell"],"picked":"Sentinel","floor":2},{"not_picked":["ReplayTheSpireMod:Strike From Hell","Flex"],"picked":"Reckless Charge","floor":3},{"not_picked":["Body Slam","Clash","Cleave"],"picked":"SKIP","floor":4},{"not_picked":["Replay:Many Hands","Reaper","Hemogenesis"],"picked":"SKIP","floor":7},{"not_picked":["Corruption","Exhume"],"picked":"Offering","floor":11},{"not_picked":["Warcry","hubris:CleavingFinish","Iron Wave"],"picked":"SKIP","floor":12},{"not_picked":["Intimidate","hubris:ReadiedAction","Thunderclap"],"picked":"SKIP","floor":14},{"not_picked":["Exhume","Feed"],"picked":"Berserk","floor":16},{"not_picked":["Whirlwind","Heavy Blade"],"picked":"Feel No Pain+1","floor":18},{"not_picked":["Run Through+1","Body Slam","Clothesline+1"],"picked":"SKIP","floor":19},{"not_picked":["Thunderclap","Clash","Perfected Strike+1"],"picked":"SKIP","floor":22},{"not_picked":["Juggernaut","Demonic Infusion"],"picked":"Offering","floor":23}],"player_experience":113713,"relics_obtained":[{"floor":7,"key":"Pocketwatch"},{"floor":9,"key":"Replay:Accelerometer"},{"floor":11,"key":"Meat on the Bone"},{"floor":23,"key":"Golden Egg"}],"event_choices":[{"damage_healed":0,"gold_gain":0,"player_choice":"Ignored","damage_taken":0,"max_hp_gain":0,"max_hp_loss":0,"event_name":"Ghosts","floor":21,"gold_loss":0}],"is_beta":false,"boss_relics":[{"not_picked":["Abe\u0027s Treasure","Replay:Bronze Core"],"picked":"Painkiller Herb"}],"items_purged_floors":[],"is_endless":false,"potions_floor_spawned":[2,3,11,14,16,19,22,23],"killed_by":"Book of Stabbing","ascension_level":20}}