{"host":"nnxvcju6x1qybncj","time":1610039146,"event":{"mods":["BaseMod","Displayed Cursed Tome","Downfall","Evolution","Jorbs\u0027s Wanderer Trilogy","Minty Spire (QoL Compilation)","Quick Restart","StSLib"],"gold_per_floor":[110,185,34,34,134,134,152,169,223,67,81,141,141,157,157,256,256,273,273,198,221,221,251,108,108,160,160,171,171,171,182,182,277,277,287,300,350,350,370,370,404,404,404,404,422,432,447,477,477,477],"floor_reached":51,"playtime":2531,"items_purged":[],"score":906,"play_id":"f4ad07de-7327-426a-9dab-cfab808e5156","local_time":"20210107180546","is_ascension_mode":true,"campfire_choices":[{"data":"Flame Barrier","floor":6.0,"key":"SMITH"},{"data":"Bash","floor":13.0,"key":"SMITH"},{"data":"Cleave","floor":15.0,"key":"SMITH"},{"data":"Corruption","floor":25.0,"key":"SMITH"},{"data":"Dark Embrace","floor":27.0,"key":"SMITH"},{"data":"Metallicize","floor":29.0,"key":"SMITH"},{"data":"expansioncontent:DefensiveStance","floor":32,"key":"SMITH"},{"data":"Feel No Pain","floor":40,"key":"SMITH"},{"data":"Offering","floor":42,"key":"SMITH"},{"data":"Anger","floor":44,"key":"SMITH"},{"floor":49,"key":"REST"}],"circlet_count":0,"master_deck":["Headbutt","Strike_R+1","Defend_R+1","Defend_R+1","Defend_R+1","Defend_R+1","Bash+1","Flame Barrier+1","Pommel Strike","Cleave+1","Metallicize+1","expansioncontent:DefensiveStance+1","Twin Strike","Disarm","Cleave","Corruption+1","Shrug It Off","Spot Weakness","Dark Embrace+1","Clash","Anger+1","Flex","Clash","Offering+1","Feel No Pain+1","Carnage+1","Uppercut+1","Spot Weakness+1","Clash+1"],"relics":["Burning Blood","EVO:Axolotl","OrangePellets","Art of War","Toy Ornithopter","Strawberry","Runic Cube","Orichalcum","TungstenRod","Oddly Smooth Stone","Busted Crown","Torii","Gremlin Horn","Sundial","Happy Flower"],"acts_visited":["Exordium","TheCity","TheBeyond"],"potions_floor_usage":[31,31,37,37,41,50,50],"damage_taken":[{"damage":10.0,"enemies":"2 Louse","floor":1.0,"turns":2.0},{"damage":2.0,"enemies":"Small Slimes","floor":7.0,"turns":3.0},{"damage":6.0,"enemies":"Cultist","floor":8.0,"turns":3.0},{"damage":2.0,"enemies":"Lots of Slimes","floor":11.0,"turns":3.0},{"damage":11.0,"enemies":"3 Sentries","floor":12.0,"turns":10.0},{"damage":4.0,"enemies":"2 Fungi Beasts","floor":14.0,"turns":3.0},{"damage":68.0,"enemies":"Slime Boss","floor":16.0,"turns":9.0},{"damage":0.0,"enemies":"3 Byrds","floor":18.0,"turns":5.0},{"damage":40.0,"enemies":"Book of Stabbing","floor":23.0,"turns":8.0},{"damage":0.0,"enemies":"Spheric Guardian","floor":28.0,"turns":4.0},{"damage":15,"enemies":"Centurion and Healer","floor":31,"turns":5},{"damage":49,"enemies":"Champ","floor":33,"turns":11},{"damage":5,"enemies":"3 Shapes","floor":35,"turns":3},{"damage":4,"enemies":"Orb Walker","floor":36,"turns":3},{"damage":5,"enemies":"Mind Bloom Boss Battle","floor":37,"turns":2},{"damage":6,"enemies":"4 Shapes","floor":39,"turns":3},{"damage":5,"enemies":"Giant Head","floor":41,"turns":7},{"damage":5,"enemies":"Spire Growth","floor":45,"turns":4},{"damage":15,"enemies":"3 Darklings","floor":46,"turns":4},{"damage":14,"enemies":"Maw","floor":47,"turns":5},{"damage":5,"enemies":"Nemesis","floor":48,"turns":5},{"damage":58,"enemies":"Awakened One","floor":50,"turns":7}],"seed_played":"8377747440250656769","potions_obtained":[{"floor":8.0,"key":"Dexterity Potion"},{"floor":14.0,"key":"ColorlessPotion"},{"floor":16.0,"key":"BloodPotion"},{"floor":23.0,"key":"PowerPotion"},{"floor":31,"key":"DuplicationPotion"},{"floor":33,"key":"champ:CounterPotion"},{"floor":35,"key":"Energy Potion"},{"floor":36,"key":"DistilledChaos"},{"floor":37,"key":"hexamod:EctoCoolerPotion"},{"floor":41,"key":"Dexterity Potion"}],"is_trial":false,"path_per_floor":["M","?","$","?","?","R","M","M","T","$","M","?","R","M","R","B",null,"M","?","?","T","?","E","$","R","T","R","M","R","?","M","R","B",null,"M","M","?","?","M","R","E","R","T","R","M","M","M","E","R","B",null],"character_chosen":"IRONCLAD","items_purchased":["OrangePellets","Metallicize","expansioncontent:DefensiveStance","Dark Embrace","Clash","Anger"],"campfire_rested":1,"item_purchase_floors":[3,10,10,24,24,24],"current_hp_per_floor":[76,65,65,53,53,53,57,57,57,57,66,68,68,70,70,13,87,87,87,87,87,87,53,53,53,53,53,59,59,59,77,77,34,87,87,87,87,83,83,83,83,83,83,83,83,74,66,67,83,41],"gold":477,"neow_bonus":"REMOVE_CARD","is_daily":false,"chose_seed":false,"campfire_upgraded":10,"win_rate":0.0,"timestamp":1610039146,"path_taken":["M","?","$","?","?","R","?","?","T","$","M","?","R","M","R","BOSS","M","?","?","?","?","E","$","R","T","R","M","R","?","M","R","BOSS","M","?","?","?","M","R","E","R","T","R","M","M","M","E","R","BOSS"],"items_purchased_type":["Relic","Card","Card","Card","Card","Card"],"build_version":"2020-12-22","purchased_purges":0,"victory":true,"max_hp_per_floor":[80,80,80,80,80,80,80,80,80,80,80,87,87,87,87,87,87,87,87,87,87,87,87,87,87,87,87,87,87,87,87,87,87,87,87,87,87,83,83,83,83,83,83,83,83,83,83,83,83,83],"card_choices":[{"not_picked":["Twin Strike","Cleave"],"picked":"Flame Barrier","floor":1.0},{"not_picked":["Clash","Anger"],"picked":"Pommel Strike","floor":7.0},{"not_picked":["Second Wind","Clash"],"picked":"Cleave","floor":8.0},{"not_picked":["Flex","Clash"],"picked":"Twin Strike","floor":11.0},{"not_picked":["Clothesline","Searing Blow"],"picked":"Disarm","floor":12.0},{"not_picked":["Sword Boomerang","Warcry"],"picked":"Cleave","floor":14.0},{"not_picked":["Brutality","Offering"],"picked":"Corruption","floor":16.0},{"not_picked":["Thunderclap+1","Flex"],"picked":"Shrug It Off","floor":18.0},{"not_picked":["Wild Strike+1","Sword Boomerang"],"picked":"Spot Weakness","floor":23.0},{"not_picked":["Warcry","Clash"],"picked":"Flex","floor":28.0},{"not_picked":["Rampage+1","Immolate"],"picked":"Clash","floor":31},{"not_picked":["Reaper","Double Tap"],"picked":"Offering","floor":33},{"not_picked":["Havoc+1"],"picked":"SKIP","floor":35},{"not_picked":[],"picked":"Feel No Pain","floor":36},{"not_picked":[],"picked":"Carnage+1","floor":37},{"not_picked":[],"picked":"Uppercut+1","floor":39},{"not_picked":[],"picked":"Spot Weakness+1","floor":41},{"not_picked":["Cleave+1"],"picked":"SKIP","floor":45},{"not_picked":["Dropkick+1"],"picked":"SKIP","floor":46},{"not_picked":["Blood for Blood"],"picked":"SKIP","floor":47},{"not_picked":[],"picked":"Clash+1","floor":48}],"player_experience":666840,"relics_obtained":[{"floor":9.0,"key":"Toy Ornithopter"},{"floor":12.0,"key":"Strawberry"},{"floor":21.0,"key":"Orichalcum"},{"floor":23.0,"key":"TungstenRod"},{"floor":26.0,"key":"Oddly Smooth Stone"},{"floor":37,"key":"Torii"},{"floor":41,"key":"Gremlin Horn"},{"floor":43,"key":"Sundial"},{"floor":48,"key":"Happy Flower"}],"event_choices":[{"damage_healed":0.0,"max_hp_gain":0.0,"max_hp_loss":0.0,"gold_gain":75.0,"event_name":"World of Goop","player_choice":"Gather Gold","floor":2.0,"gold_loss":0.0,"damage_taken":11.0},{"damage_healed":0.0,"max_hp_gain":0.0,"max_hp_loss":0.0,"gold_gain":0.0,"event_name":"Scrap Ooze","player_choice":"Success","floor":4.0,"gold_loss":0.0,"damage_taken":12.0,"relics_obtained":["Art of War"]},{"damage_healed":0.0,"max_hp_gain":0.0,"max_hp_loss":0.0,"gold_gain":100.0,"event_name":"Golden Shrine","player_choice":"Pray","floor":5.0,"gold_loss":0.0,"damage_taken":0.0},{"damage_healed":0.0,"max_hp_gain":0.0,"max_hp_loss":0.0,"gold_gain":0.0,"event_name":"Dead Adventurer","player_choice":"Searched \u00271\u0027 times","floor":12.0,"gold_loss":0.0,"damage_taken":0.0},{"damage_healed":0.0,"max_hp_gain":0.0,"max_hp_loss":0.0,"gold_gain":0.0,"event_name":"The Mausoleum","player_choice":"Ignored","floor":19.0,"gold_loss":0.0,"damage_taken":0.0},{"cards_removed":["Strike_R"],"damage_healed":0.0,"max_hp_gain":0.0,"max_hp_loss":0.0,"gold_gain":0.0,"event_name":"Beggar","player_choice":"Gave Gold","floor":20.0,"gold_loss":75.0,"damage_taken":0.0},{"damage_healed":0.0,"max_hp_gain":0.0,"max_hp_loss":0.0,"gold_gain":0.0,"event_name":"Back to Basics","player_choice":"Simplicity","floor":22.0,"gold_loss":0.0,"damage_taken":0.0,"cards_upgraded":["Strike_R","Strike_R","Defend_R","Defend_R","Defend_R","Defend_R"]},{"cards_removed":["Strike_R"],"damage_healed":0.0,"max_hp_gain":0.0,"max_hp_loss":0.0,"gold_gain":0.0,"event_name":"Bonfire Elementals","player_choice":"Offered Basic","floor":30.0,"gold_loss":0.0,"damage_taken":0.0},{"damage_healed":0,"gold_gain":0,"player_choice":"Fight","damage_taken":0,"max_hp_gain":0,"max_hp_loss":0,"event_name":"MindBloom","floor":37,"gold_loss":0},{"damage_healed":0,"gold_gain":0,"player_choice":"Max HP","damage_taken":0,"max_hp_gain":0,"max_hp_loss":4,"event_name":"Winding Halls","floor":38,"gold_loss":0}],"is_beta":false,"boss_relics":[{"not_picked":["SacredBark","Velvet Choker"],"picked":"Runic Cube"},{"not_picked":["Snecko Eye","Runic Dome"],"picked":"Busted Crown"}],"items_purged_floors":[],"is_endless":false,"potions_floor_spawned":[8,14,16,23,31,33,35,36,37,41],"ascension_level":4}}