{"host":"n7mxhpjy89lltbhc","time":1610014468,"event":{"mods":["2.2 Compatiblity","Act Like it!","Bard","BaseMod","Better Match","Better Sensory Stone","Better Synergies","Better Vampires","BetterRewards","Colored Map","Colored Powertips","Downfall","Gensokyo","Hubris","Infinite Spire","Jedi Mod","Marisa????????","Minty Spire (QoL Compilation)","Permanent Neow","Rare Cards Sparkle","Relic Sorter","Relic Stats","Replay The Spire","Shop Mod","Small Relic Pack","Spicy Shops","StSLib","Strawberry Spire","The Blue Laboratory","The Marked","The Servant 0.9.4","Waifu the Spire","Wandering Minibosses"],"gold_per_floor":[112,33,33,46,46,46,74,87,113,131,25,57,57,74,74,148,148,168,168,168,182,57,92,121,121,121,172,219,258,94,136,136,158,158],"floor_reached":33,"playtime":1103,"items_purged":["Defend_S"],"score":629,"play_id":"4d022147-c0c4-4e1f-a5ec-093352f71d9e","local_time":"25640107171428","is_ascension_mode":true,"campfire_choices":[{"data":"Gouge","floor":6,"key":"SMITH"},{"floor":13,"key":"REST"},{"data":"GearUp","floor":15,"key":"SMITH"},{"floor":25,"key":"REST"}],"circlet_count":0,"master_deck":["AscendersBane","Strike_S","Defend_S","Defend_S","Defend_S","KidneyShot","Exchange","Gouge+1","GearUp+1","Ricochet+1","strawberrySpire:AscendersBanana","relicPack:TruthCard","ReplayTheSpireMod:Echoes of Time+1","FastForward","LightFlow","Snipe","Defy","BottledTime","TheWorld","Moondial","BottledTime+1","DoubleEdge+1","Sunlight","Collapse+1","jedi:thedog","Luminosity+1"],"relics":["Uniform","strawberrySpire:MawJerky","Du-Vu Doll","strawberrySpire:KineticCharger","Tiny Chest","Philosopher\u0027s Stone","Lee\u0027s Waffle","Replay:Bandana","strawberrySpire:ShipInABottle","infinitespire:Eraser","Happy Flower","ReplayTheSpireMod:CursedCoin","Chemical X","Orichalcum"],"acts_visited":["Gensokyo:Gensokyo","Gensokyo:Gensokyoer"],"potions_floor_usage":[16,16,33],"damage_taken":[{"damage":10.0,"enemies":"Gensokyo:3_Fairies","floor":1.0,"turns":5.0},{"damage":12.0,"enemies":"Gensokyo:Python","floor":4.0,"turns":5.0},{"damage":26,"enemies":"Gensokyo:Aya","floor":7,"turns":6},{"damage":1,"enemies":"Gensokyo:2_Kodama","floor":8,"turns":4},{"damage":4,"enemies":"Gensokyo:Kitsune","floor":10,"turns":3},{"damage":0,"enemies":"Gensokyo:Mamizou","floor":12,"turns":7},{"damage":0,"enemies":"Gensokyo:3_Kodama","floor":14,"turns":2},{"damage":27,"enemies":"Gensokyo:Kokoro","floor":16,"turns":5},{"damage":21,"enemies":"Gensokyo:AngelMirror","floor":18,"turns":2},{"damage":18,"enemies":"Gensokyo:3_Dogs","floor":21,"turns":5},{"damage":35,"enemies":"Gensokyo:Koishi","floor":23,"turns":5},{"damage":24,"enemies":"Gensokyo:Swordslinger","floor":24,"turns":6},{"damage":0,"enemies":"Gensokyo:Reisen","floor":27,"turns":4},{"damage":0,"enemies":"Gensokyo:3_Gloops","floor":29,"turns":2},{"damage":22,"enemies":"Gensokyo:Koishi","floor":31,"turns":4},{"damage":47,"enemies":"Gensokyo:Kaguya","floor":33,"turns":3}],"seed_played":"38655064420628411","potions_obtained":[{"floor":8,"key":"blueLaboratory:PhilterOfMotion"},{"floor":10,"key":"Adrenaline Potion"},{"floor":14,"key":"Energy Potion"},{"floor":29,"key":"blueLaboratory:NullPotion"},{"floor":31,"key":"Weak Potion"}],"is_trial":false,"path_per_floor":["M","COS","T","M","?","R","E","M","T","M","$","E","R","M","R","B",null,"M","?","AVR","M","?","E","M","R","T","E","T","M","COS","E","R_BF","B"],"character_chosen":"THE_SERVANT","items_purchased":["Snipe","Defy"],"campfire_rested":2,"item_purchase_floors":[11,11],"current_hp_per_floor":[44,44,44,32,32,32,10,9,9,5,5,9,29,29,29,2,52,31,31,75,57,57,26,2,25,25,29,29,29,29,11,37,0,0],"gold":158,"neow_bonus":"RANDOM_COMMON_RELIC","is_daily":false,"chose_seed":false,"campfire_upgraded":2,"win_rate":0.0,"timestamp":1610014468,"path_taken":["M","COS","?","M","?","R","E","M","T","M","$","E","R","M","R","BOSS","M","?","AVR","M","?","E","?","R","T","E","?","M","COS","E","R_BF","BOSS"],"items_purchased_type":["Card","Card"],"build_version":"2020-12-22","purchased_purges":1,"victory":false,"max_hp_per_floor":[60,60,60,60,60,60,64,64,64,64,64,68,68,68,68,68,68,68,68,75,75,75,79,79,79,79,83,83,83,83,87,87,87,87],"relic_stats":{"Lee\u0027s Waffle":44,"Happy Flower":[3],"counters":[16,68],"Tiny Chest":1,"Chemical X":[2],"Orichalcum":[6],"obtain_stats":[{"Lee\u0027s Waffle":20,"Happy Flower":28,"ReplayTheSpireMod:CursedCoin":30,"Uniform":0,"strawberrySpire:ShipInABottle":26,"Orichalcum":31,"Du-Vu Doll":3,"Frozen Eye":23,"Replay:Bandana":23,"strawberrySpire:KineticCharger":9,"strawberrySpire:MawJerky":0,"Tiny Chest":12,"Philosopher\u0027s Stone":17,"Chemical X":30,"OldScarf":7,"infinitespire:Eraser":27},{"Lee\u0027s Waffle":9,"Happy Flower":13,"ReplayTheSpireMod:CursedCoin":14,"Uniform":0,"strawberrySpire:ShipInABottle":12,"Orichalcum":15,"Du-Vu Doll":1,"Frozen Eye":10,"Replay:Bandana":11,"strawberrySpire:KineticCharger":4,"strawberrySpire:MawJerky":0,"Tiny Chest":6,"Philosopher\u0027s Stone":8,"Chemical X":14,"OldScarf":3,"infinitespire:Eraser":13},{"Lee\u0027s Waffle":39,"Happy Flower":59,"ReplayTheSpireMod:CursedCoin":61,"Uniform":0,"strawberrySpire:ShipInABottle":55,"Orichalcum":65,"Du-Vu Doll":5,"Frozen Eye":44,"Replay:Bandana":49,"strawberrySpire:KineticCharger":20,"strawberrySpire:MawJerky":0,"Tiny Chest":30,"Philosopher\u0027s Stone":37,"Chemical X":61,"OldScarf":16,"infinitespire:Eraser":59}]},"card_choices":[{"not_picked":["Snipe","DoubleEdge"],"picked":"Gouge","floor":1.0},{"not_picked":["Gouge","Replace"],"picked":"GearUp","floor":4.0},{"not_picked":["Potential+1","Moondial+1"],"picked":"Ricochet+1","floor":4.0},{"not_picked":["ReplayTheSpireMod:Haul","infinitespire:FutureSight"],"picked":"ReplayTheSpireMod:Echoes of Time","floor":5.0},{"not_picked":["ReturningBlade","Starlight"],"picked":"FastForward","floor":7},{"not_picked":["ShatteredReality","FastForward","Revamp"],"picked":"SKIP","floor":8},{"not_picked":["Deny","TrueSight"],"picked":"LightFlow","floor":10},{"not_picked":["DoubleEdge","Moonlight","ShatteredReality"],"picked":"SKIP","floor":10},{"not_picked":["Unruled","Rewind","Snipe"],"picked":"SKIP","floor":12},{"not_picked":["ShiftingGears","Starlight"],"picked":"BottledTime","floor":14},{"not_picked":["KillingDoll","PendulumOfEternity"],"picked":"TheWorld","floor":16},{"not_picked":["Reset+1","ShatteredReality"],"picked":"Moondial","floor":18},{"not_picked":["Potential","DoubleEdge","FastForward"],"picked":"SKIP","floor":21},{"not_picked":["Alleviate+1","Starlight+1"],"picked":"BottledTime+1","floor":22},{"not_picked":["Revamp+1","FastForward+1"],"picked":"DoubleEdge+1","floor":22},{"not_picked":["FastForward","Replace"],"picked":"Sunlight","floor":23},{"not_picked":["Unruled","FastForward+1","BottledTime"],"picked":"SKIP","floor":24},{"not_picked":["Spin","Rewind+1","Replace"],"picked":"SKIP","floor":27},{"not_picked":["StarChef","DoubleEdge+1"],"picked":"Collapse+1","floor":29},{"not_picked":["ShatteredReality","BottledTime"],"picked":"Luminosity+1","floor":31}],"player_experience":1041029,"relics_obtained":[{"floor":3.0,"key":"Du-Vu Doll"},{"floor":7,"key":"OldScarf"},{"floor":9,"key":"strawberrySpire:KineticCharger"},{"floor":12,"key":"Tiny Chest"},{"floor":23,"key":"Replay:Bandana"},{"floor":26,"key":"strawberrySpire:ShipInABottle"},{"floor":27,"key":"infinitespire:Eraser"},{"floor":28,"key":"Happy Flower"},{"floor":31,"key":"Orichalcum"}],"event_choices":[{"damage_healed":0,"gold_gain":0,"player_choice":"2","damage_taken":0,"max_hp_gain":0,"max_hp_loss":0,"event_name":"betterMatch:BetterMatch","floor":22,"gold_loss":0,"cards_obtained":["betterMatch:CommonCard","betterMatch:CommonCard"]}],"is_beta":false,"boss_relics":[{"not_picked":["Replay:Wanted Poster","Fusion Hammer"],"picked":"Philosopher\u0027s Stone"}],"items_purged_floors":[20],"is_endless":false,"potions_floor_spawned":[8,10,14,29,31],"killed_by":"Gensokyo:Kaguya","ascension_level":17}}