{"host":"wj90f2q0h2omert0","time":1610052291,"event":{"mods":["BaseMod","Beaked The Cultist","Better Third Choice","ChefMod","Clawfect","Colored Map","DeckTracker","Downfall","Hubris","JesterMod","Minty Spire (QoL Compilation)","Relic Stats","Robot Space Explorer","Shade Mod","StSLib","The Blackbeard","The Caster","The Dragon Tamer","The Druid"],"gold_per_floor":[110,110,120,132,132,82,95,95,95,95,55,72,72,174,174,190,190,190,66,66,84,84,84,111,128,145,77,177,177,272,272,288,288,306,306,306,134,150,150,178,178,178,198,198,198],"floor_reached":51,"playtime":3650,"items_purged":["RobotSpaceExplorer:Strike","RobotSpaceExplorer:Strike","RobotSpaceExplorer:Strike"],"score":611,"play_id":"8c13a8c8-6da3-4dd2-87aa-9a98228a65d2","local_time":"20210107154451","is_ascension_mode":false,"campfire_choices":[{"data":"RobotSpaceExplorer:Pulsar","floor":6,"key":"SMITH"},{"floor":15,"key":"REST"},{"data":"RobotSpaceExplorer:MiniDrones","floor":24,"key":"SMITH"},{"data":"RobotSpaceExplorer:PowerGlove","floor":32,"key":"SMITH"},{"data":"RobotSpaceExplorer:Comet","floor":40,"key":"SMITH"},{"floor":46,"key":"REST"},{"floor":49,"key":"REST"}],"circlet_count":0,"master_deck":["RobotSpaceExplorer:Defend","RobotSpaceExplorer:Defend","RobotSpaceExplorer:Defend","RobotSpaceExplorer:Scan","RobotSpaceExplorer:MiniLasers+1","RobotSpaceExplorer:MiniDrones","RobotSpaceExplorer:FranticSearch","RobotSpaceExplorer:Pulsar+1","RobotSpaceExplorer:Fix","RobotSpaceExplorer:ScrapMissile","RobotSpaceExplorer:LuckyStrike","RobotSpaceExplorer:MiniDrones+1","RobotSpaceExplorer:MiniDrones+1","RobotSpaceExplorer:LuckyStrike","RobotSpaceExplorer:FreezeRay+1","RobotSpaceExplorer:PowerGlove+1","RobotSpaceExplorer:Comet+1","RobotSpaceExplorer:StarDust+1","Sadistic Nature","RobotSpaceExplorer:ScrapMissile+1","RobotSpaceExplorer:MiniBoosters","RobotSpaceExplorer:JunkDive+1","Injury","RobotSpaceExplorer:StarDust+1","RobotSpaceExplorer:Fix"],"relics":["RobotSpaceExplorer:RoboCore","hubris:Teleporter","Meat on the Bone","Vajra","Oddly Smooth Stone","PreservedInsect","SlaversCollar","MutagenicStrength","White Beast Statue","Blood Vial","RobotSpaceExplorer:ToughPlating","Shuriken","Cursed Key","Calipers","Juzu Bracelet"],"acts_visited":["Exordium","TheCity","TheBeyond"],"potions_floor_usage":[8,16,28,31,33,33,35,44,50,50,50],"damage_taken":[{"damage":0,"enemies":"Cultist","floor":1,"turns":4},{"damage":0,"enemies":"2 Louse","floor":3,"turns":2},{"damage":0,"enemies":"Jaw Worm","floor":4,"turns":3},{"damage":28,"enemies":"Gremlin Gang","floor":8,"turns":5},{"damage":0,"enemies":"Looter","floor":14,"turns":3},{"damage":30,"enemies":"Hexaghost","floor":16,"turns":10},{"damage":12,"enemies":"Spheric Guardian","floor":18,"turns":6},{"damage":4,"enemies":"Shell Parasite","floor":23,"turns":5},{"damage":0,"enemies":"Centurion and Healer","floor":27,"turns":9},{"damage":2,"enemies":"Snecko","floor":28,"turns":5},{"damage":0,"enemies":"Colosseum Slavers","floor":31,"turns":2},{"damage":0,"enemies":"Colosseum Nobs","floor":31,"turns":2},{"damage":28,"enemies":"Champ","floor":33,"turns":8},{"damage":4,"enemies":"3 Darklings","floor":35,"turns":4},{"damage":1,"enemies":"3 Shapes","floor":37,"turns":3},{"damage":34,"enemies":"Sphere and 2 Shapes","floor":42,"turns":4},{"damage":1,"enemies":"Giant Head","floor":44,"turns":7},{"damage":31,"enemies":"Spire Growth","floor":48,"turns":4},{"damage":9,"enemies":"Donu and Deca","floor":50,"turns":6}],"seed_played":"442965687295220631","potions_obtained":[{"floor":1,"key":"LiquidBronze"},{"floor":4,"key":"SneckoOil"},{"floor":14,"key":"Energy Potion"},{"floor":16,"key":"GamblersBrew"},{"floor":27,"key":"Strength Potion"},{"floor":28,"key":"Weak Potion"},{"floor":31,"key":"Fire Potion"},{"floor":33,"key":"DistilledChaos"},{"floor":35,"key":"Dexterity Potion"},{"floor":37,"key":"Weak Potion"},{"floor":44,"key":"Slimebound:ThreeZeroPotion"}],"is_trial":false,"path_per_floor":["M","?","M","M","R","?","M","T","$","$","?","M","R","B",null,"M","?","?","$","?","M","R","T","T","M","M","$","?","R","B",null,"M","?","M","?","R","$","M","T","E","R","?","M","R","B",null],"character_chosen":"RobotSpaceExplorer","items_purchased":["Vajra","Oddly Smooth Stone","PreservedInsect","RobotSpaceExplorer:MiniDrones","RobotSpaceExplorer:PowerGlove","RobotSpaceExplorer:MiniBoosters"],"campfire_rested":3,"item_purchase_floors":[11,11,11,21,30,41],"current_hp_per_floor":[75,75,75,75,75,75,47,47,12,12,12,28,50,36,75,63,63,63,63,63,63,63,63,63,69,73,73,75,75,49,75,75,75,75,71,71,71,41,41,46,67,67,42,63,62],"gold":198,"neow_bonus":"ONE_RARE_RELIC","is_daily":false,"chose_seed":false,"campfire_upgraded":4,"win_rate":0.0,"timestamp":1610052291,"path_taken":["M","?","M","M","R","?","M","T","?","$","?","?","R","BOSS","M","?","?","$","?","M","R","?","T","M","?","$","?","R","BOSS","M","?","M","?","R","$","M","T","E","R","?","M","R","BOSS"],"items_purchased_type":["Relic","Relic","Relic","Card","Card","Card"],"build_version":"2020-12-22","purchased_purges":3,"victory":true,"max_hp_per_floor":[75,75,75,75,75,75,75,75,75,75,75,75,75,75,75,75,75,75,75,75,75,75,75,75,75,75,75,75,75,75,75,75,75,75,71,71,71,71,71,71,71,71,71,71,71],"relic_stats":{"Blood Vial":12,"counters":[19,92],"Shuriken":[27],"PreservedInsect":162,"Juzu Bracelet":0,"Cursed Key":1,"obtain_stats":[{"hubris:Teleporter":0,"Calipers":43,"Vajra":11,"Oddly Smooth Stone":11,"RobotSpaceExplorer:RoboCore":0,"PreservedInsect":11,"Juzu Bracelet":44,"Cursed Key":34,"White Beast Statue":25,"Blood Vial":26,"SlaversCollar":17,"Shuriken":31,"MutagenicStrength":19,"RobotSpaceExplorer:ToughPlating":31,"Meat on the Bone":9},{"hubris:Teleporter":0,"Calipers":16,"Vajra":4,"Oddly Smooth Stone":4,"RobotSpaceExplorer:RoboCore":0,"PreservedInsect":4,"Juzu Bracelet":17,"Cursed Key":13,"White Beast Statue":8,"Blood Vial":8,"SlaversCollar":6,"Shuriken":12,"MutagenicStrength":7,"RobotSpaceExplorer:ToughPlating":12,"Meat on the Bone":4},{"hubris:Teleporter":0,"Calipers":75,"Vajra":14,"Oddly Smooth Stone":14,"RobotSpaceExplorer:RoboCore":0,"PreservedInsect":14,"Juzu Bracelet":82,"Cursed Key":64,"White Beast Statue":38,"Blood Vial":38,"SlaversCollar":27,"Shuriken":56,"MutagenicStrength":33,"RobotSpaceExplorer:ToughPlating":56,"Meat on the Bone":14}],"Meat on the Bone":24},"card_choices":[{"not_picked":["RobotSpaceExplorer:ShovelStrike","RobotSpaceExplorer:GlueShot"],"picked":"RobotSpaceExplorer:MiniDrones","floor":1},{"not_picked":["RobotSpaceExplorer:ShovelStrike","RobotSpaceExplorer:FrostMissile"],"picked":"RobotSpaceExplorer:FranticSearch","floor":3},{"not_picked":["RobotSpaceExplorer:FranticSearch","RobotSpaceExplorer:MetalStrike"],"picked":"RobotSpaceExplorer:Pulsar","floor":4},{"not_picked":["RobotSpaceExplorer:ScrapToss","RobotSpaceExplorer:FrostMissile"],"picked":"RobotSpaceExplorer:Fix","floor":8},{"not_picked":["RobotSpaceExplorer:Jetpack","RobotSpaceExplorer:MetalStrike"],"picked":"RobotSpaceExplorer:ScrapMissile","floor":14},{"not_picked":["RobotSpaceExplorer:Blaster","RobotSpaceExplorer:Asteroid"],"picked":"RobotSpaceExplorer:Wormhole","floor":16},{"not_picked":["RobotSpaceExplorer:Smokescreen","RobotSpaceExplorer:ShovelStrike"],"picked":"RobotSpaceExplorer:LuckyStrike","floor":18},{"not_picked":["RobotSpaceExplorer:Probe","RobotSpaceExplorer:GlueShot"],"picked":"RobotSpaceExplorer:MiniDrones+1","floor":23},{"not_picked":["RobotSpaceExplorer:SurgingStrike","RobotSpaceExplorer:Discharger"],"picked":"RobotSpaceExplorer:LuckyStrike","floor":27},{"not_picked":["RobotSpaceExplorer:Counterblock","RobotSpaceExplorer:GearShield"],"picked":"RobotSpaceExplorer:FreezeRay+1","floor":28},{"not_picked":["RobotSpaceExplorer:TrailblazerForm","RobotSpaceExplorer:Arsenal"],"picked":"RobotSpaceExplorer:Comet","floor":33},{"not_picked":["RobotSpaceExplorer:MiniDrones","RobotSpaceExplorer:DoubleFind+1"],"picked":"RobotSpaceExplorer:StarDust+1","floor":35},{"not_picked":["Thinking Ahead","expansioncontent:Corrupt"],"picked":"Sadistic Nature","floor":36},{"not_picked":["RobotSpaceExplorer:Ammunition","RobotSpaceExplorer:DualCore"],"picked":"RobotSpaceExplorer:ScrapMissile+1","floor":37},{"not_picked":["RobotSpaceExplorer:LaserBurst","RobotSpaceExplorer:FranticSearch+1"],"picked":"RobotSpaceExplorer:JunkDive+1","floor":42},{"not_picked":["RobotSpaceExplorer:FrostMissile","RobotSpaceExplorer:StarLightning"],"picked":"RobotSpaceExplorer:StarDust+1","floor":44},{"not_picked":["RobotSpaceExplorer:SurgingShield+1","RobotSpaceExplorer:ScrapToss"],"picked":"RobotSpaceExplorer:Fix","floor":48}],"player_experience":682988,"relics_obtained":[{"floor":9,"key":"Meat on the Bone"},{"floor":25,"key":"White Beast Statue"},{"floor":26,"key":"Blood Vial"},{"floor":31,"key":"RobotSpaceExplorer:ToughPlating"},{"floor":31,"key":"Shuriken"},{"floor":43,"key":"Calipers"},{"floor":44,"key":"Juzu Bracelet"}],"event_choices":[{"damage_healed":0,"gold_gain":0,"player_choice":"Grow","damage_taken":0,"max_hp_gain":0,"max_hp_loss":0,"event_name":"Living Wall","floor":2,"gold_loss":0,"cards_upgraded":["RobotSpaceExplorer:MiniLasers"]},{"cards_removed":["Clumsy"],"damage_healed":0,"gold_gain":0,"player_choice":"Card Removal","damage_taken":0,"max_hp_gain":0,"max_hp_loss":0,"event_name":"The Cleric","floor":7,"gold_loss":50},{"damage_healed":0,"gold_gain":0,"player_choice":"Left","damage_taken":0,"max_hp_gain":0,"max_hp_loss":0,"event_name":"betterThird:BetterGoop","floor":13,"gold_loss":40},{"damage_healed":0,"gold_gain":0,"player_choice":"Inject Mutagens","damage_taken":0,"relics_obtained":["MutagenicStrength"],"max_hp_gain":0,"max_hp_loss":0,"event_name":"Drug Dealer","floor":19,"gold_loss":0},{"damage_healed":0,"gold_gain":0,"player_choice":"Ignored","damage_taken":0,"max_hp_gain":0,"max_hp_loss":0,"event_name":"Vampires","floor":22,"gold_loss":0},{"damage_healed":0,"gold_gain":0,"player_choice":"Fight","damage_taken":0,"max_hp_gain":0,"max_hp_loss":0,"event_name":"Colosseum","floor":31,"gold_loss":0},{"damage_healed":0,"gold_gain":0,"player_choice":"Fought Nobs","damage_taken":0,"max_hp_gain":0,"max_hp_loss":0,"event_name":"Colosseum","floor":31,"gold_loss":0},{"damage_healed":0,"gold_gain":0,"player_choice":"Memory 1","damage_taken":0,"max_hp_gain":0,"max_hp_loss":0,"event_name":"SensoryStone","floor":36,"gold_loss":0},{"damage_healed":0,"gold_gain":0,"player_choice":"Max HP","damage_taken":0,"max_hp_gain":0,"max_hp_loss":4,"event_name":"Winding Halls","floor":39,"gold_loss":0},{"cards_removed":["RobotSpaceExplorer:Defend"],"damage_healed":0,"gold_gain":0,"player_choice":"Removed Skill","damage_taken":0,"max_hp_gain":0,"max_hp_loss":0,"event_name":"Falling","floor":47,"gold_loss":0}],"is_beta":false,"boss_relics":[{"not_picked":["Coffee Dripper","hubris:GrandSneckoEye"],"picked":"SlaversCollar"},{"not_picked":["Runic Pyramid","hubris:TerracottaHorce"],"picked":"Cursed Key"}],"items_purged_floors":[11,21,41],"is_endless":false,"potions_floor_spawned":[1,4,14,16,27,28,31,31,33,35,37,42,44,48],"ascension_level":0}}