{"host":"s9dep4x43c14s74h","time":1610048526,"event":{"mods":["BaseMod","Downfall","Gremlin Mod","Hermit","HololiveMod","Jorbs\u0027s Wanderer Trilogy","Lobotomy","Marisa????????","Minty Spire (QoL Compilation)","Replay The Spire","StSLib","The Animator","The Bug Knight","The Construct","The Cursed","The Necromancer","The Runesmith","The Servant 0.9.4"],"gold_per_floor":[99,99,99,199,199,199,199,51,51,70,80,114,39,58,58,70,80,181,181,181,198,198,213,232,157,157,157,7,27,27,37,71,88,103,200,200,200,215,215,230,247,260,306,326,343,363,397,322,340,367,382,382],"floor_reached":53,"playtime":6111,"items_purged":["Guardian:Strike_Guardian+1"],"score":852,"play_id":"35b428f9-42ca-4694-8ae9-a0f83006a908","local_time":"20210107224206","is_ascension_mode":true,"campfire_choices":[{"data":"Guardian:TwinSlam","floor":1.0,"key":"SMITH"},{"data":"Guardian:DonusPower","floor":13.0,"key":"SMITH"},{"data":"Guardian:ArmoredProtocol","floor":15.0,"key":"SMITH"},{"floor":20.0,"key":"RECALL"},{"data":"Guardian:DecasProtection","floor":25.0,"key":"SMITH"},{"data":"Guardian:EvasiveProtocol","floor":27.0,"key":"SMITH"},{"data":"Guardian:FloatingOrbs","floor":30.0,"key":"SMITH"},{"data":"Guardian:StasisEngine","floor":37,"key":"SMITH"},{"data":"Guardian:TimeSifter","floor":48,"key":"SMITH"}],"circlet_count":0,"master_deck":["Guardian:Strike_Guardian+1","Guardian:Strike_Guardian","Guardian:Strike_Guardian","Guardian:Defend_Guardian","Guardian:Defend_Guardian","Guardian:Defend_Guardian","Guardian:Defend_Guardian+1","Guardian:CurlUp","Guardian:TwinSlam+1","Guardian:ArmoredProtocol+1","Regret","Guardian:Recover","Guardian:FloatingOrbs+1","Guardian:DonusPower+1","Guardian:WalkerClaw","Guardian:ShieldCharger","Guardian:SentryBeam","Guardian:DecasProtection+1","Guardian:ChargeCore","Guardian:RevengeProtocol","CurseOfTheBell","Guardian:SpikerProtocol+1","Guardian:EvasiveProtocol+1","Guardian:TemporalStrike+1","Guardian:ChargeCore","Guardian:TemporalShield","Guardian:TimeSifter+1","Guardian:DonusPower+1","Guardian:StasisEngine+1","Guardian:ShieldCharger","Guardian:ExploitGems","Guardian:DecasProtection+1","Guardian:TimeBomb+1"],"relics":["Guardian:ModeShifter","downfall:HeartsMalice","Replay:Ringing Soul","Boot","downfall:HeartBlessingGreen","Calling Bell","Turnip","Runesmith:Nanobots","Ancient Tea Set","downfall:HeartBlessingRed","Bird Faced Urn","Replay:Wax Seal","Coffee Dripper","Juzu Bracelet","Meat on the Bone","downfall:HeartBlessingBlue","Golden Egg"],"acts_visited":["Exordium","TheCity","TheBeyond"],"potions_floor_usage":[46,47,47,47],"damage_taken":[{"damage":0.0,"enemies":"2 Louse","floor":2.0,"turns":1.0},{"damage":0.0,"enemies":"Jaw Worm","floor":7.0,"turns":1.0},{"damage":0.0,"enemies":"downfall:FleeingMerchant","floor":8.0,"turns":1.0},{"damage":4.0,"enemies":"Cultist","floor":10.0,"turns":5.0},{"damage":11.0,"enemies":"Exordium Thugs","floor":11.0,"turns":5.0},{"damage":23.0,"enemies":"3 Sentries","floor":12.0,"turns":7.0},{"damage":13.0,"enemies":"Lots of Slimes","floor":14.0,"turns":4.0},{"damage":4.0,"enemies":"Gremlin Gang","floor":16.0,"turns":4.0},{"damage":10.0,"enemies":"Exordium Thugs","floor":17.0,"turns":5.0},{"damage":4.0,"enemies":"downfall:Ironclad","floor":18.0,"turns":10.0},{"damage":10.0,"enemies":"Shell Parasite","floor":21.0,"turns":5.0},{"damage":14.0,"enemies":"Spheric Guardian","floor":23.0,"turns":5.0},{"damage":28.0,"enemies":"Centurion and Healer","floor":24.0,"turns":6.0},{"damage":4.0,"enemies":"3 Cultists","floor":29.0,"turns":5.0},{"damage":6.0,"enemies":"Snake Plant","floor":31.0,"turns":4.0},{"damage":30.0,"enemies":"Gremlin Leader","floor":32.0,"turns":5.0},{"damage":17.0,"enemies":"Centurion and Healer","floor":33.0,"turns":4.0},{"damage":13.0,"enemies":"Chosen and Byrds","floor":34.0,"turns":4.0},{"damage":18,"enemies":"downfall:Watcher","floor":35,"turns":8},{"damage":13,"enemies":"3 Darklings","floor":38,"turns":5},{"damage":18,"enemies":"Orb Walker","floor":40,"turns":5},{"damage":23,"enemies":"Transient","floor":41,"turns":5},{"damage":13,"enemies":"Jaw Worm Horde","floor":42,"turns":5},{"damage":25,"enemies":"3 Darklings","floor":44,"turns":6},{"damage":36,"enemies":"Sphere and 2 Shapes","floor":45,"turns":6},{"damage":41,"enemies":"Transient","floor":46,"turns":5},{"damage":19,"enemies":"Nemesis","floor":47,"turns":6},{"damage":22,"enemies":"Jaw Worm Horde","floor":49,"turns":5},{"damage":12,"enemies":"R_Hoarder","floor":50,"turns":7},{"damage":25,"enemies":"Maw","floor":51,"turns":7},{"damage":35,"enemies":"downfall:Silent","floor":52,"turns":11}],"seed_played":"7474763994194202947","potions_obtained":[{"floor":10.0,"key":"GamblersBrew"},{"floor":16.0,"key":"Milkshake"},{"floor":18.0,"key":"Fire Potion"},{"floor":21.0,"key":"sneckomod:MuddlingPotion"},{"floor":31.0,"key":"Weak Potion"},{"floor":33.0,"key":"CultistPotion"},{"floor":35,"key":"Strength Potion"},{"floor":44,"key":"hexamod:EctoCoolerPotion"},{"floor":45,"key":"Energy Potion"},{"floor":46,"key":"Weak Potion"},{"floor":50,"key":"Reflective Coating"},{"floor":51,"key":"Slimebound:ThreeZeroPotion"}],"is_trial":false,"path_per_floor":["R","M","?","?","PTL","PTL","M","$","T","M","M","E","R","M","R","M","M","B",null,"R","M","?","M","M","R","T","R","?","M","R","M","E","M","M","B",null,"R","M","?","M","M","M","T","M","M","M","E","R","M","E","M","B",null],"character_chosen":"GUARDIAN","items_purchased":["Guardian:FloatingOrbs"],"campfire_rested":0,"item_purchase_floors":[8],"current_hp_per_floor":[80,80,80,80,80,80,80,80,80,79,71,51,51,41,41,40,33,32,104,104,97,97,86,61,61,61,61,123,125,125,126,103,95,95,94,138,138,140,140,136,129,135,135,129,110,86,86,96,91,106,99,94],"gold":382,"neow_bonus":"THREE_ENEMY_KILL","is_daily":false,"chose_seed":false,"campfire_upgraded":8,"win_rate":0.0,"timestamp":1610048526,"path_taken":["R","M","?","?","PTL","PTL","M","$","T","M","M","E","R","M","R","?","M","BOSS","R","M","?","M","?","R","T","R","?","M","R","?","E","M","M","BOSS","R","M","?","M","M","M","T","M","M","M","E","R","M","E","M","BOSS"],"items_purchased_type":["Card"],"build_version":"2020-12-22","purchased_purges":1,"victory":true,"max_hp_per_floor":[80,80,80,80,80,80,80,80,80,83,86,89,89,92,92,95,98,101,104,104,107,107,110,113,113,113,113,123,126,126,126,129,132,135,138,138,138,141,141,144,144,147,147,150,153,156,159,169,172,175,175,175],"card_choices":[{"not_picked":["Guardian:Gem_Red","Guardian:GuardianWhirl"],"picked":"Guardian:ArmoredProtocol","floor":2.0},{"not_picked":["Guardian:Incinerate","Guardian:TemporalStrike"],"picked":"Guardian:Recover","floor":7.0},{"not_picked":["Guardian:ChargeCore","Guardian:TemporalShield"],"picked":"Guardian:Gem_Synthetic","floor":8.0},{"not_picked":["Guardian:WalkerClaw","Guardian:Suspension"],"picked":"Guardian:DonusPower","floor":10.0},{"not_picked":["Guardian:CrystalBeam","Guardian:Reroute"],"picked":"Guardian:WalkerClaw","floor":11.0},{"not_picked":["Guardian:ConstructionForm","Guardian:CrystalBeam"],"picked":"Guardian:ShieldCharger","floor":12.0},{"not_picked":["Guardian:Repulse","Guardian:ChargeCore"],"picked":"Guardian:SentryBeam","floor":14.0},{"not_picked":["Guardian:Planning","Guardian:Gem_Green"],"picked":"Guardian:DecasProtection","floor":16.0},{"not_picked":["Guardian:Gem_Red","Guardian:Clone"],"picked":"Guardian:ChargeCore","floor":17.0},{"not_picked":["Guardian:Gem_Orange","Guardian:StasisStrike"],"picked":"Guardian:RevengeProtocol","floor":18.0},{"not_picked":["Guardian:Gem_Green","Guardian:FloatingOrbs"],"picked":"Guardian:SpikerProtocol+1","floor":21.0},{"not_picked":["Guardian:Gem_Fragmented","Guardian:ChargeUp+1"],"picked":"Guardian:EvasiveProtocol","floor":23.0},{"not_picked":["Guardian:CrystalBeam","Guardian:Emergency+1"],"picked":"Guardian:TemporalStrike+1","floor":24.0},{"not_picked":["Guardian:SpikerProtocol+1","Guardian:TimeSifter"],"picked":"Guardian:ChargeCore","floor":29.0},{"not_picked":["Guardian:PiercingHide","Guardian:CrystalBeam","Guardian:Gem_Cyan"],"picked":"SKIP","floor":31.0},{"not_picked":["Guardian:CrystalBeam","Guardian:PiercingHide"],"picked":"Guardian:TemporalShield","floor":32.0},{"not_picked":["Guardian:Reroute","Guardian:Emergency+1"],"picked":"Guardian:TimeSifter","floor":33.0},{"not_picked":["Guardian:CrystalBeam","Guardian:Suspension"],"picked":"Guardian:DonusPower+1","floor":34.0},{"not_picked":["Guardian:StasisField","Guardian:HyperBeam_Guardian"],"picked":"Guardian:StasisEngine","floor":35},{"not_picked":["Guardian:Gem_Yellow","Guardian:Reroute+1"],"picked":"Guardian:ShieldCharger","floor":38},{"not_picked":["Guardian:TemporalStrike","Guardian:Gem_Crimson"],"picked":"Guardian:Gem_Fragmented","floor":40},{"not_picked":["Guardian:RollAttack+1","Guardian:Suspension","Guardian:Gem_Cyan"],"picked":"SKIP","floor":41},{"not_picked":["Guardian:TemporalStrike","Guardian:Planning+1"],"picked":"Guardian:Gem_White","floor":42},{"not_picked":["Guardian:PolyBeam","Guardian:Emergency+1"],"picked":"Guardian:ExploitGems","floor":44},{"not_picked":["Guardian:RollAttack+1","Guardian:TemporalShield"],"picked":"Guardian:Gem_Lightblue","floor":45},{"not_picked":["Guardian:Recover","Guardian:Emergency+1"],"picked":"Guardian:Gem_Lightblue","floor":46},{"not_picked":["Guardian:Suspension+1","Guardian:Preprogram+1"],"picked":"Guardian:Gem_Yellow","floor":47},{"not_picked":["Guardian:Gem_Purple","Guardian:PrimingBeam+1"],"picked":"Guardian:DecasProtection+1","floor":49},{"not_picked":["Guardian:Gem_Lightblue","Guardian:VentSteam+1"],"picked":"Guardian:TimeBomb+1","floor":50},{"not_picked":["Guardian:Planning+1","Guardian:Gem_Blue","Guardian:RefractedBeam+1"],"picked":"SKIP","floor":51}],"player_experience":837239,"relics_obtained":[{"floor":9.0,"key":"Replay:Ringing Soul"},{"floor":12.0,"key":"Boot"},{"floor":19.0,"key":"Turnip"},{"floor":19.0,"key":"Runesmith:Nanobots"},{"floor":19.0,"key":"Ancient Tea Set"},{"floor":26.0,"key":"Bird Faced Urn"},{"floor":32.0,"key":"Replay:Wax Seal"},{"floor":43,"key":"Juzu Bracelet"},{"floor":47,"key":"Meat on the Bone"},{"floor":50,"key":"Golden Egg"}],"event_choices":[],"is_beta":false,"boss_relics":[{"not_picked":["Tiny House","Hololive_ChaosS"],"picked":"Calling Bell"},{"not_picked":["Snecko Eye","Honey Jar"],"picked":"Coffee Dripper"}],"items_purged_floors":[8],"is_endless":false,"potions_floor_spawned":[10,16,18,21,31,33,35,44,45,46,50,51],"ascension_level":3}}