{"host":"9vecvdjkx64cw9bo","time":1610017097,"event":{"mods":["Ascension Unlocker","BaseMod","Custom Start","Keyboard Shortcuts","Minty Spire (QoL Compilation)","Quick Restart","StSLib","SuperFastMode"],"gold_per_floor":[110,110,128,128,140,152,164,176,236,315,327,366,303,320,320,320,320],"floor_reached":16,"playtime":268,"items_purged":["Strike_B"],"score":196,"play_id":"436a9063-4697-4395-bd49-14b86e942d50","local_time":"20210107195817","is_ascension_mode":true,"campfire_choices":[{"data":"Chaos","floor":6,"key":"SMITH"},{"data":"Zap","floor":8,"key":"SMITH"},{"data":"Dualcast","floor":11,"key":"SMITH"},{"data":"Coolheaded","floor":15,"key":"SMITH"}],"circlet_count":0,"master_deck":["AscendersBane","Strike_B","Defend_B","Defend_B","Defend_B","Defend_B","Zap+1","Dualcast+1","Chaos+1","Coolheaded+1","Hologram","Skim"],"relics":["Cracked Core","MawBank","SsserpentHead","Nunchaku","Potion Belt"],"acts_visited":["Exordium"],"potions_floor_usage":[12],"damage_taken":[{"damage":2,"enemies":"2 Louse","floor":1,"turns":2},{"damage":2,"enemies":"Jaw Worm","floor":3,"turns":4},{"damage":0,"enemies":"Cultist","floor":10,"turns":3},{"damage":18,"enemies":"Lagavulin","floor":12,"turns":7},{"damage":19,"enemies":"Exordium Thugs","floor":14,"turns":5},{"damage":11,"enemies":"Hexaghost","floor":16,"turns":8}],"seed_played":"4111986304384344287","potions_obtained":[{"floor":10,"key":"SkillPotion"},{"floor":12,"key":"SpeedPotion"}],"is_trial":false,"path_per_floor":["M","?","M","?","?","R","$","R","T","M","R","E","$","M","R","B"],"character_chosen":"DEFECT","items_purchased":[],"campfire_rested":0,"item_purchase_floors":[],"current_hp_per_floor":[62,55,53,48,48,48,48,48,48,48,48,30,30,11,11,0,0],"gold":320,"neow_bonus":"TRANSFORM_CARD","is_daily":false,"chose_seed":false,"campfire_upgraded":4,"win_rate":0.0,"timestamp":1610017097,"path_taken":["M","?","M","?","?","R","$","R","T","?","R","E","$","M","R","BOSS"],"items_purchased_type":[],"build_version":"2020-12-22","purchased_purges":1,"victory":false,"max_hp_per_floor":[71,71,71,71,71,71,71,71,71,71,71,71,71,71,71,71,71],"card_choices":[{"not_picked":["Redo","Cold Snap"],"picked":"Coolheaded","floor":1},{"not_picked":["Thunder Strike","Force Field","Beam Cell"],"picked":"SKIP","floor":3},{"not_picked":["Storm","Reinforced Body","Rip and Tear"],"picked":"SKIP","floor":10},{"not_picked":["Rebound","Cold Snap"],"picked":"Hologram","floor":12},{"not_picked":["Streamline","Stack"],"picked":"Skim","floor":14}],"player_experience":781453,"relics_obtained":[{"floor":9,"key":"Nunchaku"},{"floor":12,"key":"Potion Belt"}],"event_choices":[{"cards_removed":["Strike_B"],"damage_healed":0,"gold_gain":0,"player_choice":"Card Removal","damage_taken":7,"max_hp_gain":0,"max_hp_loss":0,"event_name":"Golden Wing","floor":2,"gold_loss":0},{"damage_healed":0,"gold_gain":0,"player_choice":"Success","damage_taken":5,"relics_obtained":["MawBank"],"max_hp_gain":0,"max_hp_loss":0,"event_name":"Scrap Ooze","floor":4,"gold_loss":0},{"damage_healed":0,"gold_gain":0,"player_choice":"Trade","damage_taken":0,"relics_obtained":["SsserpentHead"],"max_hp_gain":0,"max_hp_loss":0,"event_name":"FaceTrader","floor":5,"gold_loss":0}],"is_beta":false,"boss_relics":[],"items_purged_floors":[13],"is_endless":false,"potions_floor_spawned":[10,12],"killed_by":"Hexaghost","ascension_level":20}}