{"host":"j61pjxqytd94o6ng","time":1610052542,"event":{"mods":["BaseMod","Bestiary","Colored Map","Colored Powertips","Curses Come First","Minty Spire (QoL Compilation)","StSLib"],"gold_per_floor":[114,114,125,142,217,217,21,40,40,56,56,88,107,107,107,184,184,198,214,232,264,282,282,317,339,416,341,362,402,402,424,424,510,510,524,549,439,27,27,67,67,67,121,141,170,197,197,217,217,217,217],"floor_reached":50,"playtime":2675,"items_purged":[],"score":1038,"play_id":"ad41d29b-07b8-45ed-91ea-259975235d2b","local_time":"20210107134902","is_ascension_mode":true,"campfire_choices":[{"data":"Cloak And Dagger","floor":6.0,"key":"SMITH"},{"data":"Adrenaline","floor":11.0,"key":"SMITH"},{"data":"Blade Dance","floor":15,"key":"SMITH"},{"data":"Malaise","floor":23,"key":"SMITH"},{"floor":30,"key":"REST"},{"floor":32,"key":"REST"},{"floor":42,"key":"REST"},{"floor":47,"key":"REST"},{"floor":49,"key":"REST"}],"circlet_count":0,"master_deck":["AscendersBane","Survivor","Neutralize","All Out Attack","Well Laid Plans","Cloak And Dagger+1","Accuracy","PiercingWail","Sucker Punch","Adrenaline+1","Blade Dance+1","Accuracy+1","Malaise+1","Night Terror","Dagger Throw","PiercingWail","Phantasmal Killer","Caltrops","Corpse Explosion","Quick Slash","Acrobatics","Concentrate","Underhanded Strike+1","After Image+1","Crippling Poison","Calculated Gamble","Tactician","Heel Hook","Burst","Underhanded Strike+1","Backstab","Distraction+1","Parasite","Leg Sweep"],"relics":["Ring of the Snake","NeowsBlessing","HandDrill","TungstenRod","Ninja Scroll","Pandora\u0027s Box","Red Mask","CeramicFish","Bottled Lightning","Nunchaku","Runic Pyramid","Medical Kit","Bottled Tornado","InkBottle","Dead Branch","Gambling Chip","Boot"],"acts_visited":["Exordium","TheCity","TheBeyond"],"potions_floor_usage":[12,16,28,28,40,50],"damage_taken":[{"damage":0.0,"enemies":"Jaw Worm","floor":1.0,"turns":1.0},{"damage":0.0,"enemies":"Cultist","floor":3.0,"turns":1.0},{"damage":0.0,"enemies":"Small Slimes","floor":4.0,"turns":1.0},{"damage":7.0,"enemies":"Exordium Thugs","floor":8.0,"turns":6.0},{"damage":2.0,"enemies":"Looter","floor":10.0,"turns":4.0},{"damage":3,"enemies":"Lagavulin","floor":12,"turns":5},{"damage":0,"enemies":"3 Louse","floor":13,"turns":1},{"damage":14,"enemies":"The Guardian","floor":16,"turns":10},{"damage":4,"enemies":"2 Thieves","floor":18,"turns":3},{"damage":0,"enemies":"Spheric Guardian","floor":19,"turns":1},{"damage":8,"enemies":"Snecko","floor":20,"turns":3},{"damage":11,"enemies":"Masked Bandits","floor":21,"turns":3},{"damage":0,"enemies":"Snake Plant","floor":22,"turns":3},{"damage":31,"enemies":"Book of Stabbing","floor":24,"turns":6},{"damage":0,"enemies":"3 Cultists","floor":25,"turns":2},{"damage":6,"enemies":"Centurion and Healer","floor":28,"turns":4},{"damage":0,"enemies":"Slavers","floor":29,"turns":1},{"damage":0,"enemies":"Snecko","floor":31,"turns":4},{"damage":0,"enemies":"Champ","floor":33,"turns":11},{"damage":0,"enemies":"3 Darklings","floor":35,"turns":2},{"damage":7,"enemies":"3 Shapes","floor":36,"turns":7},{"damage":53,"enemies":"Nemesis","floor":40,"turns":9},{"damage":0,"enemies":"3 Darklings","floor":44,"turns":1},{"damage":0,"enemies":"Transient","floor":45,"turns":5},{"damage":0,"enemies":"Writhing Mass","floor":46,"turns":7},{"damage":0,"enemies":"Jaw Worm Horde","floor":48,"turns":1},{"damage":136,"enemies":"Time Eater","floor":50,"turns":13}],"seed_played":"4855659364793652861","potions_obtained":[{"floor":4.0,"key":"Ancient Potion"},{"floor":10.0,"key":"ColorlessPotion"},{"floor":12,"key":"Regen Potion"},{"floor":18,"key":"Fruit Juice"},{"floor":25,"key":"AttackPotion"},{"floor":29,"key":"GamblersBrew"},{"floor":33,"key":"Poison Potion"},{"floor":44,"key":"FairyPotion"},{"floor":46,"key":"Regen Potion"}],"is_trial":false,"path_per_floor":["M","?","M","M","?","R","$","M","T","M","R","E","M","?","R","B",null,"M","M","M","?","M","R","E","M","T","?","M","E","R","M","R","B",null,"M","M","?","$","T","E","?","R","T","M","M","M","R","M","R","B"],"character_chosen":"THE_SILENT","items_purchased":["HandDrill","PiercingWail","Medical Kit","Bottled Tornado"],"campfire_rested":5,"item_purchase_floors":[7,7,38,38],"current_hp_per_floor":[59,59,59,59,48,48,48,41,41,39,39,36,36,36,36,37,59,55,55,47,36,36,36,5,5,5,5,4,4,25,25,46,46,65,65,58,58,58,58,5,5,26,26,26,26,26,47,47,68,0,0],"gold":217,"neow_bonus":"THREE_ENEMY_KILL","is_daily":false,"chose_seed":false,"campfire_upgraded":4,"win_rate":0.0,"timestamp":1610052542,"path_taken":["M","?","?","M","?","R","?","M","T","M","R","E","M","?","R","BOSS","M","M","M","?","M","R","E","M","T","?","M","E","R","M","R","BOSS","M","M","?","$","?","E","?","R","T","M","M","M","R","?","R","BOSS"],"items_purchased_type":["Relic","Card","Relic","Relic"],"build_version":"2020-12-22","purchased_purges":0,"victory":false,"max_hp_per_floor":[66,66,66,66,66,66,66,66,66,66,66,66,66,66,66,66,66,66,66,66,66,66,66,66,66,66,66,71,71,71,71,71,71,71,71,71,71,71,71,71,71,71,71,71,71,71,71,71,71,71,71],"card_choices":[{"not_picked":["Sucker Punch","Flying Knee"],"picked":"All Out Attack","floor":1.0},{"not_picked":["Infinite Blades","Tactician"],"picked":"Cloak And Dagger","floor":3.0},{"not_picked":["Heel Hook","Quick Slash"],"picked":"Accuracy","floor":4.0},{"not_picked":["Choke","Underhanded Strike"],"picked":"Sucker Punch","floor":8.0},{"not_picked":["Flying Knee","Backflip"],"picked":"Adrenaline","floor":10.0},{"not_picked":["Sucker Punch","Backflip"],"picked":"Blade Dance","floor":12},{"not_picked":["Reflex","Choke"],"picked":"Accuracy","floor":13},{"not_picked":["Unload","Bullet Time"],"picked":"Malaise","floor":16},{"not_picked":["Quick Slash","Setup","Endless Agony"],"picked":"SKIP","floor":18},{"not_picked":["Slice","Deflect"],"picked":"Acrobatics","floor":19},{"not_picked":["Riddle With Holes","Distraction","Dagger Spray"],"picked":"SKIP","floor":20},{"not_picked":["Outmaneuver","Poisoned Stab"],"picked":"Concentrate","floor":21},{"not_picked":["Riddle With Holes","Deflect"],"picked":"Underhanded Strike+1","floor":22},{"not_picked":["Cloak And Dagger","Choke"],"picked":"After Image","floor":24},{"not_picked":["Dagger Spray","Sucker Punch"],"picked":"Crippling Poison","floor":25},{"not_picked":["Flying Knee","Outmaneuver"],"picked":"Calculated Gamble","floor":28},{"not_picked":["Deadly Poison","Prepared"],"picked":"Tactician","floor":29},{"not_picked":["Dagger Throw","Sucker Punch"],"picked":"Heel Hook","floor":31},{"not_picked":["Wraith Form v2","Glass Knife"],"picked":"Burst","floor":33},{"not_picked":["Dagger Throw","Quick Slash+1","Backstab"],"picked":"SKIP","floor":35},{"not_picked":["Acrobatics","Dodge and Roll+1"],"picked":"Underhanded Strike+1","floor":36},{"not_picked":["Backflip","Slice"],"picked":"Backstab","floor":40},{"not_picked":["Dash","Sucker Punch","Bane+1"],"picked":"SKIP","floor":44},{"not_picked":["Finisher","PiercingWail"],"picked":"Distraction+1","floor":45},{"not_picked":["Bane","Underhanded Strike+1","Cloak And Dagger"],"picked":"SKIP","floor":46},{"not_picked":["Flying Knee","Quick Slash"],"picked":"Leg Sweep","floor":48}],"player_experience":490647,"relics_obtained":[{"floor":9.0,"key":"TungstenRod"},{"floor":12,"key":"Ninja Scroll"},{"floor":21,"key":"Red Mask"},{"floor":24,"key":"CeramicFish"},{"floor":26,"key":"Bottled Lightning"},{"floor":29,"key":"Nunchaku"},{"floor":39,"key":"InkBottle"},{"floor":40,"key":"Dead Branch"},{"floor":41,"key":"Gambling Chip"},{"floor":43,"key":"Boot"}],"event_choices":[{"damage_healed":0.0,"max_hp_gain":0.0,"max_hp_loss":0.0,"gold_gain":0.0,"cards_transformed":["Strike_G"],"event_name":"Transmorgrifier","player_choice":"Transformed","floor":2.0,"gold_loss":0.0,"damage_taken":0.0,"cards_obtained":["Well Laid Plans"]},{"damage_healed":0.0,"max_hp_gain":0.0,"max_hp_loss":0.0,"gold_gain":75.0,"event_name":"World of Goop","player_choice":"Gather Gold","floor":5.0,"gold_loss":0.0,"damage_taken":11.0},{"damage_healed":0,"gold_gain":0,"player_choice":"Forge","damage_taken":0,"max_hp_gain":0,"max_hp_loss":0,"event_name":"Accursed Blacksmith","floor":14,"gold_loss":0,"cards_upgraded":["Accuracy"]},{"damage_healed":0,"gold_gain":0,"player_choice":"Fought Bandits","damage_taken":0,"max_hp_gain":0,"max_hp_loss":0,"event_name":"Masked Bandits","floor":21,"gold_loss":0},{"cards_removed":["Predator"],"damage_healed":0,"gold_gain":0,"player_choice":"Gave Gold","damage_taken":0,"max_hp_gain":0,"max_hp_loss":0,"event_name":"Beggar","floor":27,"gold_loss":75},{"cards_removed":["Dagger Throw"],"damage_healed":0,"gold_gain":0,"player_choice":"Upgrade and Remove","damage_taken":0,"max_hp_gain":0,"max_hp_loss":0,"event_name":"Designer","floor":37,"gold_loss":110,"cards_upgraded":["After Image"]},{"damage_healed":0,"gold_gain":0,"player_choice":"Relic","damage_taken":0,"max_hp_gain":0,"max_hp_loss":0,"event_name":"Wheel of Change","floor":41,"gold_loss":0}],"is_beta":false,"boss_relics":[{"not_picked":["Empty Cage","Cursed Key"],"picked":"Pandora\u0027s Box"},{"not_picked":["Sozu","SlaversCollar"],"picked":"Runic Pyramid"}],"items_purged_floors":[],"is_endless":false,"potions_floor_spawned":[4,10,12,13,18,24,25,29,33,44,45,46],"killed_by":"Time Eater","ascension_level":15}}