{"host":"0u21swshytqr30ym","time":1610037281,"event":{"mods":["2.2 Compatiblity","Act Like it!","BaseMod","Better Third Choice","ChefMod","Colored Map","Conspire","Hallownest","Hermit","Minty Spire (QoL Compilation)","Rare Cards Sparkle","StSLib","The Bug Knight","The Spell Scribe","Wandering Minibosses"],"gold_per_floor":[118,130,405,178,189,189,203,153,153,184,184,184,199,224,224,224,224],"floor_reached":16,"playtime":1030,"items_purged":["Regret"],"score":110,"play_id":"fea9c026-342e-4863-a36e-e513256b2e23","local_time":"20210107143441","is_ascension_mode":false,"campfire_choices":[{"data":"theScribe:Thunder","floor":6,"key":"SMITH"},{"data":"theScribe:StarterModifier","floor":11,"key":"SMITH"},{"data":"theScribe:Thunder","floor":15,"key":"SMITH"}],"circlet_count":0,"master_deck":["theScribe:StarterAttack","theScribe:StarterAttack","theScribe:LightningStrike","theScribe:LightningStrike","theScribe:StarterDefend","theScribe:StarterDefend","theScribe:IcyDefend","theScribe:IcyDefend","theScribe:StarterModifier+1","theScribe:ScrollOfScrying","theScribe:Thunder+1","theScribe:EnchantedStrike","theScribe:InscribeDeath","theScribe:EnchantedStrike","theScribe:EnchantedStrike+1","theScribe:Thunder+1","theScribe:FocusingBlow"],"relics":["theScribe:StarterRelic1","NeowsBlessing","The Courier","PreservedInsect","Bag of Preparation"],"acts_visited":["Exordium"],"potions_floor_usage":[10,16,16],"damage_taken":[{"damage":0,"enemies":"Jaw Worm","floor":1,"turns":1},{"damage":0,"enemies":"Cultist","floor":2,"turns":1},{"damage":0,"enemies":"Small Slimes","floor":5,"turns":2},{"damage":0,"enemies":"3 Louse","floor":7,"turns":1},{"damage":17,"enemies":"Lagavulin","floor":10,"turns":7},{"damage":0,"enemies":"Gremlin Gang","floor":13,"turns":1},{"damage":14,"enemies":"HollowMod:MossKnight","floor":14,"turns":8},{"damage":72,"enemies":"The Guardian","floor":16,"turns":12}],"seed_played":"1867777026636028615","potions_obtained":[{"floor":1,"key":"LiquidMemories"},{"floor":2,"key":"Strength Potion"},{"floor":13,"key":"Explosive Potion"}],"is_trial":false,"path_per_floor":["M","M","?","$","M","R","M","?","T","E","R","?","M","E","R","B"],"character_chosen":"THE_SCRIBE","items_purchased":["FairyPotion","theScribe:EnchantedStrike"],"campfire_rested":0,"item_purchase_floors":[4,4],"current_hp_per_floor":[75,75,75,75,75,75,75,75,75,58,58,58,58,44,44,0,0],"gold":224,"neow_bonus":"THREE_ENEMY_KILL","is_daily":false,"chose_seed":false,"campfire_upgraded":3,"win_rate":0.0,"timestamp":1610037281,"path_taken":["M","M","?","$","M","R","?","?","T","E","R","?","?","E","R","BOSS"],"items_purchased_type":["Potion","Card"],"build_version":"2020-12-22","purchased_purges":1,"victory":false,"max_hp_per_floor":[75,75,75,75,75,75,75,75,75,75,75,75,75,75,75,75,75],"card_choices":[{"not_picked":["theScribe:Clarity","theScribe:BluntWeapons"],"picked":"theScribe:ScrollOfScrying","floor":1},{"not_picked":["theScribe:QuickStudy","theScribe:ArcaneBarrier"],"picked":"theScribe:Thunder","floor":2},{"not_picked":["theScribe:TelumSpellstone","theScribe:IcicleBlast"],"picked":"theScribe:InscribeDeath","floor":5},{"not_picked":["theScribe:ScrollOfScrying","theScribe:ArcaneBarrier"],"picked":"theScribe:EnchantedStrike","floor":7},{"not_picked":["theScribe:WeirdToxin","theScribe:FrostvenomToxin"],"picked":"theScribe:EnchantedStrike","floor":10},{"not_picked":["theScribe:WeirdToxin","theScribe:TelumSpellstone"],"picked":"theScribe:Thunder","floor":13},{"not_picked":["theScribe:ThrownScroll","theScribe:FalseLife"],"picked":"theScribe:FocusingBlow","floor":14}],"player_experience":350934,"relics_obtained":[{"floor":9,"key":"The Courier"},{"floor":10,"key":"PreservedInsect"},{"floor":14,"key":"Bag of Preparation"}],"event_choices":[{"damage_healed":0,"gold_gain":275,"player_choice":"Desecrate","damage_taken":0,"max_hp_gain":0,"max_hp_loss":0,"event_name":"Golden Shrine","floor":3,"gold_loss":0,"cards_obtained":["Regret"]},{"cards_removed":["theScribe:StarterDefend"],"damage_healed":0,"gold_gain":0,"player_choice":"Card Removal","damage_taken":0,"max_hp_gain":0,"max_hp_loss":0,"event_name":"The Cleric","floor":8,"gold_loss":50},{"damage_healed":0,"gold_gain":0,"player_choice":"Upgraded","damage_taken":0,"max_hp_gain":0,"max_hp_loss":0,"event_name":"Upgrade Shrine","floor":12,"gold_loss":0,"cards_upgraded":["theScribe:EnchantedStrike"]}],"is_beta":false,"boss_relics":[],"items_purged_floors":[4],"is_endless":false,"potions_floor_spawned":[1,2,13],"killed_by":"The Guardian","ascension_level":0}}