{"host":"nqsrckqog5ia9mbo","time":1610055401,"event":{"mods":["AchievementEnabler","BaseMod","Colored Map","Hermit","Highlight Path","Minty Spire (QoL Compilation)","StSLib"],"gold_per_floor":[109,126,140,154,171,200,200,219,289,289,339,339,415,415,415,517,517,548,563,575,595,615,615,615,615,615,615,646,681,681,596,596,695,695,712,743,153,168,179,99,114,146,146,146,46,46,77,100,100,100],"floor_reached":51,"playtime":4900,"items_purged":["hermit:Strike_Hermit","hermit:Strike_Hermit","hermit:Defend_Hermit"],"score":679,"play_id":"c631cad5-fcdc-4f34-801b-f9fc25b2de2f","local_time":"20210107223641","is_ascension_mode":false,"campfire_choices":[{"data":"hermit:Snapshot","floor":7,"key":"SMITH"},{"data":"hermit:DeadOrAlive","floor":10,"key":"SMITH"},{"data":"hermit:Manifest","floor":12,"key":"SMITH"},{"floor":15,"key":"REST"},{"data":"hermit:Malice","floor":23,"key":"SMITH"},{"floor":25,"key":"REST"},{"data":"hermit:Vantage","floor":30,"key":"SMITH"},{"data":"hermit:GhostlyPresence","floor":32,"key":"SMITH"},{"data":"hermit:Combo","floor":46,"key":"SMITH"},{"floor":49,"key":"REST"}],"circlet_count":0,"master_deck":["hermit:Defend_Hermit","hermit:Defend_Hermit","hermit:Defend_Hermit","hermit:Snapshot+1","hermit:Covet","hermit:GoldenBullet","hermit:GoldenBullet","hermit:ItchyTrigger","hermit:Manifest+1","hermit:DeadOrAlive+1","hermit:Malice+1","hermit:GhostlyPresence+1","hermit:FromBeyond","hermit:Glare+1","hermit:Snipe","hermit:CalledShot","hermit:Reprieve","hermit:Quickdraw","hermit:Vantage+1","hermit:Gambit","CurseOfTheBell","hermit:Determination","hermit:Combo+1","hermit:Misfire+1","hermit:Vantage+1"],"relics":["hermit:Momento","Vajra","Gremlin Horn","hermit:RyeStalk","Torii","Busted Crown","White Beast Statue","MealTicket","Blood Vial","Calling Bell","Ancient Tea Set","The Courier","Dead Branch","Oddly Smooth Stone","Potion Belt","Darkstone Periapt","Boot","Bottled Flame","Frozen Egg 2"],"acts_visited":["Exordium","TheCity","TheBeyond"],"potions_floor_usage":[16,16,16,22,29,33,33,41,41,47,47,47,47,47],"damage_taken":[{"damage":1,"enemies":"Cultist","floor":1,"turns":4},{"damage":2,"enemies":"2 Louse","floor":2,"turns":3},{"damage":3,"enemies":"Jaw Worm","floor":3,"turns":4},{"damage":0,"enemies":"Looter","floor":4,"turns":3},{"damage":6,"enemies":"3 Louse","floor":5,"turns":3},{"damage":23,"enemies":"Lagavulin","floor":6,"turns":8},{"damage":2,"enemies":"Blue Slaver","floor":8,"turns":2},{"damage":0,"enemies":"Gremlin Nob","floor":13,"turns":2},{"damage":25,"enemies":"The Guardian","floor":16,"turns":10},{"damage":0,"enemies":"3 Byrds","floor":18,"turns":3},{"damage":0,"enemies":"Spheric Guardian","floor":19,"turns":3},{"damage":1,"enemies":"Cultist and Chosen","floor":20,"turns":4},{"damage":26,"enemies":"Centurion and Healer","floor":21,"turns":5},{"damage":0,"enemies":"Snake Plant","floor":22,"turns":2},{"damage":0,"enemies":"Cultist and Chosen","floor":28,"turns":3},{"damage":15,"enemies":"Book of Stabbing","floor":29,"turns":6},{"damage":56,"enemies":"Collector","floor":33,"turns":12},{"damage":32,"enemies":"3 Darklings","floor":35,"turns":2},{"damage":0,"enemies":"Orb Walker","floor":36,"turns":2},{"damage":0,"enemies":"Sphere and 2 Shapes","floor":38,"turns":2},{"damage":3,"enemies":"Maw","floor":39,"turns":7},{"damage":14,"enemies":"Writhing Mass","floor":41,"turns":7},{"damage":3,"enemies":"Nemesis","floor":42,"turns":7},{"damage":70,"enemies":"Reptomancer","floor":47,"turns":10},{"damage":42,"enemies":"Time Eater","floor":50,"turns":10}],"seed_played":"9038653287604566700","potions_obtained":[{"floor":1,"key":"DistilledChaos"},{"floor":3,"key":"Regen Potion"},{"floor":5,"key":"ColorlessPotion"},{"floor":19,"key":"Weak Potion"},{"floor":21,"key":"DistilledChaos"},{"floor":22,"key":"Ancient Potion"},{"floor":28,"key":"Block Potion"},{"floor":29,"key":"hermit:BlackBile"},{"floor":33,"key":"SteroidPotion"},{"floor":35,"key":"Weak Potion"},{"floor":36,"key":"hermit:Tonic"},{"floor":38,"key":"Swift Potion"},{"floor":41,"key":"Weak Potion"},{"floor":42,"key":"Regen Potion"},{"floor":47,"key":"FearPotion"}],"is_trial":false,"path_per_floor":["M","M","M","M","M","E","R","M","T","R","?","R","?","?","R","B",null,"M","M","M","M","M","R","?","R","T","?","M","E","R","?","R","B",null,"M","M","$","M","M","$","M","E","T","?","$","R","E","T","R","B",null],"character_chosen":"HERMIT","items_purchased":["Oddly Smooth Stone","Potion Belt","hermit:Combo","Darkstone Periapt","BlessingOfTheForge"],"campfire_rested":3,"item_purchase_floors":[37,37,37,37,37],"current_hp_per_floor":[81,79,76,76,70,47,47,45,45,45,45,45,45,33,57,47,82,82,82,81,55,55,55,55,79,79,79,79,64,64,64,64,10,82,54,56,71,73,76,82,68,75,75,75,78,78,23,23,46,6],"gold":100,"neow_bonus":"TEN_PERCENT_HP_BONUS","is_daily":false,"chose_seed":false,"campfire_upgraded":7,"win_rate":0.0,"timestamp":1610055401,"path_taken":["M","?","M","M","M","E","R","M","T","R","?","R","?","?","R","BOSS","M","M","M","M","M","R","?","R","T","?","M","E","R","?","R","BOSS","M","M","$","M","M","$","M","E","T","?","$","R","E","?","R","BOSS"],"items_purchased_type":["Relic","Relic","Card","Relic","Potion"],"build_version":"2020-12-22","purchased_purges":3,"victory":true,"max_hp_per_floor":[82,82,82,82,82,82,82,82,82,82,82,82,82,82,82,82,82,82,82,82,82,82,82,82,82,82,82,82,82,82,82,82,82,82,82,82,82,82,82,82,82,82,82,78,78,78,78,78,78,78],"card_choices":[{"not_picked":["hermit:CalledShot","hermit:Misfire"],"picked":"hermit:GoldenBullet","floor":1},{"not_picked":["hermit:Brawl","hermit:HighCaliber"],"picked":"hermit:GoldenBullet","floor":2},{"not_picked":["hermit:CalledShot","hermit:Desperado"],"picked":"hermit:ItchyTrigger","floor":3},{"not_picked":["hermit:Showdown","hermit:Quickdraw"],"picked":"hermit:Manifest","floor":4},{"not_picked":["hermit:CalledShot","hermit:SprayPray","hermit:WideOpen"],"picked":"SKIP","floor":5},{"not_picked":["hermit:LoneWolf","hermit:Gestalt"],"picked":"hermit:DeadOrAlive","floor":6},{"not_picked":["hermit:Glare","hermit:NoHoldsBarred"],"picked":"hermit:Malice","floor":8},{"not_picked":["hermit:Feint","hermit:WideOpen"],"picked":"hermit:GhostlyPresence","floor":13},{"not_picked":["hermit:Magnum","hermit:DeadOrAlive"],"picked":"hermit:FromBeyond","floor":16},{"not_picked":[],"picked":"hermit:Glare+1","floor":18},{"not_picked":[],"picked":"hermit:Snipe","floor":19},{"not_picked":["hermit:Shortfuse"],"picked":"SKIP","floor":20},{"not_picked":[],"picked":"hermit:CalledShot","floor":21},{"not_picked":["hermit:WideOpen"],"picked":"SKIP","floor":22},{"not_picked":[],"picked":"hermit:Vantage","floor":28},{"not_picked":["hermit:Brawl"],"picked":"SKIP","floor":29},{"not_picked":[],"picked":"hermit:Gambit","floor":33},{"not_picked":[],"picked":"hermit:Determination","floor":35},{"not_picked":["hermit:BodyArmor"],"picked":"SKIP","floor":36},{"not_picked":[],"picked":"hermit:Misfire+1","floor":38},{"not_picked":["hermit:HoleUp+1"],"picked":"SKIP","floor":39},{"not_picked":[],"picked":"hermit:Vantage+1","floor":41},{"not_picked":["hermit:Dive"],"picked":"SKIP","floor":42},{"not_picked":["hermit:Malice"],"picked":"SKIP","floor":47}],"player_experience":165693,"relics_obtained":[{"floor":6,"key":"Vajra"},{"floor":9,"key":"Gremlin Horn"},{"floor":13,"key":"hermit:RyeStalk"},{"floor":26,"key":"White Beast Statue"},{"floor":29,"key":"MealTicket"},{"floor":34,"key":"Ancient Tea Set"},{"floor":34,"key":"The Courier"},{"floor":34,"key":"Dead Branch"},{"floor":42,"key":"Boot"},{"floor":43,"key":"Bottled Flame"},{"floor":47,"key":"Frozen Egg 2"}],"event_choices":[{"damage_healed":0,"gold_gain":50,"player_choice":"Gained Gold","damage_taken":0,"max_hp_gain":0,"max_hp_loss":0,"event_name":"Golden Wing","floor":11,"gold_loss":0},{"damage_healed":0,"gold_gain":0,"player_choice":"Searched \u00271\u0027 times","damage_taken":0,"max_hp_gain":0,"max_hp_loss":0,"event_name":"Dead Adventurer","floor":13,"gold_loss":0},{"damage_healed":0,"gold_gain":0,"player_choice":"Success","damage_taken":12,"relics_obtained":["Torii"],"max_hp_gain":0,"max_hp_loss":0,"event_name":"Scrap Ooze","floor":14,"gold_loss":0},{"damage_healed":0,"gold_gain":0,"player_choice":"Ignored","damage_taken":0,"max_hp_gain":0,"max_hp_loss":0,"event_name":"Ghosts","floor":24,"gold_loss":0},{"damage_healed":0,"gold_gain":0,"cards_transformed":["hermit:Strike_Hermit","hermit:Strike_Hermit"],"player_choice":"Became Test Subject","damage_taken":0,"max_hp_gain":0,"max_hp_loss":0,"event_name":"Drug Dealer","floor":27,"gold_loss":0,"cards_obtained":["hermit:Reprieve","hermit:Quickdraw"]},{"damage_healed":0,"gold_gain":0,"player_choice":"Obtained Relic","damage_taken":0,"relics_obtained":["Blood Vial"],"max_hp_gain":0,"max_hp_loss":0,"event_name":"Addict","floor":31,"gold_loss":85},{"damage_healed":0,"gold_gain":0,"player_choice":"Max HP","damage_taken":0,"max_hp_gain":0,"max_hp_loss":4,"event_name":"Winding Halls","floor":44,"gold_loss":0}],"is_beta":false,"boss_relics":[{"not_picked":["Ectoplasm","Runic Pyramid"],"picked":"Busted Crown"},{"not_picked":["SlaversCollar","hermit:DentedPlate"],"picked":"Calling Bell"}],"items_purged_floors":[37,40,45],"is_endless":false,"potions_floor_spawned":[1,3,5,19,21,22,28,29,33,35,36,38,39,41,42,47],"ascension_level":0}}