{"host":"fjaupvxe7fzqrf4j","time":1610008150,"event":{"mods":["ATMod(°¢èªMod)","BaseMod","Minty Spire (QoL Compilation)","StSLib"],"gold_per_floor":[116,116,116,116,116,151,184,213,213,238,271,303,303,314,314,393,393,410,64,64,264,284,311,337,372,372,407,439,467,496,523,523,600,600,617,617,507,523,171,196,196,228,228,263,263,288,288,320,320,320,320,320,320,109,139,139],"floor_reached":57,"playtime":1343,"items_purged":["Acrobatics","Prepared"],"score":4719,"play_id":"7fd0c231-e58b-449d-be20-55401960eebd","local_time":"20210107162910","daily_mods":["SealedDeck","Heirloom","Time Dilation","Flight","Elite Swarm"],"is_ascension_mode":true,"campfire_choices":[{"data":"Expertise","floor":13.0,"key":"SMITH"},{"data":"Prepared","floor":15.0,"key":"SMITH"},{"data":"Tactician","floor":32.0,"key":"SMITH"},{"data":"Reflex","floor":45,"key":"SMITH"},{"data":"Grand Finale","floor":47,"key":"SMITH"},{"floor":49,"key":"RECALL"},{"data":"AT_Desolate","floor":53,"key":"SMITH"}],"circlet_count":0,"master_deck":["AscendersBane","AT_Desolate+1","AT_WindFlip+1","Backflip+1","Concentrate+1","Prepared+1","Acrobatics+1","Expertise+1","After Image","Tactician+1","AT_KingSlayer+1","Adrenaline+1","Reflex+1","Grand Finale+1","Escape Plan"],"relics":["Ring of the Snake","AT_ATBox","Du-Vu Doll","AT_ImmortalShieldbow","Mummified Hand","Blue Candle","AT_SpeedBoots","Gambling Chip","Sundial","Vajra","HoveringKite","AT_SilvercatRing","Pocketwatch","Letter Opener","AT_Manta","Matryoshka","AT_RedNoBalance","AT_DeathDance","Eternal Feather","Centennial Puzzle","Boot","Runic Pyramid","War Paint","Art of War","MealTicket","Dream Catcher","Happy Flower","AT_GuinsooRageblade","The Specimen","ClockworkSouvenir","AT_BellowingDragoncrestRing"],"acts_visited":["Exordium","TheCity","TheBeyond","TheEnding"],"potions_floor_usage":[56,56],"damage_taken":[{"damage":0.0,"enemies":"Cultist","floor":1.0,"turns":1.0},{"damage":0.0,"enemies":"3 Sentries","floor":6.0,"turns":1.0},{"damage":0.0,"enemies":"Gremlin Nob","floor":7.0,"turns":1.0},{"damage":0.0,"enemies":"Lagavulin","floor":8.0,"turns":1.0},{"damage":0.0,"enemies":"3 Sentries","floor":10.0,"turns":2.0},{"damage":0.0,"enemies":"Gremlin Nob","floor":11.0,"turns":1.0},{"damage":0.0,"enemies":"Lagavulin","floor":12.0,"turns":1.0},{"damage":0.0,"enemies":"Jaw Worm","floor":14.0,"turns":1.0},{"damage":0.0,"enemies":"The Guardian","floor":16.0,"turns":1.0},{"damage":0.0,"enemies":"3 Byrds","floor":18.0,"turns":2.0},{"damage":0.0,"enemies":"Spheric Guardian","floor":22.0,"turns":1.0},{"damage":0.0,"enemies":"Book of Stabbing","floor":23.0,"turns":1.0},{"damage":0.0,"enemies":"Slavers","floor":24.0,"turns":1.0},{"damage":0.0,"enemies":"Book of Stabbing","floor":25.0,"turns":1.0},{"damage":0.0,"enemies":"Slavers","floor":27.0,"turns":1.0},{"damage":0.0,"enemies":"Book of Stabbing","floor":28.0,"turns":1.0},{"damage":0.0,"enemies":"Slavers","floor":29.0,"turns":1.0},{"damage":0.0,"enemies":"Gremlin Leader","floor":30.0,"turns":1.0},{"damage":0.0,"enemies":"Collector","floor":33.0,"turns":1.0},{"damage":0.0,"enemies":"Orb Walker","floor":35.0,"turns":1.0},{"damage":0.0,"enemies":"3 Darklings","floor":38.0,"turns":1.0},{"damage":0,"enemies":"Nemesis","floor":40,"turns":1},{"damage":0,"enemies":"Reptomancer","floor":42,"turns":1},{"damage":0,"enemies":"Giant Head","floor":44,"turns":1},{"damage":0,"enemies":"Reptomancer","floor":46,"turns":1},{"damage":0,"enemies":"Nemesis","floor":48,"turns":1},{"damage":0,"enemies":"Awakened One","floor":50,"turns":2},{"damage":0,"enemies":"Time Eater","floor":51,"turns":1},{"damage":0,"enemies":"Shield and Spear","floor":55,"turns":1},{"damage":0,"enemies":"The Heart","floor":56,"turns":4}],"seed_played":"-7946633620852866700","potions_obtained":[{"floor":7.0,"key":"FearPotion"},{"floor":8.0,"key":"SteroidPotion"},{"floor":11.0,"key":"DuplicationPotion"},{"floor":33.0,"key":"SkillPotion"}],"is_trial":true,"path_per_floor":["M","$","?","$","?","E","E","E","T","E","E","E","R","M","R","B",null,"M","$","?","?","M","E","E","E","T","E","E","E","E","T","R","B",null,"M","?","?","M","$","E","$","E","T","E","R","E","R","E","R","B","B",null,"R","$","E","B",null],"character_chosen":"THE_SILENT","items_purchased":["AT_SilvercatRing","Reflex","War Paint","ClockworkSouvenir","Escape Plan"],"campfire_rested":0,"item_purchase_floors":[19,39,39,54,54],"current_hp_per_floor":[59,59,59,59,64,64,64,64,64,64,64,64,64,64,64,64,69,69,69,69,69,69,69,69,69,69,69,35,35,35,35,41,35,62,35,35,35,35,35,35,35,35,35,35,41,41,47,47,53,53,53,64,67,67,67,67],"gold":139,"neow_bonus":"","is_daily":false,"chose_seed":false,"campfire_upgraded":6,"win_rate":0.0,"timestamp":1610008150,"path_taken":["M","?","?","?","?","E","E","E","T","E","E","E","R","?","R","BOSS","M","$","?","?","?","E","E","E","T","E","E","E","E","?","R","BOSS","M","?","?","?","$","E","$","E","T","E","R","E","R","E","R","BOSS","BOSS","R","$","E","BOSS"],"items_purchased_type":["Relic","Card","Relic","Relic","Card"],"build_version":"2020-12-22","purchased_purges":2,"victory":true,"max_hp_per_floor":[66,66,66,66,71,71,71,71,71,71,71,71,71,71,71,71,71,71,71,71,71,71,71,71,71,71,71,71,71,71,71,71,71,71,71,67,67,67,67,67,67,67,67,67,67,67,67,67,67,67,67,67,67,67,67,67],"card_choices":[{"not_picked":["Backflip","Slice","Outmaneuver"],"picked":"SKIP","floor":1.0},{"not_picked":["Tools of the Trade","Corpse Explosion"],"picked":"After Image","floor":6.0},{"not_picked":["Venomology","AT_MyraUnstableElement","Burst"],"picked":"SKIP","floor":7.0},{"not_picked":["AT_KingSlayer","Envenom","Unload"],"picked":"SKIP","floor":8.0},{"not_picked":["Burst","Glass Knife","AT_KingSlayer"],"picked":"SKIP","floor":10.0},{"not_picked":["Phantasmal Killer","Wraith Form v2","Unload"],"picked":"SKIP","floor":11.0},{"not_picked":["Venomology","Doppelganger","Envenom"],"picked":"SKIP","floor":12.0},{"not_picked":["Cloak And Dagger","Bouncing Flask","Backstab"],"picked":"SKIP","floor":14.0},{"not_picked":["Outmaneuver+1","Backstab","Dagger Spray+1"],"picked":"SKIP","floor":18.0},{"not_picked":["Infinite Blades","Masterful Stab","Blade Dance"],"picked":"SKIP","floor":22.0},{"not_picked":["Night Terror","AT_EssenceShift","A Thousand Cuts"],"picked":"SKIP","floor":23.0},{"not_picked":["Malaise","Adrenaline"],"picked":"AT_KingSlayer","floor":24.0},{"not_picked":["Malaise","Venomology","Corpse Explosion"],"picked":"SKIP","floor":25.0},{"not_picked":["Corpse Explosion","Bullet Time","Phantasmal Killer"],"picked":"SKIP","floor":27.0},{"not_picked":["After Image","Wraith Form v2","A Thousand Cuts"],"picked":"SKIP","floor":28.0},{"not_picked":["AT_EssenceShift","Die Die Die"],"picked":"Adrenaline","floor":29.0},{"not_picked":["Malaise","Venomology","After Image"],"picked":"SKIP","floor":30.0},{"not_picked":["Heel Hook","Deadly Poison+1","Poisoned Stab"],"picked":"SKIP","floor":35.0},{"not_picked":["Cloak And Dagger","PiercingWail+1","Bane+1"],"picked":"SKIP","floor":38.0},{"not_picked":["After Image","AT_EssenceShift","Adrenaline"],"picked":"SKIP","floor":40},{"not_picked":["Malaise","Bullet Time","Wraith Form v2"],"picked":"SKIP","floor":42},{"not_picked":["Envenom","Glass Knife","Storm of Steel"],"picked":"SKIP","floor":44},{"not_picked":["Bullet Time","Phantasmal Killer"],"picked":"Grand Finale","floor":46},{"not_picked":["Tools of the Trade","Wraith Form v2","AT_EssenceShift"],"picked":"SKIP","floor":48},{"not_picked":["Doppelganger","Die Die Die","Venomology"],"picked":"SKIP","floor":55}],"player_experience":356638,"relics_obtained":[{"floor":6.0,"key":"AT_ImmortalShieldbow"},{"floor":7.0,"key":"Mummified Hand"},{"floor":8.0,"key":"Blue Candle"},{"floor":9.0,"key":"AT_SpeedBoots"},{"floor":10.0,"key":"Gambling Chip"},{"floor":11.0,"key":"Sundial"},{"floor":12.0,"key":"Vajra"},{"floor":23.0,"key":"Pocketwatch"},{"floor":24.0,"key":"Letter Opener"},{"floor":25.0,"key":"AT_Manta"},{"floor":26.0,"key":"Matryoshka"},{"floor":27.0,"key":"AT_SilverBalance"},{"floor":28.0,"key":"AT_DeathDance"},{"floor":29.0,"key":"Eternal Feather"},{"floor":30.0,"key":"Centennial Puzzle"},{"floor":31.0,"key":"Boot"},{"floor":40,"key":"Art of War"},{"floor":43,"key":"MealTicket"},{"floor":43,"key":"Dream Catcher"},{"floor":44,"key":"Happy Flower"},{"floor":46,"key":"AT_GuinsooRageblade"},{"floor":48,"key":"The Specimen"},{"floor":55,"key":"AT_BellowingDragoncrestRing"}],"event_choices":[{"damage_healed":0.0,"max_hp_gain":0.0,"max_hp_loss":0.0,"gold_gain":0.0,"event_name":"Living Wall","player_choice":"Grow","floor":3.0,"gold_loss":0.0,"damage_taken":0.0,"cards_upgraded":["Concentrate"]},{"damage_healed":0.0,"max_hp_gain":5.0,"max_hp_loss":0.0,"gold_gain":0.0,"event_name":"Big Fish","player_choice":"Donut","floor":5.0,"gold_loss":0.0,"damage_taken":0.0},{"damage_healed":0.0,"max_hp_gain":0.0,"max_hp_loss":0.0,"gold_gain":0.0,"event_name":"The Library","player_choice":"Read","floor":20.0,"gold_loss":0.0,"damage_taken":0.0,"cards_obtained":["Tactician"]},{"damage_healed":0.0,"max_hp_gain":0.0,"max_hp_loss":0.0,"gold_gain":250.0,"event_name":"The Joust","player_choice":"Bet on Owner","floor":21.0,"gold_loss":50.0,"damage_taken":0.0},{"damage_healed":0.0,"max_hp_gain":0.0,"max_hp_loss":4.0,"gold_gain":0.0,"event_name":"Winding Halls","player_choice":"Max HP","floor":36.0,"gold_loss":0.0,"damage_taken":0.0},{"cards_removed":["Underhanded Strike"],"damage_healed":0.0,"max_hp_gain":0.0,"max_hp_loss":0.0,"gold_gain":0.0,"event_name":"Designer","player_choice":"Upgrade and Remove","floor":37.0,"gold_loss":110.0,"damage_taken":0.0,"cards_upgraded":["AT_WindFlip"]}],"is_beta":false,"boss_relics":[{"not_picked":["Runic Dome","Cursed Key"],"picked":"HoveringKite"},{"not_picked":["Fusion Hammer","Coffee Dripper"],"picked":"Runic Pyramid"}],"items_purged_floors":[19,39],"is_endless":false,"potions_floor_spawned":[7,8,11,16,18,24,30,33,38,42,44,48],"ascension_level":20}}