{"host":"56ghxnzsglgdq727","time":1610023673,"event":{"mods":["AchievementEnabler","BaseMod","Downfall","Minty Spire (QoL Compilation)","StSLib"],"gold_per_floor":[99,99,199,299,58,83,108,108,25,475,650,650,236,269,284,383,383,308,324,324,342,358,384,384,384,309,326,346,61,61,88,103,103,103,103],"floor_reached":33,"playtime":1245,"items_purged":["champ:Taunt","Doubt","Slimebound:Icky"],"score":378,"play_id":"65c275e9-4044-4fa9-aa87-3b188626a81f","local_time":"20210107074753","is_ascension_mode":true,"campfire_choices":[{"data":"champ:Execute","floor":1,"key":"SMITH"},{"data":"champ:DefensiveStyle","floor":12,"key":"SMITH"},{"data":"champ:ShieldWall","floor":18,"key":"SMITH"},{"data":"champ:TornadoPunch","floor":26,"key":"SMITH"},{"floor":30,"key":"RECALL"}],"circlet_count":0,"master_deck":["champ:Strike","champ:Strike","champ:Strike","champ:Strike","champ:Defend","champ:Defend","champ:Defend","champ:Defend","champ:Execute+1","champ:ShieldWall+1","champ:DefensiveShout","champ:TornadoPunch+1","champ:ShieldWall","expansioncontent:PolyBeam","champ:TornadoPunch","champ:DefensiveStyle+1","Slimebound:Icky","Slimebound:Icky","champ:FocusedDefense","champ:LastStand","champ:DefensiveShout","champ:DefensiveShout+1"],"relics":["champ:ChampionCrown","downfall:HeartsMalice","CloakClasp","Darkstone Periapt","Bag of Preparation","Du-Vu Doll","Thread and Needle","Ginger","Black Star","downfall:HeartBlessingGreen","White Beast Statue","Pear","downfall:HeartBlessingBlue","Omamori","WingedGreaves","Shuriken"],"acts_visited":["Exordium","TheCity"],"potions_floor_usage":[9,16,23,23,31,32,33,33],"damage_taken":[{"damage":0,"enemies":"Jaw Worm","floor":2,"turns":1},{"damage":0,"enemies":"Jaw Worm","floor":4,"turns":1},{"damage":0,"enemies":"downfall:FleeingMerchant","floor":5,"turns":1},{"damage":31,"enemies":"Gremlin Nob","floor":6,"turns":5},{"damage":4,"enemies":"downfall:FleeingMerchant","floor":9,"turns":4},{"damage":7,"enemies":"downfall:FleeingMerchant","floor":13,"turns":4},{"damage":7,"enemies":"Lagavulin","floor":14,"turns":5},{"damage":0,"enemies":"2 Louse","floor":15,"turns":2},{"damage":32,"enemies":"downfall:Defect","floor":16,"turns":7},{"damage":6,"enemies":"3 Byrds","floor":19,"turns":5},{"damage":2,"enemies":"Cultist and Chosen","floor":21,"turns":6},{"damage":1,"enemies":"3 Cultists","floor":22,"turns":4},{"damage":9,"enemies":"Book of Stabbing","floor":23,"turns":6},{"damage":19,"enemies":"Sentry and Sphere","floor":27,"turns":7},{"damage":0,"enemies":"Snecko","floor":28,"turns":4},{"damage":8,"enemies":"downfall:FleeingMerchant","floor":29,"turns":4},{"damage":61,"enemies":"Gremlin Leader","floor":31,"turns":12},{"damage":8,"enemies":"Chosen and Byrds","floor":32,"turns":5},{"damage":23,"enemies":"downfall:Silent","floor":33,"turns":6}],"seed_played":"-5719789504826655796","potions_obtained":[{"floor":4,"key":"BlessingOfTheForge"},{"floor":6,"key":"champ:UltimateStancePotion"},{"floor":14,"key":"PowerPotion"},{"floor":16,"key":"Dexterity Potion"},{"floor":21,"key":"sneckomod:MuddlingPotion"},{"floor":27,"key":"Guardian:BlockOnCardUsePotion"},{"floor":28,"key":"Ancient Potion"},{"floor":29,"key":"AttackPotion"},{"floor":31,"key":"LiquidMemories"},{"floor":32,"key":"GamblersBrew"}],"is_trial":false,"path_per_floor":["R","M","?","?","$","E","T","?","$","?","?","R","$","E","M","B",null,"R","M","?","M","M","E","T","?","R","M","M","$","R","E","M","B"],"character_chosen":"THE_CHAMP","items_purchased":["champ:ShieldWall","expansioncontent:PolyBeam","champ:DefensiveStyle","Thread and Needle","Omamori"],"campfire_rested":0,"item_purchase_floors":[5,5,9,13,29],"current_hp_per_floor":[90,90,90,90,90,59,59,47,43,61,67,67,60,53,53,21,114,114,108,108,106,105,106,106,106,116,97,97,89,89,28,20,0,0,0],"gold":103,"neow_bonus":"THREE_ENEMY_KILL","is_daily":false,"chose_seed":false,"campfire_upgraded":4,"win_rate":0.0,"timestamp":1610023673,"path_taken":["R","M","?","?","$","E","T","?","?","?","?","R","$","E","M","BOSS","R","M","?","?","M","E","T","?","R","M","M","$","R","E","M","BOSS"],"items_purchased_type":["Card","Card","Card","Relic","Relic"],"build_version":"2020-12-22","purchased_purges":3,"victory":false,"max_hp_per_floor":[90,90,90,90,90,90,90,90,90,108,114,114,114,114,114,114,114,114,114,114,114,114,124,124,124,134,134,134,134,134,134,134,134,134,134],"card_choices":[{"not_picked":["champ:GladiatorsShout","champ:CalledShot"],"picked":"champ:ShieldWall","floor":2},{"not_picked":["champ:BladeFlurry","champ:Control"],"picked":"champ:DefensiveShout","floor":4},{"not_picked":["champ:FightOn","champ:FocusedGladiator"],"picked":"champ:TornadoPunch","floor":5},{"not_picked":["champ:FocusedGladiator","champ:DancingMaster","champ:Encircle"],"picked":"SKIP","floor":6},{"not_picked":["champ:HeartStrike","champ:EndlessRage"],"picked":"champ:TornadoPunch","floor":9},{"not_picked":["champ:PreciseThrust","champ:StanceDance","champ:FalseCounter"],"picked":"SKIP","floor":13},{"not_picked":["champ:FanOfKnives","champ:GladiatorsShout"],"picked":"champ:FocusedDefense","floor":14},{"not_picked":["champ:Backstep","champ:Circumvent","champ:StanceDance"],"picked":"SKIP","floor":15},{"not_picked":["champ:DancingMaster","champ:SteelEdge"],"picked":"champ:LastStand","floor":16},{"not_picked":["champ:FanOfKnives+1","champ:Control"],"picked":"champ:DefensiveShout","floor":19},{"not_picked":["champ:GladiatorsShout","champ:CrookedStrike","champ:FightOn"],"picked":"SKIP","floor":21},{"not_picked":["champ:Aggression","champ:Circumvent","champ:FocusedBerserking+1"],"picked":"SKIP","floor":22},{"not_picked":["champ:FightOn","champ:FanOfKnives"],"picked":"champ:DefensiveShout+1","floor":23},{"not_picked":["champ:StanceDance+1","champ:ViciousMockery","champ:RapidStrikes+1"],"picked":"SKIP","floor":27},{"not_picked":["champ:CrookedStrike","champ:TornadoPunch","champ:GladiatorsShout"],"picked":"SKIP","floor":28},{"not_picked":["champ:RageSigil+1","champ:FocusedGladiator","champ:CalledShot"],"picked":"SKIP","floor":29},{"not_picked":["champ:PerfectedStrike+1","champ:TornadoPunch","champ:Haymaker+1"],"picked":"SKIP","floor":31},{"not_picked":["champ:AdrenalArmor","champ:DefensiveShout","champ:EnragedBash"],"picked":"SKIP","floor":32}],"player_experience":180271,"relics_obtained":[{"floor":4,"key":"CloakClasp"},{"floor":6,"key":"Darkstone Periapt"},{"floor":7,"key":"Bag of Preparation"},{"floor":14,"key":"Ginger"},{"floor":23,"key":"White Beast Statue"},{"floor":23,"key":"Pear"},{"floor":31,"key":"WingedGreaves"},{"floor":31,"key":"Shuriken"}],"event_choices":[{"damage_healed":0,"gold_gain":0,"player_choice":"Success","damage_taken":12,"relics_obtained":["Du-Vu Doll"],"max_hp_gain":0,"max_hp_loss":0,"event_name":"Scrap Ooze","floor":8,"gold_loss":0},{"damage_healed":0,"gold_gain":0,"player_choice":"Leave","damage_taken":0,"max_hp_gain":0,"max_hp_loss":0,"event_name":"FaceTrader","floor":20,"gold_loss":0}],"is_beta":false,"boss_relics":[{"not_picked":["Tiny House","Snecko Eye"],"picked":"Black Star"}],"items_purged_floors":[5,13,29],"is_endless":false,"potions_floor_spawned":[4,6,14,16,21,27,28,29,31,32],"killed_by":"downfall:Silent","ascension_level":1}}