{"host":"g7trc0x2teqyd8ye","time":1610059985,"event":{"mods":["BaseMod","Key Reminder","Minty Spire (QoL Compilation)","Relic Stats"],"gold_per_floor":[15,15,28,43,55,55,84,84,84,119,119,149,149,165,165,260,260,272,272,288,288,307,337,337,363,411,423,338,365,135,150,150,254,254,269,280,30,45,45,45,80,95,95,95,6,6,6,41,41,41],"floor_reached":51,"playtime":3347,"items_purged":["Strike_B+1"],"score":1123,"play_id":"5d1602aa-b35b-4738-92b9-fb81c26c5e09","local_time":"20210107235305","is_ascension_mode":true,"campfire_choices":[{"data":"Fission","floor":6.0,"key":"SMITH"},{"data":"Self Repair","floor":8.0,"key":"SMITH"},{"data":"Thunder Strike","floor":15.0,"key":"SMITH"},{"data":"Seek","floor":24,"key":"SMITH"},{"data":"Fusion","floor":32,"key":"SMITH"},{"data":"Meteor Strike","floor":40,"key":"SMITH"},{"data":"Rainbow","floor":44,"key":"SMITH"},{"data":"Redo","floor":46,"key":"SMITH"},{"data":"Echo Form","floor":49,"key":"SMITH"}],"circlet_count":0,"master_deck":["AscendersBane","Defend_B+1","Defend_B+1","Defend_B+1","Defend_B+1","Zap","Dualcast","Fission+1","Redo+1","Echo Form","Self Repair+1","Conserve Battery","Glacier+1","Stack+1","Thunder Strike+1","Sweeping Beam","Streamline","Rainbow+1","Ball Lightning+1","Seek+1","Hologram+1","Echo Form+1","Reprogram+1","Fusion+1","Beam Cell","Meteor Strike+1","Rebound+1","Conserve Battery+1","Reinforced Body","Tempest+1","Barrage+1","Blizzard+1","Madness","Madness","Thunder Strike+1"],"relics":["Cracked Core","Potion Belt","Strawberry","Pantograph","Vajra","Eternal Feather","Nuclear Battery","Smiling Mask","War Paint","keyreminder:keyreminder","Lantern","MawBank","Kunai","Empty Cage","Molten Egg 2","Juzu Bracelet","Bottled Tornado","Darkstone Periapt"],"acts_visited":["Exordium","TheCity","TheBeyond"],"potions_floor_usage":[18,23,31,31,33,33,33,42,50,50,50,50,50,50,50,50],"damage_taken":[{"damage":3.0,"enemies":"Jaw Worm","floor":1.0,"turns":6.0},{"damage":0.0,"enemies":"Small Slimes","floor":3.0,"turns":3.0},{"damage":15.0,"enemies":"2 Louse","floor":4.0,"turns":4.0},{"damage":9.0,"enemies":"Red Slaver","floor":5.0,"turns":4.0},{"damage":15.0,"enemies":"Lagavulin","floor":7.0,"turns":10.0},{"damage":7.0,"enemies":"3 Sentries","floor":10.0,"turns":12.0},{"damage":16.0,"enemies":"Lagavulin","floor":12.0,"turns":9.0},{"damage":10.0,"enemies":"2 Fungi Beasts","floor":14.0,"turns":5.0},{"damage":16.0,"enemies":"The Guardian","floor":16.0,"turns":8.0},{"damage":34,"enemies":"3 Byrds","floor":18,"turns":8},{"damage":0,"enemies":"Chosen","floor":20,"turns":4},{"damage":10,"enemies":"Snake Plant","floor":22,"turns":4},{"damage":7,"enemies":"Slavers","floor":23,"turns":5},{"damage":28,"enemies":"Gremlin Leader","floor":25,"turns":9},{"damage":22,"enemies":"Centurion and Healer","floor":27,"turns":8},{"damage":14,"enemies":"Snecko","floor":29,"turns":5},{"damage":13,"enemies":"Chosen and Byrds","floor":31,"turns":9},{"damage":38,"enemies":"Automaton","floor":33,"turns":10},{"damage":16,"enemies":"Orb Walker","floor":35,"turns":3},{"damage":0,"enemies":"3 Shapes","floor":36,"turns":8},{"damage":8,"enemies":"Maw","floor":38,"turns":8},{"damage":6,"enemies":"Nemesis","floor":41,"turns":9},{"damage":53,"enemies":"Jaw Worm Horde","floor":42,"turns":4},{"damage":4,"enemies":"Reptomancer","floor":48,"turns":3},{"damage":61,"enemies":"Donu and Deca","floor":50,"turns":5}],"seed_played":"-7469191317301489803","potions_obtained":[{"floor":1.0,"key":"DuplicationPotion"},{"floor":3.0,"key":"Dexterity Potion"},{"floor":7.0,"key":"SpeedPotion"},{"floor":10.0,"key":"SkillPotion"},{"floor":16.0,"key":"Energy Potion"},{"floor":18,"key":"Dexterity Potion"},{"floor":21,"key":"LiquidMemories"},{"floor":21,"key":"LiquidMemories"},{"floor":23,"key":"Explosive Potion"},{"floor":27,"key":"BlessingOfTheForge"},{"floor":29,"key":"EntropicBrew"},{"floor":31,"key":"EntropicBrew"},{"floor":38,"key":"Ancient Potion"},{"floor":42,"key":"Weak Potion"}],"is_trial":false,"path_per_floor":["M","?","M","M","M","R","E","R","T","E","?","E","?","M","R","B",null,"M","?","M","?","M","E","R","E","T","M","?","M","$","M","R","B",null,"M","M","$","M","?","R","E","M","T","R","$","R","?","E","R","B",null],"character_chosen":"DEFECT","items_purchased":["Kunai","Molten Egg 2","Blizzard+1"],"campfire_rested":0,"item_purchase_floors":[30,37,45],"current_hp_per_floor":[65,65,65,64,69,69,68,68,75,68,52,56,56,66,78,66,78,64,64,64,64,74,82,82,74,74,72,72,58,58,65,80,64,78,62,82,82,82,82,82,82,49,49,67,67,82,72,78,82,31],"gold":41,"neow_bonus":"THREE_RARE_CARDS","is_daily":false,"chose_seed":false,"campfire_upgraded":9,"win_rate":0.0,"timestamp":1610059985,"path_taken":["M","?","M","M","M","R","E","R","T","E","?","E","?","?","R","BOSS","M","?","M","?","?","E","R","E","T","M","?","M","$","M","R","BOSS","M","M","$","M","?","R","E","M","T","R","$","R","?","E","R","BOSS"],"items_purchased_type":["Relic","Relic","Card"],"build_version":"2020-12-22","purchased_purges":1,"victory":true,"max_hp_per_floor":[75,75,75,75,75,75,75,75,82,82,82,82,82,82,82,82,82,82,82,82,82,82,82,82,82,82,82,82,82,82,82,82,82,82,82,82,82,82,82,82,82,82,82,82,82,82,82,82,82,82],"relic_stats":{"Darkstone Periapt":0,"counters":[25,163],"Pantograph":6,"Eternal Feather":64,"Juzu Bracelet":1,"Kunai":[11],"War Paint":["Glacier","Stack"],"Smiling Mask":25,"MawBank":24,"obtain_stats":[{"Potion Belt":7,"Darkstone Periapt":48,"Lantern":26,"Vajra":12,"Eternal Feather":13,"Juzu Bracelet":41,"War Paint":25,"Bottled Tornado":43,"Smiling Mask":23,"MawBank":28,"Empty Cage":34,"Nuclear Battery":17,"keyreminder:keyreminder":25,"Strawberry":9,"Pantograph":10,"Molten Egg 2":37,"Kunai":30,"Cracked Core":0},{"Potion Belt":5,"Darkstone Periapt":24,"Lantern":14,"Vajra":7,"Eternal Feather":7,"Juzu Bracelet":22,"War Paint":14,"Bottled Tornado":23,"Smiling Mask":13,"MawBank":15,"Empty Cage":18,"Nuclear Battery":9,"keyreminder:keyreminder":14,"Strawberry":5,"Pantograph":6,"Molten Egg 2":20,"Kunai":16,"Cracked Core":0},{"Potion Belt":27,"Darkstone Periapt":158,"Lantern":91,"Vajra":48,"Eternal Feather":48,"Juzu Bracelet":151,"War Paint":91,"Bottled Tornado":155,"Smiling Mask":82,"MawBank":99,"Empty Cage":123,"Nuclear Battery":61,"keyreminder:keyreminder":91,"Strawberry":27,"Pantograph":39,"Molten Egg 2":134,"Kunai":104,"Cracked Core":0}]},"card_choices":[{"not_picked":["Multi-Cast","Amplify"],"picked":"Fission","floor":0.0},{"not_picked":["Blizzard","Heatsinks"],"picked":"Redo","floor":1.0},{"not_picked":["Scrape","Streamline"],"picked":"Self Repair","floor":3.0},{"not_picked":["White Noise","Sweeping Beam"],"picked":"Conserve Battery","floor":4.0},{"not_picked":["Aggregate","Rebound"],"picked":"Glacier","floor":5.0},{"not_picked":["BootSequence","Capacitor"],"picked":"Stack","floor":7.0},{"not_picked":["All For One","Conserve Battery"],"picked":"Thunder Strike","floor":10.0},{"not_picked":["Chaos","Steam"],"picked":"Sweeping Beam","floor":12.0},{"not_picked":["Steam Power","Beam Cell"],"picked":"Streamline","floor":14.0},{"not_picked":["Multi-Cast","Machine Learning"],"picked":"Rainbow","floor":16.0},{"not_picked":["Hologram+1","Sweeping Beam"],"picked":"Ball Lightning+1","floor":18},{"not_picked":["Lockon","Compile Driver"],"picked":"Seek","floor":20},{"not_picked":["Undo+1","Ball Lightning"],"picked":"Hologram+1","floor":22},{"not_picked":["Hologram+1","Steam"],"picked":"Echo Form","floor":23},{"not_picked":["Hyperbeam","Steam Power"],"picked":"Reprogram+1","floor":25},{"not_picked":["Coolheaded","Skim"],"picked":"Fusion","floor":27},{"not_picked":["Steam","Barrage+1","Defragment"],"picked":"SKIP","floor":29},{"not_picked":["Steam","Steam Power"],"picked":"Beam Cell","floor":31},{"not_picked":["Biased Cognition","Thunder Strike"],"picked":"Meteor Strike","floor":33},{"not_picked":["Redo","Beam Cell+1"],"picked":"Rebound+1","floor":35},{"not_picked":["Go for the Eyes","Gash+1"],"picked":"Conserve Battery+1","floor":36},{"not_picked":["Coolheaded","Lockon+1"],"picked":"Reinforced Body","floor":38},{"not_picked":["Undo","Blizzard+1"],"picked":"Tempest+1","floor":41},{"not_picked":["Gash+1","Stack+1"],"picked":"Barrage+1","floor":42},{"not_picked":["Sweeping Beam+1","Coolheaded"],"picked":"Thunder Strike+1","floor":48}],"player_experience":883874,"relics_obtained":[{"floor":7.0,"key":"Potion Belt"},{"floor":9.0,"key":"Strawberry"},{"floor":10.0,"key":"Pantograph"},{"floor":12.0,"key":"Vajra"},{"floor":23,"key":"Smiling Mask"},{"floor":25,"key":"War Paint"},{"floor":26,"key":"Lantern"},{"floor":41,"key":"Juzu Bracelet"},{"floor":43,"key":"Bottled Tornado"},{"floor":48,"key":"Darkstone Periapt"}],"event_choices":[{"damage_healed":0.0,"max_hp_gain":0.0,"max_hp_loss":0.0,"gold_gain":0.0,"cards_transformed":["Strike_B"],"event_name":"Living Wall","player_choice":"Change","floor":2.0,"gold_loss":0.0,"damage_taken":0.0,"cards_obtained":["Echo Form"]},{"damage_healed":0.0,"max_hp_gain":0.0,"max_hp_loss":0.0,"gold_gain":0.0,"event_name":"Shining Light","player_choice":"Entered Light","floor":11.0,"gold_loss":0.0,"damage_taken":16.0,"cards_upgraded":["Strike_B","Defend_B"]},{"damage_healed":0.0,"max_hp_gain":0.0,"max_hp_loss":0.0,"gold_gain":0.0,"event_name":"WeMeetAgain","player_choice":"Gave Potion","floor":13.0,"gold_loss":0.0,"damage_taken":0.0,"relics_obtained":["Eternal Feather"]},{"damage_healed":0,"gold_gain":0,"player_choice":"Simplicity","damage_taken":0,"max_hp_gain":0,"max_hp_loss":0,"event_name":"Back to Basics","floor":19,"gold_loss":0,"cards_upgraded":["Strike_B","Strike_B","Defend_B","Defend_B","Defend_B"]},{"damage_healed":0,"gold_gain":0,"player_choice":"Got Potions","damage_taken":0,"max_hp_gain":0,"max_hp_loss":0,"event_name":"Lab","floor":21,"gold_loss":0},{"damage_healed":0,"gold_gain":0,"player_choice":"Obtained Relic","damage_taken":0,"relics_obtained":["MawBank"],"max_hp_gain":0,"max_hp_loss":0,"event_name":"Addict","floor":28,"gold_loss":85},{"damage_healed":0,"gold_gain":0,"player_choice":"0 cards matched","damage_taken":0,"max_hp_gain":0,"max_hp_loss":0,"event_name":"Match and Keep!","floor":39,"gold_loss":0,"cards_obtained":[]},{"damage_healed":0,"gold_gain":0,"player_choice":"Embrace Madness","damage_taken":10,"max_hp_gain":0,"max_hp_loss":0,"event_name":"Winding Halls","floor":47,"gold_loss":0,"cards_obtained":["Madness","Madness"]}],"is_beta":false,"boss_relics":[{"not_picked":["Tiny House","Sozu"],"picked":"Nuclear Battery"},{"not_picked":["Velvet Choker","FrozenCore"],"picked":"Empty Cage"}],"items_purged_floors":[45],"is_endless":false,"potions_floor_spawned":[1,3,7,10,16,18,23,27,29,31,36,38,42,48],"ascension_level":10}}