{"host":"fxh4234sf5pb3xr6","time":1610024470,"event":{"mods":["AchievementEnabler","BaseMod","Colored Map","Colored Powertips","Minty Spire (QoL Compilation)","Rare Cards Sparkle","StSLib"],"gold_per_floor":[112,112,112,132,102,135,60,79,79,79,254,264,341,341,341,341,341],"floor_reached":16,"playtime":448,"items_purged":["Strike_B"],"score":123,"play_id":"e80875d5-ca2e-4807-9b39-bdc6e1f42f95","local_time":"20210107080110","is_ascension_mode":true,"campfire_choices":[{"data":"Defragment","floor":10,"key":"SMITH"},{"floor":15,"key":"REST"}],"circlet_count":0,"master_deck":["Strike_B","Strike_B","Strike_B","Defend_B","Defend_B","Defend_B","Zap","Dualcast","Master of Strategy","Rebound","Defragment+1","Cold Snap","Ball Lightning","Doubt","Rip and Tear"],"relics":["Cracked Core","Matryoshka","Question Card","Mummified Hand","Art of War","Smiling Mask","Darkstone Periapt"],"acts_visited":["Exordium"],"potions_floor_usage":[16,16,16],"damage_taken":[{"damage":0,"enemies":"Cultist","floor":1,"turns":3},{"damage":0,"enemies":"Small Slimes","floor":4,"turns":3},{"damage":43,"enemies":"Gremlin Nob","floor":6,"turns":5},{"damage":0,"enemies":"2 Louse","floor":8,"turns":1},{"damage":13,"enemies":"Red Slaver","floor":12,"turns":4},{"damage":28,"enemies":"Slime Boss","floor":16,"turns":6}],"seed_played":"3715894667435596292","potions_obtained":[{"floor":1,"key":"Strength Potion"},{"floor":5,"key":"Ancient Potion"},{"floor":5,"key":"LiquidMemories"}],"is_trial":false,"path_per_floor":["M","T","?","M","?","E","$","M","T","R","?","M","T","?","R","B"],"character_chosen":"DEFECT","items_purchased":[],"campfire_rested":1,"item_purchase_floors":[],"current_hp_per_floor":[68,68,61,61,61,18,18,18,18,18,18,5,5,2,22,0,0],"gold":341,"neow_bonus":"RANDOM_COLORLESS_2","is_daily":false,"chose_seed":false,"campfire_upgraded":1,"win_rate":0.0,"timestamp":1610024470,"path_taken":["M","?","?","M","?","E","$","?","T","R","?","M","?","?","R","BOSS"],"items_purchased_type":[],"build_version":"2020-12-22","purchased_purges":1,"victory":false,"max_hp_per_floor":[68,68,68,68,68,68,68,68,68,68,68,68,68,68,68,68,68],"card_choices":[{"not_picked":["Magnetism","HandOfGreed"],"picked":"Master of Strategy","floor":0},{"not_picked":["Doom and Gloom","Steam"],"picked":"Rebound","floor":1},{"not_picked":["Compile Driver","Self Repair"],"picked":"Defragment","floor":4},{"not_picked":["Recycle","Undo"],"picked":"Cold Snap","floor":6},{"not_picked":["Cold Snap","Gash","Scrape"],"picked":"Ball Lightning","floor":8},{"not_picked":["Coolheaded","Compile Driver","Barrage"],"picked":"Rip and Tear","floor":12}],"player_experience":329337,"relics_obtained":[{"floor":2,"key":"Matryoshka"},{"floor":6,"key":"Question Card"},{"floor":9,"key":"Mummified Hand"},{"floor":9,"key":"Art of War"},{"floor":13,"key":"Smiling Mask"},{"floor":13,"key":"Darkstone Periapt"}],"event_choices":[{"cards_removed":["Defend_B"],"damage_healed":0,"gold_gain":0,"player_choice":"Card Removal","damage_taken":7,"max_hp_gain":0,"max_hp_loss":0,"event_name":"Golden Wing","floor":3,"gold_loss":0},{"damage_healed":0,"gold_gain":0,"player_choice":"Bought 2 Potions","damage_taken":0,"max_hp_gain":0,"max_hp_loss":0,"event_name":"The Woman in Blue","floor":5,"gold_loss":0},{"damage_healed":0,"gold_gain":175,"player_choice":"AGREE","damage_taken":0,"max_hp_gain":0,"max_hp_loss":0,"event_name":"Liars Game","floor":11,"gold_loss":0,"cards_obtained":["Doubt"]},{"damage_healed":0,"gold_gain":0,"player_choice":"Fled","damage_taken":3,"max_hp_gain":0,"max_hp_loss":0,"event_name":"Scrap Ooze","floor":14,"gold_loss":0}],"is_beta":false,"boss_relics":[],"items_purged_floors":[7],"is_endless":false,"potions_floor_spawned":[1,8],"killed_by":"Slime Boss","ascension_level":5}}