{"host":"g01l53quoe6lrer0","time":1610029119,"event":{"mods":["2.2 Compatiblity","AchievementEnabler","BaseMod","Colored Map","Highlight Path","Keyboard Shortcuts","Minty Spire (QoL Compilation)","Permanent Neow","StSLib","SuperFastMode","everything is the same but u backflip on backflip"],"gold_per_floor":[119,44,57,132,147,147,174,174,197,230,250,250,250,266,266,386,386,402,420,345,369,349,349,372,390,390,390,390,238,259,134,134,262,262,287,287,287,587,610,610,625,625,625,331,356,356,390,31,31,31,31],"floor_reached":50,"playtime":1651,"items_purged":["Defend_P","Defend_P","Strike_P","Strike_P"],"score":652,"play_id":"a30d1e53-6ece-433b-990e-bc440af05867","local_time":"20210107231839","is_ascension_mode":true,"campfire_choices":[{"data":"Eruption","floor":6.0,"key":"SMITH"},{"data":"MentalFortress","floor":8.0,"key":"SMITH"},{"floor":12.0,"key":"REST"},{"data":"FlurryOfBlows","floor":15.0,"key":"SMITH"},{"floor":23.0,"key":"REST"},{"floor":28.0,"key":"REST"},{"floor":32.0,"key":"REST"},{"floor":40.0,"key":"REST"},{"floor":42.0,"key":"REST"},{"floor":46,"key":"REST"},{"floor":49,"key":"REST"}],"circlet_count":0,"master_deck":["Strike_P","Eruption+1","Vigilance+1","MentalFortress+1","FlurryOfBlows+1","ClearTheMind+1","BattleHymn"],"relics":["PureWater","Centennial Puzzle","CeramicFish","War Paint","Sundial","Golden Idol","Black Star","Darkstone Periapt","Empty Cage","Eternal Feather","Mummified Hand","Pocketwatch","Bronze Scales","Pen Nib"],"acts_visited":["Exordium","TheCity","TheBeyond"],"potions_floor_usage":[47,50],"damage_taken":[{"damage":1.0,"enemies":"2 Louse","floor":1.0,"turns":5.0},{"damage":0.0,"enemies":"Small Slimes","floor":3.0,"turns":2.0},{"damage":1.0,"enemies":"Cultist","floor":5.0,"turns":3.0},{"damage":5.0,"enemies":"Lagavulin","floor":7.0,"turns":7.0},{"damage":24.0,"enemies":"Gremlin Nob","floor":10.0,"turns":4.0},{"damage":0.0,"enemies":"Red Slaver","floor":11.0,"turns":4.0},{"damage":0.0,"enemies":"Gremlin Gang","floor":14.0,"turns":3.0},{"damage":27.0,"enemies":"Slime Boss","floor":16.0,"turns":12.0},{"damage":7.0,"enemies":"3 Byrds","floor":18.0,"turns":4.0},{"damage":0.0,"enemies":"Chosen","floor":19.0,"turns":3.0},{"damage":8.0,"enemies":"Shelled Parasite and Fungi","floor":21.0,"turns":4.0},{"damage":13.0,"enemies":"Snecko","floor":24.0,"turns":3.0},{"damage":9.0,"enemies":"Centurion and Healer","floor":25.0,"turns":7.0},{"damage":0.0,"enemies":"Snake Plant","floor":27.0,"turns":1.0},{"damage":4.0,"enemies":"Sentry and Sphere","floor":30.0,"turns":4.0},{"damage":37.0,"enemies":"Collector","floor":33.0,"turns":8.0},{"damage":8.0,"enemies":"3 Darklings","floor":35.0,"turns":5.0},{"damage":4.0,"enemies":"3 Shapes","floor":39.0,"turns":5.0},{"damage":9.0,"enemies":"Maw","floor":41.0,"turns":7.0},{"damage":16,"enemies":"Writhing Mass","floor":45,"turns":6},{"damage":10,"enemies":"Reptomancer","floor":47,"turns":5},{"damage":116,"enemies":"Awakened One","floor":50,"turns":10}],"seed_played":"1378615361311730565","potions_obtained":[{"floor":1.0,"key":"EntropicBrew"},{"floor":5.0,"key":"ColorlessPotion"},{"floor":7.0,"key":"Swift Potion"},{"floor":21.0,"key":"SkillPotion"},{"floor":22.0,"key":"Ambrosia"},{"floor":25.0,"key":"SmokeBomb"},{"floor":30.0,"key":"BlessingOfTheForge"},{"floor":33.0,"key":"LiquidMemories"},{"floor":41.0,"key":"Ancient Potion"},{"floor":47,"key":"Block Potion"}],"is_trial":false,"path_per_floor":["M","$","M","?","M","R","E","R","T","E","M","R","?","M","R","B",null,"M","M","?","M","?","R","M","M","T","M","R","$","M","$","R","B",null,"M","?","?","?","M","R","M","R","T","$","M","R","E","$","R","B"],"character_chosen":"WATCHER","items_purchased":["PowerPotion","Mummified Hand","Strength Potion","BattleHymn","Pen Nib"],"campfire_rested":8,"item_purchase_floors":[29,44,44,48,48],"current_hp_per_floor":[64,64,64,53,52,52,47,47,47,23,23,44,44,44,44,17,55,48,48,48,40,40,60,47,38,38,38,58,58,54,54,67,30,58,50,50,50,50,46,66,57,67,67,67,51,67,57,57,67,0,0],"gold":31,"neow_bonus":"RANDOM_COMMON_RELIC","is_daily":false,"chose_seed":false,"campfire_upgraded":3,"win_rate":0.0,"timestamp":1610029119,"path_taken":["M","$","M","?","M","R","E","R","T","E","M","R","?","M","R","BOSS","M","M","?","M","?","R","M","M","T","?","R","?","?","$","R","BOSS","M","?","?","?","M","R","?","R","T","$","M","R","E","$","R","BOSS"],"items_purchased_type":["Potion","Relic","Potion","Card","Relic"],"build_version":"2020-12-22","purchased_purges":4,"victory":false,"max_hp_per_floor":[72,72,72,72,72,72,72,72,72,72,72,72,67,67,67,67,67,67,67,67,67,67,67,67,67,67,67,67,67,67,67,67,67,67,67,67,67,67,67,67,67,67,67,67,67,67,67,67,67,67,67],"card_choices":[{"not_picked":["Swivel","SashWhip"],"picked":"MentalFortress","floor":1.0},{"not_picked":["BowlingBash","Conclude"],"picked":"FlurryOfBlows","floor":3.0},{"not_picked":["EmptyMind","TalkToTheHand","Prostrate"],"picked":"SKIP","floor":5.0},{"not_picked":["CrushJoints","CarveReality","ClearTheMind"],"picked":"SKIP","floor":7.0},{"not_picked":["FlyingSleeves","CutThroughFate","ClearTheMind"],"picked":"SKIP","floor":10.0},{"not_picked":["FollowUp","ConjureBlade","LikeWater"],"picked":"SKIP","floor":11.0},{"not_picked":["Prostrate","Consecrate","EmptyMind"],"picked":"SKIP","floor":14.0},{"not_picked":["BowlingBash","CrushJoints","InnerPeace+1"],"picked":"SKIP","floor":18.0},{"not_picked":["TalkToTheHand","WheelKick","EmptyFist"],"picked":"SKIP","floor":19.0},{"not_picked":["CutThroughFate","EmptyFist","ThirdEye+1"],"picked":"SKIP","floor":21.0},{"not_picked":["CutThroughFate","EmptyFist","ThirdEye+1"],"picked":"SKIP","floor":21.0},{"not_picked":["PathToVictory","DeceiveReality"],"picked":"ClearTheMind+1","floor":24.0},{"not_picked":["CutThroughFate","LessonLearned","PathToVictory"],"picked":"SKIP","floor":25.0},{"not_picked":["Indignation","Evaluate","EmptyBody"],"picked":"SKIP","floor":30.0},{"not_picked":["Evaluate+1","FlurryOfBlows","EmptyFist+1"],"picked":"SKIP","floor":35.0},{"not_picked":["Evaluate+1","FlurryOfBlows","EmptyFist+1"],"picked":"SKIP","floor":35.0},{"not_picked":["ClearTheMind+1","Protect+1","JustLucky"],"picked":"SKIP","floor":39.0},{"not_picked":["BattleHymn","Prostrate","FlurryOfBlows"],"picked":"SKIP","floor":41.0},{"not_picked":["FlurryOfBlows+1","PathToVictory+1","ThirdEye+1"],"picked":"SKIP","floor":45},{"not_picked":["FollowUp+1","Protect","ClearTheMind"],"picked":"SKIP","floor":47}],"player_experience":63119,"relics_obtained":[{"floor":7.0,"key":"CeramicFish"},{"floor":9.0,"key":"War Paint"},{"floor":10.0,"key":"Sundial"},{"floor":26.0,"key":"Darkstone Periapt"},{"floor":43.0,"key":"Eternal Feather"},{"floor":47,"key":"Pocketwatch"},{"floor":47,"key":"Bronze Scales"}],"event_choices":[{"damage_healed":0.0,"max_hp_gain":0.0,"max_hp_loss":0.0,"gold_gain":75.0,"event_name":"World of Goop","player_choice":"Gather Gold","floor":4.0,"gold_loss":0.0,"damage_taken":11.0},{"damage_healed":0.0,"max_hp_gain":0.0,"max_hp_loss":5.0,"gold_gain":0.0,"event_name":"Golden Idol","player_choice":"Lose Max HP","floor":13.0,"gold_loss":0.0,"damage_taken":0.0,"relics_obtained":["Golden Idol"]},{"cards_removed":["Defend_P"],"damage_healed":0.0,"max_hp_gain":0.0,"max_hp_loss":0.0,"gold_gain":0.0,"event_name":"Beggar","player_choice":"Gave Gold","floor":20.0,"gold_loss":75.0,"damage_taken":0.0},{"damage_healed":0.0,"max_hp_gain":0.0,"max_hp_loss":0.0,"gold_gain":0.0,"event_name":"The Woman in Blue","player_choice":"Bought 1 Potion","floor":22.0,"gold_loss":0.0,"damage_taken":0.0},{"damage_healed":0.0,"max_hp_gain":0.0,"max_hp_loss":0.0,"gold_gain":0.0,"event_name":"Mysterious Sphere","player_choice":"Ignored","floor":36.0,"gold_loss":0.0,"damage_taken":0.0},{"damage_healed":0.0,"max_hp_gain":0.0,"max_hp_loss":0.0,"gold_gain":0.0,"event_name":"Tomb of Lord Red Mask","player_choice":"Ignored","floor":37.0,"gold_loss":0.0,"damage_taken":0.0},{"damage_healed":0.0,"max_hp_gain":0.0,"max_hp_loss":0.0,"gold_gain":300.0,"event_name":"Wheel of Change","player_choice":"Gold","floor":38.0,"gold_loss":0.0,"damage_taken":0.0}],"is_beta":false,"boss_relics":[{"not_picked":["SlaversCollar","Velvet Choker"],"picked":"Black Star"},{"not_picked":["Pandora\u0027s Box","Calling Bell"],"picked":"Empty Cage"}],"items_purged_floors":[2,29,31,48],"is_endless":false,"potions_floor_spawned":[1,5,7,11,21,25,30,33,41,47],"killed_by":"Awakened One","ascension_level":6}}