{"host":"dw8ij7emqco3quom","time":1610049738,"event":{"mods":["BaseMod","Minty Spire (QoL Compilation)"],"gold_per_floor":[114,128,94,106,174,208,208,243,243,243,253,267,20,33,33,128,128,144,144,144,161,161,161,196,136,206,206,206],"floor_reached":27,"playtime":1608,"items_purged":[],"score":301,"play_id":"29b05eea-c78a-4b79-b739-bb8c31182f01","local_time":"20210107210218","is_ascension_mode":true,"campfire_choices":[{"floor":7,"key":"REST"},{"data":"Calculated Gamble","floor":15,"key":"SMITH"},{"data":"Dagger Spray","floor":23,"key":"SMITH"}],"circlet_count":0,"master_deck":["Strike_G","Strike_G","Strike_G","Defend_G","Defend_G","Defend_G","Survivor","Neutralize","Dodge and Roll","Deadly Poison","Dash","Phantasmal Killer+1","Terror","Dagger Spray+1","Riddle With Holes","Calculated Gamble+1","Envenom+1","Calculated Gamble+1","Caltrops+1","Writhe","Night Terror","Bouncing Flask","Poisoned Stab"],"relics":["Runic Pyramid","Mercury Hourglass","Eternal Feather","Unceasing Top","Question Card","Empty Cage","Sundial","Potion Belt","Bottled Tornado"],"acts_visited":["Exordium","TheCity"],"potions_floor_usage":[16,18,18,24,24,27],"damage_taken":[{"damage":0,"enemies":"Cultist","floor":1,"turns":4},{"damage":3,"enemies":"Jaw Worm","floor":2,"turns":4},{"damage":0,"enemies":"2 Louse","floor":4,"turns":3},{"damage":32,"enemies":"Gremlin Nob","floor":6,"turns":5},{"damage":19,"enemies":"Lagavulin","floor":8,"turns":6},{"damage":0,"enemies":"Exordium Wildlife","floor":11,"turns":2},{"damage":4,"enemies":"Gremlin Gang","floor":12,"turns":3},{"damage":0,"enemies":"3 Louse","floor":14,"turns":1},{"damage":46,"enemies":"Hexaghost","floor":16,"turns":10},{"damage":3,"enemies":"2 Thieves","floor":18,"turns":3},{"damage":0,"enemies":"Chosen","floor":21,"turns":4},{"damage":45,"enemies":"Slavers","floor":24,"turns":4},{"damage":23,"enemies":"Shelled Parasite and Fungi","floor":27,"turns":2}],"seed_played":"2521977065345591925","potions_obtained":[{"floor":4,"key":"Swift Potion"},{"floor":8,"key":"PowerPotion"},{"floor":11,"key":"DuplicationPotion"},{"floor":16,"key":"GhostInAJar"},{"floor":18,"key":"Weak Potion"},{"floor":21,"key":"BlessingOfTheForge"}],"is_trial":false,"path_per_floor":["M","M","$","M","T","E","R","E","T","?","M","M","$","M","R","B",null,"M","$","?","M","?","R","E","?","T","M"],"character_chosen":"THE_SILENT","items_purchased":["Dash","Question Card"],"campfire_rested":1,"item_purchase_floors":[3,13],"current_hp_per_floor":[70,67,67,67,67,35,65,46,46,46,46,42,42,42,54,8,55,52,52,52,52,52,64,19,19,19,0,0],"gold":206,"neow_bonus":"BOSS_RELIC","is_daily":false,"chose_seed":false,"campfire_upgraded":2,"win_rate":0.0,"timestamp":1610049738,"path_taken":["M","M","?","M","?","E","R","E","T","?","M","?","$","M","R","BOSS","M","$","?","?","?","R","E","?","T","?"],"items_purchased_type":["Card","Relic"],"build_version":"2020-12-22","purchased_purges":0,"victory":false,"max_hp_per_floor":[70,70,70,70,70,70,70,70,70,70,70,70,70,70,70,70,70,70,70,70,70,70,70,70,70,70,70,70],"card_choices":[{"not_picked":["Bane","Bouncing Flask"],"picked":"Dodge and Roll","floor":1},{"not_picked":["Prepared","Cloak And Dagger"],"picked":"Deadly Poison","floor":2},{"not_picked":["Finisher","Endless Agony","Prepared"],"picked":"SKIP","floor":4},{"not_picked":["Calculated Gamble","Blade Dance"],"picked":"Phantasmal Killer","floor":6},{"not_picked":["Sucker Punch","Slice"],"picked":"Terror","floor":8},{"not_picked":["Eviscerate","Cloak And Dagger"],"picked":"Dagger Spray","floor":11},{"not_picked":["Well Laid Plans","Underhanded Strike"],"picked":"Riddle With Holes","floor":12},{"not_picked":["Dodge and Roll","Eviscerate","Dagger Spray"],"picked":"Calculated Gamble","floor":14},{"not_picked":["Grand Finale","Adrenaline","Corpse Explosion"],"picked":"Envenom","floor":16},{"not_picked":["Flying Knee+1","All Out Attack+1","Deadly Poison"],"picked":"Calculated Gamble+1","floor":18},{"not_picked":["Flying Knee","Poisoned Stab","Masterful Stab"],"picked":"Caltrops+1","floor":21},{"not_picked":["Caltrops","Deadly Poison","Masterful Stab"],"picked":"Night Terror","floor":24}],"player_experience":616039,"relics_obtained":[{"floor":5,"key":"Mercury Hourglass"},{"floor":6,"key":"Eternal Feather"},{"floor":8,"key":"Unceasing Top"},{"floor":24,"key":"Potion Belt"},{"floor":26,"key":"Bottled Tornado"}],"event_choices":[{"damage_healed":0,"gold_gain":0,"player_choice":"Grow","damage_taken":0,"max_hp_gain":0,"max_hp_loss":0,"event_name":"Living Wall","floor":10,"gold_loss":0,"cards_upgraded":["Phantasmal Killer"]},{"damage_healed":0,"gold_gain":0,"player_choice":"Forge","damage_taken":0,"max_hp_gain":0,"max_hp_loss":0,"event_name":"Accursed Blacksmith","floor":20,"gold_loss":0,"cards_upgraded":["Envenom"]},{"damage_healed":0,"gold_gain":0,"player_choice":"Opened","damage_taken":0,"relics_obtained":["Sundial"],"max_hp_gain":0,"max_hp_loss":0,"event_name":"The Mausoleum","floor":22,"gold_loss":0,"cards_obtained":["Writhe"]},{"damage_healed":0,"gold_gain":0,"cards_transformed":["Defend_G","Strike_G"],"player_choice":"Transformed Cards","damage_taken":0,"max_hp_gain":0,"max_hp_loss":0,"event_name":"Designer","floor":25,"gold_loss":60,"cards_obtained":["Bouncing Flask","Poisoned Stab"]}],"is_beta":false,"boss_relics":[{"not_picked":["HoveringKite","Runic Dome"],"picked":"Empty Cage"}],"items_purged_floors":[],"is_endless":false,"potions_floor_spawned":[4,8,11,16,18,21],"killed_by":"Shelled Parasite and Fungi","ascension_level":5}}