{"host":"3r2zvbxy968tplz7","time":1610062676,"event":{"mods":["100% Spire Juice","2.2 Compatiblity","AchievementEnabler","Arknights The Spire","Ascension Reborn","BaseMod","Bestiary","Better Altar","Better Sensory Stone","Better Skull","Better Third Choice","BetterRewards","ChefMod","Colored Map","Colored Powertips","Curses Come First","Downfall","Hermit","Infinite Spire","JesterMod","Luminous","Minty Spire (QoL Compilation)","Prisma Mod","Puzzle Mod","Random Character Button","Relic Stats","Replay The Spire","Robot Space Explorer","Shade Mod","Spicy Shops","StSLib","The Blue Laboratory","The Bug Knight","The Clintock","The Cursed","The Death Knight","The Disciple","The Dragon Tamer","The Fake Hero","The Florist","The Hayseed","The Marked","The Necromancer","The Runesmith","The Servant 0.9.4","TheSwordswoman","TheVacant","Thieving Mod"],"gold_per_floor":[113,125,125,125,145,145,245,276,276,276,300,77,90,120,120,249,249,263,3,3,19,19,19,19,43,92,92,92,132,12,46,46,46,46],"floor_reached":33,"playtime":3744,"items_purged":["Shame"],"score":281,"play_id":"4a383ada-d1f5-4de2-9a43-9d161f74d6a9","local_time":"20210108003756","is_ascension_mode":true,"campfire_choices":[{"floor":6,"key":"REST"},{"floor":10,"key":"REST"},{"floor":15,"key":"DIG"},{"floor":23,"key":"RECALL"},{"floor":32,"key":"REST"}],"circlet_count":0,"master_deck":["jesterMod:Strike","jesterMod:Strike","jesterMod:Strike","jesterMod:Strike","jesterMod:Sickle+1","jesterMod:Defend","jesterMod:Defend","jesterMod:Defend","jesterMod:Dodge","jesterMod:Precipitation+1","jesterMod:Swiftness","Injury","jesterMod:JackInTheBox","jesterMod:Prankster","jesterMod:DancingMad","jesterMod:Squander","jesterMod:DesperateStrike","jesterMod:Pause","jesterMod:Precipitation","jesterMod:Mending","Collect"],"relics":["m_GuardianBlood","jesterMod:WatcherEssence","TheCursedMod:BlackMagicAdvanced","sneckomod:CleanMud","Magic Flower","ats:Omniscience","Cauldron","infinitespire:EmptyRelic","infinitespire:EmptyRelic","infinitespire:EmptyRelic","infinitespire:EmptyRelic","infinitespire:EmptyRelic","infinitespire:EmptyRelic","infinitespire:EmptyRelic","infinitespire:EmptyRelic","infinitespire:EmptyRelic","infinitespire:EmptyRelic","infinitespire:EmptyRelic","infinitespire:Chaos","Unceasing Top"],"acts_visited":["Exordium","TheCity"],"potions_floor_usage":[8,13,31,33],"damage_taken":[{"damage":0,"enemies":"Cultist","floor":1,"turns":3},{"damage":0,"enemies":"Jaw Worm","floor":2,"turns":5},{"damage":0,"enemies":"2 Louse","floor":5,"turns":2},{"damage":3,"enemies":"3 Sentries","floor":8,"turns":6},{"damage":4,"enemies":"Red Slaver","floor":11,"turns":4},{"damage":0,"enemies":"Lots of Slimes","floor":13,"turns":3},{"damage":14,"enemies":"The Mushroom Lair","floor":14,"turns":3},{"damage":14,"enemies":"Hexaghost","floor":16,"turns":14},{"damage":0,"enemies":"3 Byrds","floor":18,"turns":4},{"damage":0,"enemies":"Chosen","floor":21,"turns":5},{"damage":0,"enemies":"3 Cultists","floor":25,"turns":4},{"damage":35,"enemies":"Book of Stabbing","floor":29,"turns":6},{"damage":20,"enemies":"Replay:Snechameleon","floor":31,"turns":5},{"damage":58,"enemies":"Collector","floor":33,"turns":7}],"seed_played":"6238441800663037385","potions_obtained":[{"floor":5,"key":"LiquidBronze"},{"floor":8,"key":"FearPotion"},{"floor":11,"key":"GamblersBrew"},{"floor":25,"key":"Milkshake"},{"floor":29,"key":"AttackPotion"},{"floor":30,"key":"blueLaboratory:PyrophylliteBrew"},{"floor":30,"key":"DistilledChaos"},{"floor":31,"key":"Strength Potion"}],"is_trial":false,"path_per_floor":["M","M","?","?","M","R","?","E","T","R","M","$","M","?","R_BF","B",null,"M","?","?","M","$","R","AVR","M","T","?","?","E","$","E","R","B"],"character_chosen":"THE_JESTER","items_purchased":["Blue Doll","Divine Protection","infinitespire:Lucky Rock","Medical Kit","Replay:Bottled Eggs","jesterMod:Precipitation","infinitespire:Magic Flask","TheAbacus","infinitespire:Chaos"],"campfire_rested":3,"item_purchase_floors":[0,0,0,0,0,0,12,12,30],"current_hp_per_floor":[38,38,35,35,35,56,56,53,53,70,66,66,66,52,52,38,70,70,70,70,70,70,70,70,70,70,70,70,35,35,24,45,0,0],"gold":46,"neow_bonus":"","is_daily":false,"chose_seed":false,"campfire_upgraded":0,"win_rate":0.0,"timestamp":1610062676,"path_taken":["M","M","?","?","M","R","?","E","T","R","?","?","M","?","R_BF","BOSS","M","?","?","M","?","R","AVR","M","T","?","?","E","$","E","R","BOSS"],"items_purchased_type":["Relic","Relic","Relic","Relic","Relic","Card","Relic","Relic","Relic"],"build_version":"2020-12-22","purchased_purges":1,"victory":false,"max_hp_per_floor":[70,70,70,70,70,70,70,70,70,70,70,70,70,70,70,70,70,70,70,70,70,70,70,70,70,70,70,70,70,70,70,70,70,70],"relic_stats":{"counters":[38,183],"Magic Flower":[3],"obtain_stats":[{"Divine Protection":0,"Regal Pillow":29,"Singing Bowl":0,"Gremlin Horn":9,"Magic Flower":30,"Blue Doll":0,"sneckomod:CleanMud":30,"Juzu Bracelet":8,"Replay:Mystery Machine":8,"Empty Cage":17,"m_GuardianBlood":30,"Replay:Wanted Poster":19,"Replay:Ringing Soul":9,"TheAbacus":12,"Mummified Hand":9,"Ring of Peace":13,"HandDrill":11,"Kunai":20,"Ring of Panic":13,"Replay:Bottled Eggs":0,"ats:Omniscience":30,"infinitespire:Chaos":30,"jesterMod:WatcherEssence":30,"BargainBundle":21,"NeowsBlessing":0,"Replay:Towering Pillar of Hats":10,"TheCursedMod:BlackMagicAdvanced":30,"Golden Idol":2,"infinitespire:EmptyRelic":30,"infinitespire:FocusingShard":8,"The Courier":24,"betterThird:NestCultRelic":28,"Letter Opener":6,"infinitespire:Lucky Rock":0,"infinitespire:Magic Flask":12,"Orichalcum":16,"Odd Mushroom":14,"Medical Kit":0,"White Beast Statue":24,"Runic Dome":17,"Cauldron":30,"Pondfish Scales":15,"MutagenicStrength":25,"hermit:Momento":0,"Unceasing Top":5},{"Divine Protection":24,"Regal Pillow":36,"Singing Bowl":11,"Gremlin Horn":28,"Magic Flower":36,"Blue Doll":24,"sneckomod:CleanMud":36,"Juzu Bracelet":4,"Replay:Mystery Machine":16,"Empty Cage":19,"m_GuardianBlood":36,"Replay:Wanted Poster":8,"Replay:Ringing Soul":4,"TheAbacus":29,"Mummified Hand":16,"Ring of Peace":17,"HandDrill":17,"Kunai":33,"Ring of Panic":17,"Replay:Bottled Eggs":24,"ats:Omniscience":36,"infinitespire:Chaos":36,"jesterMod:WatcherEssence":36,"BargainBundle":9,"NeowsBlessing":0,"Replay:Towering Pillar of Hats":17,"TheCursedMod:BlackMagicAdvanced":36,"Golden Idol":1,"infinitespire:EmptyRelic":36,"infinitespire:FocusingShard":28,"The Courier":34,"betterThird:NestCultRelic":35,"Letter Opener":3,"infinitespire:Lucky Rock":24,"infinitespire:Magic Flask":29,"Orichalcum":7,"Odd Mushroom":31,"Medical Kit":24,"White Beast Statue":9,"Runic Dome":32,"Cauldron":36,"Pondfish Scales":31,"MutagenicStrength":23,"hermit:Momento":0,"Unceasing Top":2},{"Divine Protection":112,"Regal Pillow":171,"Singing Bowl":45,"Gremlin Horn":128,"Magic Flower":171,"Blue Doll":112,"sneckomod:CleanMud":171,"Juzu Bracelet":10,"Replay:Mystery Machine":66,"Empty Cage":85,"m_GuardianBlood":171,"Replay:Wanted Poster":31,"Replay:Ringing Soul":10,"TheAbacus":132,"Mummified Hand":66,"Ring of Peace":70,"HandDrill":70,"Kunai":156,"Ring of Panic":70,"Replay:Bottled Eggs":112,"ats:Omniscience":171,"infinitespire:Chaos":171,"jesterMod:WatcherEssence":171,"BargainBundle":37,"NeowsBlessing":0,"Replay:Towering Pillar of Hats":70,"TheCursedMod:BlackMagicAdvanced":171,"Golden Idol":1,"infinitespire:EmptyRelic":171,"infinitespire:FocusingShard":128,"The Courier":161,"betterThird:NestCultRelic":165,"Letter Opener":3,"infinitespire:Lucky Rock":112,"infinitespire:Magic Flask":132,"Orichalcum":21,"Odd Mushroom":138,"Medical Kit":112,"White Beast Statue":37,"Runic Dome":152,"Cauldron":171,"Pondfish Scales":138,"MutagenicStrength":108,"hermit:Momento":0,"Unceasing Top":2}],"Unceasing Top":[3]},"card_choices":[{"not_picked":["jesterMod:BouncingKnife","jesterMod:Procrastination"],"picked":"jesterMod:Swiftness","floor":1},{"not_picked":["jesterMod:TrickyDodge","jesterMod:FlameDance","jesterMod:Flee"],"picked":"SKIP","floor":2},{"not_picked":["jesterMod:QuickStrike","jesterMod:Schizophrenia","jesterMod:SmokeScreen"],"picked":"SKIP","floor":5},{"not_picked":["jesterMod:Frustration","jesterMod:Feint"],"picked":"jesterMod:JackInTheBox","floor":8},{"not_picked":["jesterMod:Illness","jesterMod:Flee"],"picked":"jesterMod:Prankster","floor":11},{"not_picked":["jesterMod:Flee","jesterMod:Twirl","jesterMod:Unleash"],"picked":"SKIP","floor":13},{"not_picked":["jesterMod:Feint","jesterMod:Patience"],"picked":"jesterMod:DancingMad","floor":14},{"not_picked":["jesterMod:ExperimentalTreatment","jesterMod:HedgehogForm"],"picked":"jesterMod:Squander","floor":16},{"not_picked":["jesterMod:HitAndRun","jesterMod:Feint+1"],"picked":"jesterMod:DesperateStrike","floor":18},{"not_picked":["jesterMod:Talion","jesterMod:Twirl"],"picked":"jesterMod:Pause","floor":21},{"not_picked":["jesterMod:TrickyDodge","jesterMod:LightTheWick"],"picked":"jesterMod:Precipitation","floor":25},{"not_picked":["jesterMod:Flee+1","jesterMod:MudBall+1"],"picked":"jesterMod:Mending","floor":29},{"not_picked":["jesterMod:Juggler","Replay:Hum"],"picked":"Collect","floor":31}],"player_experience":265342,"relics_obtained":[{"floor":8,"key":"infinitespire:FocusingShard"},{"floor":9,"key":"Gremlin Horn"},{"floor":14,"key":"Odd Mushroom"},{"floor":15,"key":"Pondfish Scales"},{"floor":29,"key":"Regal Pillow"},{"floor":31,"key":"Unceasing Top"}],"event_choices":[{"damage_healed":0,"gold_gain":0,"player_choice":"Take Wound","damage_taken":0,"relics_obtained":["Golden Idol"],"max_hp_gain":0,"max_hp_loss":0,"event_name":"Golden Idol","floor":4,"gold_loss":0,"cards_obtained":["Injury"]},{"damage_healed":0,"gold_gain":100,"player_choice":"Pray","damage_taken":0,"max_hp_gain":0,"max_hp_loss":0,"event_name":"Golden Shrine","floor":7,"gold_loss":0},{"damage_healed":0,"gold_gain":0,"player_choice":"Fought Mushrooms","damage_taken":0,"max_hp_gain":0,"max_hp_loss":0,"event_name":"Mushrooms","floor":14,"gold_loss":0},{"damage_healed":0,"gold_gain":0,"player_choice":"Stole Relic","damage_taken":0,"relics_obtained":["Kunai"],"max_hp_gain":0,"max_hp_loss":0,"event_name":"Addict","floor":20,"gold_loss":0,"cards_obtained":["Shame"]},{"damage_healed":0,"gold_gain":0,"player_choice":"Ignored","damage_taken":0,"max_hp_gain":0,"max_hp_loss":0,"event_name":"Ghosts","floor":27,"gold_loss":0},{"damage_healed":0,"gold_gain":0,"player_choice":"Madness","damage_taken":0,"relics_obtained":["betterThird:NestCultRelic"],"max_hp_gain":0,"max_hp_loss":0,"event_name":"betterThird:BetterNest","floor":28,"gold_loss":0}],"is_beta":false,"boss_relics":[{"not_picked":["Ring of Chaos","SlaversCollar"],"picked":"Runic Dome"}],"items_purged_floors":[24],"is_endless":false,"potions_floor_spawned":[5,8,11,25,29,31],"killed_by":"Collector","ascension_level":0}}