{"host":"qxeepl7ydvsgmfdb","time":1610004819,"event":{"mods":["AchievementEnabler","BaseMod","Colored Powertips","Minty Spire (QoL Compilation)","Quick Restart","slay the spire mod where everything is the same but ironclad has a cowboy hat"],"gold_per_floor":[118,118,131,146,56,56,82,106,118,155,197,234,246,291,303,412,424,451,553,576,284,294,327,327,360,385,63,63,91,91,123,123,223,223,237,112,112,112,112],"floor_reached":38,"playtime":1225,"items_purged":["Strike_G+1"],"score":688,"play_id":"de005a55-7013-45e9-823e-578fec8f7919","local_time":"20210107023339","is_ascension_mode":true,"campfire_choices":[{"data":"Noxious Fumes","floor":6.0,"key":"SMITH"},{"floor":13.0,"key":"REST"},{"floor":15.0,"key":"REST"},{"floor":24.0,"key":"REST"},{"floor":28.0,"key":"REST"},{"floor":32.0,"key":"REST"}],"circlet_count":0,"master_deck":["Strike_G+1","Strike_G+1","Strike_G+1","Defend_G+1","Defend_G+1","Defend_G+1","Defend_G+1","Survivor","Neutralize","Sucker Punch+1","Slice","Deadly Poison+1","Noxious Fumes+1","Cloak And Dagger+1","Sucker Punch","Dagger Spray","After Image+1","CurseOfTheBell","Distraction","Deadly Poison+1","Deadly Poison","Deadly Poison","Backstab","Backflip"],"relics":["Ring of the Snake","MawBank","War Paint","Eternal Feather","Odd Mushroom","Oddly Smooth Stone","Calling Bell","Happy Flower","Gremlin Horn","Tough Bandages","Du-Vu Doll","PreservedInsect","Dream Catcher","Tiny Chest","HornCleat","Orichalcum","Matryoshka","Black Star"],"acts_visited":["Exordium","TheCity","TheBeyond"],"potions_floor_usage":[38],"damage_taken":[{"damage":0.0,"enemies":"Jaw Worm","floor":1.0,"turns":7.0},{"damage":0.0,"enemies":"Cultist","floor":3.0,"turns":3.0},{"damage":0.0,"enemies":"Small Slimes","floor":4.0,"turns":3.0},{"damage":10.0,"enemies":"Lagavulin","floor":7.0,"turns":5.0},{"damage":2.0,"enemies":"Looter","floor":8.0,"turns":3.0},{"damage":7.0,"enemies":"Gremlin Nob","floor":10.0,"turns":4.0},{"damage":19.0,"enemies":"The Mushroom Lair","floor":12.0,"turns":3.0},{"damage":15.0,"enemies":"3 Sentries","floor":14.0,"turns":5.0},{"damage":22.0,"enemies":"Slime Boss","floor":16.0,"turns":9.0},{"damage":8.0,"enemies":"Spheric Guardian","floor":18.0,"turns":4.0},{"damage":5.0,"enemies":"3 Byrds","floor":20.0,"turns":4.0},{"damage":19.0,"enemies":"Snake Plant","floor":22.0,"turns":5.0},{"damage":12.0,"enemies":"Gremlin Leader","floor":23.0,"turns":4.0},{"damage":17.0,"enemies":"Book of Stabbing","floor":25.0,"turns":4.0},{"damage":10.0,"enemies":"Slavers","floor":29.0,"turns":3.0},{"damage":0.0,"enemies":"Gremlin Leader","floor":31.0,"turns":3.0},{"damage":60.0,"enemies":"Champ","floor":33.0,"turns":13.0},{"damage":30.0,"enemies":"Orb Walker","floor":35.0,"turns":5.0},{"damage":22,"enemies":"3 Darklings","floor":38,"turns":4}],"seed_played":"-8689363123541682951","potions_obtained":[{"floor":3.0,"key":"CultistPotion"},{"floor":4.0,"key":"Strength Potion"},{"floor":10.0,"key":"DistilledChaos"},{"floor":14.0,"key":"Weak Potion"},{"floor":16.0,"key":"AttackPotion"},{"floor":22.0,"key":"GhostInAJar"},{"floor":25.0,"key":"Energy Potion"},{"floor":33.0,"key":"SpeedPotion"}],"is_trial":false,"path_per_floor":["M","?","M","M","$","R","E","M","T","E","?","?","R","E","R","B",null,"M","?","M","$","M","E","R","E","T","$","R","E","?","E","R","B",null,"M","$","?","M"],"character_chosen":"THE_SILENT","items_purchased":["Noxious Fumes","Cloak And Dagger","Du-Vu Doll","HornCleat","CunningPotion","PowerPotion"],"campfire_rested":5,"item_purchase_floors":[5,5,21,27,27,36],"current_hp_per_floor":[63,63,63,63,63,63,53,51,51,44,44,25,52,37,63,41,58,50,38,33,33,14,2,32,15,15,15,45,35,35,35,63,3,48,18,18,18,0,0],"gold":112,"neow_bonus":"REMOVE_TWO","is_daily":false,"chose_seed":false,"campfire_upgraded":1,"win_rate":0.0,"timestamp":1610004819,"path_taken":["M","?","M","?","$","R","E","M","T","E","?","?","R","E","R","BOSS","M","?","?","$","M","E","R","E","T","$","R","E","?","E","R","BOSS","M","$","?","?"],"items_purchased_type":["Card","Card","Relic","Relic","Potion","Potion"],"build_version":"2020-12-22","purchased_purges":1,"victory":false,"max_hp_per_floor":[63,63,63,63,63,63,63,63,63,63,63,63,63,63,63,63,63,63,63,63,63,63,63,63,63,63,63,63,63,63,63,63,63,63,63,63,63,63,63],"card_choices":[{"not_picked":["Outmaneuver","Tactician"],"picked":"Sucker Punch","floor":1.0},{"not_picked":["Leg Sweep","PiercingWail"],"picked":"Slice","floor":3.0},{"not_picked":["Cloak And Dagger","All Out Attack"],"picked":"Deadly Poison","floor":4.0},{"not_picked":["Riddle With Holes","Finisher","Calculated Gamble"],"picked":"SKIP","floor":7.0},{"not_picked":["Accuracy","Footwork"],"picked":"Sucker Punch","floor":8.0},{"not_picked":["Predator","Venomology","Flying Knee"],"picked":"SKIP","floor":10.0},{"not_picked":["Accuracy","Dagger Throw"],"picked":"Dagger Spray","floor":12.0},{"not_picked":["Catalyst","Dagger Spray","Heel Hook"],"picked":"SKIP","floor":14.0},{"not_picked":["Die Die Die","Envenom"],"picked":"After Image","floor":16.0},{"not_picked":["Flying Knee","Dagger Spray"],"picked":"Distraction","floor":18.0},{"not_picked":["Flechettes","Underhanded Strike"],"picked":"Deadly Poison+1","floor":20.0},{"not_picked":["Predator","Sucker Punch"],"picked":"Deadly Poison","floor":22.0},{"not_picked":["Distraction","Poisoned Stab"],"picked":"Deadly Poison","floor":23.0},{"not_picked":["Setup+1","Poisoned Stab"],"picked":"Backstab","floor":25.0},{"not_picked":["Grand Finale","Deflect","Quick Slash"],"picked":"SKIP","floor":29.0},{"not_picked":["Dagger Spray+1","Choke+1","Calculated Gamble"],"picked":"SKIP","floor":31.0},{"not_picked":["Outmaneuver+1","Flying Knee+1"],"picked":"Backflip","floor":35.0}],"player_experience":382723,"relics_obtained":[{"floor":7.0,"key":"MawBank"},{"floor":9.0,"key":"War Paint"},{"floor":10.0,"key":"Eternal Feather"},{"floor":12.0,"key":"Odd Mushroom"},{"floor":14.0,"key":"Oddly Smooth Stone"},{"floor":17.0,"key":"Happy Flower"},{"floor":17.0,"key":"Gremlin Horn"},{"floor":17.0,"key":"Tough Bandages"},{"floor":23.0,"key":"PreservedInsect"},{"floor":25.0,"key":"Dream Catcher"},{"floor":26.0,"key":"Tiny Chest"},{"floor":29.0,"key":"Orichalcum"},{"floor":31.0,"key":"Matryoshka"}],"event_choices":[{"damage_healed":0.0,"max_hp_gain":0.0,"max_hp_loss":0.0,"gold_gain":0.0,"event_name":"Upgrade Shrine","player_choice":"Upgraded","floor":2.0,"gold_loss":0.0,"damage_taken":0.0,"cards_upgraded":["Sucker Punch"]},{"damage_healed":0.0,"max_hp_gain":0.0,"max_hp_loss":0.0,"gold_gain":30.0,"event_name":"Dead Adventurer","player_choice":"Searched \u00272\u0027 times","floor":11.0,"gold_loss":0.0,"damage_taken":0.0},{"damage_healed":0.0,"max_hp_gain":0.0,"max_hp_loss":0.0,"gold_gain":0.0,"event_name":"Mushrooms","player_choice":"Fought Mushrooms","floor":12.0,"gold_loss":0.0,"damage_taken":0.0},{"damage_healed":0.0,"max_hp_gain":0.0,"max_hp_loss":0.0,"gold_gain":90.0,"event_name":"Knowing Skull","player_choice":"GOLD ","floor":19.0,"potions_obtained":[],"gold_loss":0.0,"damage_taken":12.0,"cards_obtained":[]},{"damage_healed":0.0,"max_hp_gain":0.0,"max_hp_loss":0.0,"gold_gain":0.0,"event_name":"Back to Basics","player_choice":"Simplicity","floor":30.0,"gold_loss":0.0,"damage_taken":0.0,"cards_upgraded":["Strike_G","Strike_G","Strike_G","Strike_G","Defend_G","Defend_G","Defend_G","Defend_G"]},{"damage_healed":0.0,"max_hp_gain":0.0,"max_hp_loss":0.0,"gold_gain":0.0,"event_name":"Accursed Blacksmith","player_choice":"Forge","floor":37.0,"gold_loss":0.0,"damage_taken":0.0,"cards_upgraded":["After Image"]}],"is_beta":false,"boss_relics":[{"not_picked":["Astrolabe","Fusion Hammer"],"picked":"Calling Bell"},{"not_picked":["Coffee Dripper","Runic Pyramid"],"picked":"Black Star"}],"items_purged_floors":[36],"is_endless":false,"potions_floor_spawned":[3,4,10,14,16,22,25,33],"killed_by":"3 Darklings","ascension_level":7}}