{"host":"ic2t2jxz7s3jvs1m","time":1610020406,"event":{"mods":["AchievementEnabler","Aspiration","BaseMod","Better Skull","Better Third Choice","Block Reminder","Colored Map","Conspire","Curses Come First","Displayed Cursed Tome","Downfall","Energized Spire","Evolution","Halation","Hubris","Infinite Spire","Jess\u0027s Bottle","Minty Spire (QoL Compilation)","Quick Restart","RRrroohrrRGHHhhh!!","Relic Stats","Replay The Spire","Retaliation","SacredBarkPlus","Small Relic Pack","Spicy Shops","StSLib","The Blue Laboratory","Trackpad","Transform Curses","Uncapped","vexMod"],"gold_per_floor":[118,118,133,83,97,97,157,157,157,157,188,16,16,0,0,117,117,163,163,175,175,175],"floor_reached":21,"playtime":1802,"items_purged":[],"score":177,"play_id":"1d7ad8a0-c9a3-4fa2-8a9e-4ec27a9a9c75","local_time":"20210107055326","is_ascension_mode":false,"campfire_choices":[{"data":"conspire:SpireCoStock","floor":6.0,"key":"SMITH"},{"floor":10.0,"key":"REST"},{"floor":13.0,"key":"REST"},{"data":"Enlightenment","floor":15.0,"key":"SMITH"}],"circlet_count":0,"master_deck":["DevaForm+1","Strike_G","Strike_G","Strike_G","Strike_G","Strike_G","Defend_G","Defend_G","Defend_G","Defend_G","Defend_G","Survivor","Neutralize","All Out Attack","Flying Knee","conspire:SpireCoStock+1","hexamod:SpectersWail","Backflip","Amnesia","Sentinel","Dodge and Roll","Enlightenment+1","infinitespire:Neurotoxin","Well Laid Plans","hubris:Counter+1"],"relics":["Ring of the Snake","aspiration:Nostalgia","m_DevilBlood","Ring of Misfortune","ReplayTheSpireMod:Ring of Addiction","Potion Belt","White Beast Statue","InkBottle","Boot","halation:Risk","Nloth\u0027s Gift"],"acts_visited":["Exordium","TheCity"],"potions_floor_usage":[],"damage_taken":[{"damage":0.0,"enemies":"Small Slimes","floor":1.0,"turns":6.0},{"damage":9.0,"enemies":"infinitespire:Voidling","floor":3.0,"turns":5.0},{"damage":0.0,"enemies":"2 Louse","floor":5.0,"turns":3.0},{"damage":20.0,"enemies":"3 Sentries","floor":7.0,"turns":9.0},{"damage":9.0,"enemies":"Large Slime","floor":11.0,"turns":6.0},{"damage":29.0,"enemies":"Fading Forest","floor":16.0,"turns":11.0},{"damage":14.0,"enemies":"Chosen","floor":18.0,"turns":7.0},{"damage":25.0,"enemies":"Shell Parasite","floor":20.0,"turns":6.0},{"damage":0,"enemies":"Shelled Parasite and Fungi","floor":21,"turns":1}],"seed_played":"5821761205820461653","potions_obtained":[{"floor":3.0,"key":"PowerPotion"},{"floor":5.0,"key":"blueLaboratory:HorrorPotion"},{"floor":7.0,"key":"Block Potion"},{"floor":8.0,"key":"Slimebound:ThreeZeroPotion"},{"floor":8.0,"key":"Death Potion"},{"floor":8.0,"key":"blueLaboratory:NinjaPotion"},{"floor":11.0,"key":"SneckoOil"},{"floor":16.0,"key":"FearPotion"},{"floor":18.0,"key":"blueLaboratory:NullPotion"},{"floor":20.0,"key":"Toxic Potion"}],"is_trial":false,"path_per_floor":["M","?","M","?","M","R","E","?","T","R","M","$","R","?","R","B",null,"M","?","M","M"],"character_chosen":"THE_SILENT","items_purchased":["Boot","Dodge and Roll"],"campfire_rested":2,"item_purchase_floors":[12,12],"current_hp_per_floor":[70,63,63,63,63,63,43,43,43,64,55,55,70,76,74,55,74,60,60,35,35,35],"gold":175,"neow_bonus":"NOSTALGIA","is_daily":false,"chose_seed":false,"campfire_upgraded":2,"win_rate":0.0,"timestamp":1610020406,"path_taken":["M","?","?","?","M","R","E","?","T","R","?","?","R","?","R","BOSS","M","?","M","?"],"items_purchased_type":["Relic","Card"],"build_version":"2020-12-22","purchased_purges":0,"victory":false,"max_hp_per_floor":[70,70,70,70,70,70,70,70,70,70,70,70,70,76,74,74,74,74,74,72,72,72],"relic_stats":{"counters":[9,53],"Nloth\u0027s Gift":0,"Boot":[19],"obtain_stats":[{"Potion Belt":8,"vexMod:BarristanHead":7,"aspiration:Nostalgia":0,"Ring of Misfortune":8,"ReplayTheSpireMod:Ring of Addiction":8,"m_DevilBlood":0,"Nloth\u0027s Gift":19,"Boot":12,"White Beast Statue":8,"InkBottle":9,"Ring of the Snake":0,"halation:Risk":17},{"Potion Belt":4,"vexMod:BarristanHead":4,"aspiration:Nostalgia":0,"Ring of Misfortune":4,"ReplayTheSpireMod:Ring of Addiction":4,"m_DevilBlood":0,"Nloth\u0027s Gift":7,"Boot":5,"White Beast Statue":4,"InkBottle":4,"Ring of the Snake":0,"halation:Risk":6},{"Potion Belt":23,"vexMod:BarristanHead":23,"aspiration:Nostalgia":0,"Ring of Misfortune":23,"ReplayTheSpireMod:Ring of Addiction":23,"m_DevilBlood":0,"Nloth\u0027s Gift":47,"Boot":29,"White Beast Statue":23,"InkBottle":23,"Ring of the Snake":0,"halation:Risk":40}],"InkBottle":[12],"Ring of the Snake":[16]},"card_choices":[{"not_picked":["Quick Slash","True Grit"],"picked":"All Out Attack","floor":1.0},{"not_picked":["Blade Dance","Quick Slash"],"picked":"Flying Knee","floor":3.0},{"not_picked":["Flechettes","hexamod:RecurringNightmare"],"picked":"hexamod:SpectersWail","floor":5.0},{"not_picked":["ReplayTheSpireMod:The Works","Slice"],"picked":"Backflip","floor":7.0},{"not_picked":["hexamod:GhostShield","Backflip"],"picked":"Sentinel","floor":11.0},{"not_picked":["Poison Darts","aspiration:Lunge"],"picked":"infinitespire:Neurotoxin","floor":16.0},{"not_picked":["Accuracy","ReplayTheSpireMod:Shiv Toss"],"picked":"Well Laid Plans","floor":18.0},{"not_picked":["Dodge and Roll","Predator"],"picked":"hubris:Counter+1","floor":20.0}],"player_experience":295346,"relics_obtained":[{"floor":7.0,"key":"vexMod:BarristanHead"},{"floor":8.0,"key":"Ring of Misfortune"},{"floor":8.0,"key":"ReplayTheSpireMod:Ring of Addiction"},{"floor":8.0,"key":"Potion Belt"},{"floor":8.0,"key":"White Beast Statue"},{"floor":9.0,"key":"InkBottle"}],"event_choices":[{"damage_healed":0.0,"max_hp_gain":0.0,"max_hp_loss":0.0,"gold_gain":0.0,"event_name":"Wheel of Change","player_choice":"Damaged","floor":2.0,"gold_loss":0.0,"damage_taken":7.0},{"damage_healed":0.0,"max_hp_gain":0.0,"max_hp_loss":0.0,"gold_gain":0.0,"event_name":"conspire:Investor","player_choice":"Invest 1","floor":4.0,"gold_loss":0.0,"damage_taken":0.0},{"damage_healed":0.0,"max_hp_gain":0.0,"max_hp_loss":0.0,"gold_gain":0.0,"event_name":"betterThird:BetterSerpent","player_choice":"RENOUNCE","floor":14.0,"gold_loss":16.0,"damage_taken":16.0,"cards_obtained":["Enlightenment"]},{"damage_healed":0.0,"max_hp_gain":0.0,"max_hp_loss":0.0,"gold_gain":0.0,"event_name":"N\u0027loth","player_choice":"Traded Relic","floor":19.0,"relics_lost":["vexMod:BarristanHead"],"gold_loss":0.0,"damage_taken":0.0,"relics_obtained":["Nloth\u0027s Gift"]}],"is_beta":false,"boss_relics":[{"not_picked":["vexMod:CursedCompass","ReplayTheSpireMod:DimensionalGlitch"],"picked":"halation:Risk"}],"items_purged_floors":[],"is_endless":false,"potions_floor_spawned":[3,5,7,11,16,18,20],"killed_by":"Shelled Parasite and Fungi","ascension_level":0}}