{"host":"qihv10mixs26xc23","time":1610040645,"event":{"mods":["AchievementEnabler","BaseMod","BetterRewards","Downfall","Googly Eyes","Hermit","Minty Spire (QoL Compilation)","Replay The Spire","Shop Mod","StSLib","The Marked"],"gold_per_floor":[117,128,145,145,157,186,210,210,210,210,220,35,35,50,50,150,150,168,168,180,191,40,40,60,78,78,95,95,130,130,159,159,256,256,267,267,287,300,319,319,330,330,330,346,346,358,358,378,378,378],"floor_reached":51,"playtime":2359,"items_purged":[],"score":1245,"play_id":"9cca2967-7d1d-47cb-a0a9-bd7b8982dd60","local_time":"20210107123045","is_ascension_mode":false,"campfire_choices":[{"data":"Thunderclap","floor":8,"key":"SMITH"},{"data":"Cleave","floor":10,"key":"SMITH"},{"data":"Feed","floor":15,"key":"SMITH"},{"floor":23,"key":"REST"},{"data":"Feed","floor":28,"key":"SMITH"},{"floor":30,"key":"REST"},{"floor":32,"key":"DIG"},{"floor":40,"key":"REST"},{"floor":42,"key":"REST"},{"floor":45,"key":"REST"},{"floor":47,"key":"REST"},{"data":"Inflame","floor":49,"key":"SMITH"}],"circlet_count":0,"master_deck":["Strike_R","Strike_R","Strike_R","Strike_R","Strike_R","Defend_R","Defend_R","Defend_R","Bash","Cleave+1","Twin Strike","Thunderclap+1","Carnage","Inflame","Hemokinesis","Feed+1","Twin Strike+1","Clash","Feed+1","Bash","Replay:SS_hec_1","Warcry","Thunderclap+1","Iron Wave","Burning Pact+1","Shrug It Off+1","Anger+1","Offering","Flex","Anger+1","Anger+1","Parasite","Shrug It Off","Carnage+1","Inflame+1"],"relics":["Burning Blood","Anchor","Champion Belt","Pocketwatch","Odd Mushroom","Torii","Electric Blood","ReplayTheSpireMod:TigerMarble","Mango","Smiling Mask","Bottled Lightning","Blue Doll","Runic Pyramid","Replay:Mystery Machine"],"acts_visited":["Exordium","TheCity","TheBeyond"],"potions_floor_usage":[6,16,50,50,50],"damage_taken":[{"damage":0,"enemies":"Jaw Worm","floor":1,"turns":3},{"damage":0,"enemies":"2 Louse","floor":2,"turns":2},{"damage":0,"enemies":"Small Slimes","floor":3,"turns":2},{"damage":10,"enemies":"2 Fungi Beasts","floor":5,"turns":3},{"damage":29,"enemies":"3 Sentries","floor":6,"turns":9},{"damage":13,"enemies":"The Mushroom Lair","floor":7,"turns":3},{"damage":1,"enemies":"Red Slaver","floor":11,"turns":2},{"damage":2,"enemies":"3 Louse","floor":14,"turns":2},{"damage":46,"enemies":"The Guardian","floor":16,"turns":7},{"damage":7,"enemies":"3 Byrds","floor":18,"turns":3},{"damage":17,"enemies":"Spheric Guardian","floor":20,"turns":4},{"damage":21,"enemies":"3 Cultists","floor":21,"turns":4},{"damage":3,"enemies":"Cultist and Chosen","floor":24,"turns":2},{"damage":6,"enemies":"Snake Plant","floor":25,"turns":3},{"damage":19,"enemies":"Centurion and Healer","floor":27,"turns":4},{"damage":11,"enemies":"Gremlin Leader","floor":29,"turns":3},{"damage":7,"enemies":"Slavers","floor":31,"turns":3},{"damage":28,"enemies":"Pondfish","floor":33,"turns":7},{"damage":18,"enemies":"3 Shapes","floor":35,"turns":2},{"damage":41,"enemies":"3 Darklings","floor":37,"turns":3},{"damage":12,"enemies":"Transient","floor":38,"turns":5},{"damage":14,"enemies":"Sphere and 2 Shapes","floor":39,"turns":3},{"damage":15,"enemies":"Writhing Mass","floor":41,"turns":5},{"damage":30,"enemies":"4 Shapes","floor":44,"turns":4},{"damage":28,"enemies":"3 Darklings","floor":46,"turns":6},{"damage":15,"enemies":"Spire Growth","floor":48,"turns":4},{"damage":107,"enemies":"Time Eater","floor":50,"turns":10}],"seed_played":"-2437677742537354715","potions_obtained":[{"floor":2,"key":"Block Potion"},{"floor":5,"key":"Regen Potion"},{"floor":6,"key":"ColorlessPotion"},{"floor":7,"key":"BloodPotion"},{"floor":16,"key":"Venom Potion"},{"floor":18,"key":"SteroidPotion"}],"is_trial":false,"path_per_floor":["M","M","M","?","M","E","?","R","T","R","M","$","?","M","R","B",null,"M","?","M","M","$","R","M","M","T","M","R","E","R","E","R","B",null,"M","?","M","M","M","R","M","R","T","M","R","M","R","M","R","B",null],"character_chosen":"IRONCLAD","items_purchased":["Anchor","Feed","Twin Strike+1","ReplayTheSpireMod:TigerMarble"],"campfire_rested":6,"item_purchase_floors":[0,12,12,22],"current_hp_per_floor":[80,80,80,77,73,65,58,58,58,58,63,63,56,63,63,23,83,85,85,74,63,63,90,90,90,104,91,91,86,104,107,107,85,108,100,89,54,48,44,78,69,103,103,79,113,91,116,107,107,29],"gold":378,"neow_bonus":"","is_daily":false,"chose_seed":false,"campfire_upgraded":5,"win_rate":0.0,"timestamp":1610040645,"path_taken":["M","M","M","?","M","E","?","R","T","R","M","?","?","M","R","BOSS","M","?","M","M","$","R","M","?","T","M","R","E","R","E","R","BOSS","M","?","M","?","M","R","M","R","T","M","R","M","R","M","R","BOSS"],"items_purchased_type":["Relic","Card","Card","Relic"],"build_version":"2020-12-22","purchased_purges":0,"victory":true,"max_hp_per_floor":[80,80,80,80,80,80,80,80,80,80,80,80,80,83,83,83,83,86,86,86,90,90,90,90,90,104,104,104,104,104,108,108,108,108,112,112,112,112,116,116,116,116,116,116,116,116,116,116,116,116],"card_choices":[{"not_picked":["Pommel Strike","Heavy Blade"],"picked":"Cleave","floor":1},{"not_picked":["Searing Blow","Perfected Strike"],"picked":"Twin Strike","floor":2},{"not_picked":["Perfected Strike","Headbutt"],"picked":"Thunderclap","floor":3},{"not_picked":["Clash","Sword Boomerang"],"picked":"Carnage","floor":5},{"not_picked":["Flex","ReplayTheSpireMod:Stacked","Rage"],"picked":"SKIP","floor":6},{"not_picked":["Armaments","Pommel Strike"],"picked":"Inflame","floor":7},{"not_picked":["Rupture","Warcry"],"picked":"Hemokinesis","floor":11},{"not_picked":["ReplayTheSpireMod:Strike From Hell","Uppercut"],"picked":"Clash","floor":14},{"not_picked":["Double Tap","Immolate"],"picked":"Feed","floor":16},{"not_picked":["ReplayTheSpireMod:Limb From Limb+1","Replay:Undeath\u0027s Touch","Armaments"],"picked":"SKIP","floor":18},{"not_picked":["ReplayTheSpireMod:Strike From Hell","ReplayTheSpireMod:Limb From Limb"],"picked":"Thunderclap+1","floor":20},{"not_picked":["Armaments","Heavy Blade"],"picked":"Iron Wave","floor":21},{"not_picked":["Blood for Blood","Perfected Strike"],"picked":"Burning Pact+1","floor":24},{"not_picked":["Reckless Charge","Headbutt","Dual Wield"],"picked":"SKIP","floor":25},{"not_picked":["Anger","Corruption"],"picked":"Shrug It Off+1","floor":27},{"not_picked":["Clash+1","Power Through","Warcry"],"picked":"SKIP","floor":29},{"not_picked":["ReplayTheSpireMod:Strike From Hell+1","Perfected Strike"],"picked":"Anger+1","floor":31},{"not_picked":["Hemogenesis","Corruption"],"picked":"Offering","floor":33},{"not_picked":["Reckless Charge","Armaments"],"picked":"Flex","floor":35},{"not_picked":["Clash","Sword Boomerang","Body Slam+1"],"picked":"SKIP","floor":37},{"not_picked":["Body Slam+1","ReplayTheSpireMod:Stacked"],"picked":"Anger+1","floor":38},{"not_picked":["Thunderclap","Limit Break"],"picked":"Anger+1","floor":39},{"not_picked":["Battle Trance+1","Power Through","Iron Wave"],"picked":"SKIP","floor":41},{"not_picked":["Twin Strike","Armaments"],"picked":"Shrug It Off","floor":44},{"not_picked":["Perfected Strike","Iron Wave"],"picked":"Carnage+1","floor":46},{"not_picked":["Headbutt","Pommel Strike+1"],"picked":"Inflame","floor":48}],"player_experience":74287,"relics_obtained":[{"floor":6,"key":"Pocketwatch"},{"floor":7,"key":"Odd Mushroom"},{"floor":9,"key":"Torii"},{"floor":26,"key":"Mango"},{"floor":29,"key":"Smiling Mask"},{"floor":31,"key":"Bottled Lightning"},{"floor":32,"key":"Blue Doll"},{"floor":43,"key":"Replay:Mystery Machine"}],"event_choices":[{"damage_healed":0,"gold_gain":0,"player_choice":"Success","damage_taken":3,"relics_obtained":["Champion Belt"],"max_hp_gain":0,"max_hp_loss":0,"event_name":"Scrap Ooze","floor":4,"gold_loss":0},{"damage_healed":0,"gold_gain":0,"player_choice":"Fought Mushrooms","damage_taken":0,"max_hp_gain":0,"max_hp_loss":0,"event_name":"Mushrooms","floor":7,"gold_loss":0},{"cards_removed":["Defend_R"],"damage_healed":0,"gold_gain":0,"player_choice":"Card Removal","damage_taken":7,"max_hp_gain":0,"max_hp_loss":0,"event_name":"Golden Wing","floor":13,"gold_loss":0},{"damage_healed":0,"gold_gain":0,"player_choice":"3 cards matched","damage_taken":0,"max_hp_gain":0,"max_hp_loss":0,"event_name":"Match and Keep!","floor":19,"gold_loss":0,"cards_obtained":["Bash","Replay:SS_hec_1","Warcry"]},{"damage_healed":0,"gold_gain":0,"player_choice":"Damaged","damage_taken":11,"max_hp_gain":0,"max_hp_loss":0,"event_name":"Wheel of Change","floor":36,"gold_loss":0}],"is_beta":false,"boss_relics":[{"not_picked":["Replay:Wanted Poster","SacredBark"],"picked":"Electric Blood"},{"not_picked":["Tiny House","Calling Bell"],"picked":"Runic Pyramid"}],"items_purged_floors":[],"is_endless":false,"potions_floor_spawned":[2,5,6,7,16,18,21,25,37,38,44,46],"ascension_level":0}}