{"host":"vucub2jtaeo9vgh1","time":1610002508,"event":{"mods":["BaseMod","BetterRewards","Minty Spire (QoL Compilation)","Quick Restart","Rare Cards Sparkle","Replay The Spire","StSLib"],"gold_per_floor":[109,109,109,284,297,324,343,37,105,134,22,22,22,33,33,135,135,147,69,81,5,72,100,100,133,133,146,146,162,188,188,188,293,293,211,226,226,126,126,152,162,197,197,50,68,99,119,138,138,138],"floor_reached":51,"playtime":1503,"items_purged":["Doubt","Parasite"],"score":1128,"play_id":"29ca6e23-41a3-4197-8905-9669251f82f9","local_time":"20210107075508","is_ascension_mode":false,"campfire_choices":[{"data":"Storm of Steel","floor":12.0,"key":"SMITH"},{"data":"Accuracy","floor":28.0,"key":"SMITH"},{"data":"Accuracy","floor":32.0,"key":"SMITH"},{"data":"Adrenaline","floor":49,"key":"SMITH"}],"circlet_count":0,"master_deck":["Defend_G+1","Defend_G+1","Defend_G+1","Defend_G+1","Defend_G+1","Leap+1","Beam Cell","Storm of Steel+1","Blade Dance","Accuracy+1","Hidden Blade","Accuracy+1","Infinite Blades","Phantasmal Killer+1","Adrenaline","Infinite Blades","Adrenaline+1"],"relics":["Ring of the Snake","NeowsBlessing","Bag of Preparation","Matryoshka","Ninja Scroll","MealTicket","Eternal Feather","Pet Ghost","Ice Cream","Replay:Drink Me","Vampiric Spirits","Snake Skull","Mirror","Bronze Scales","War Paint","Kintsugi","ReplayFunnel","Darkstone Periapt","Boot","ReplayTheSpireMod:TigerMarble","Replay:Kaleidoscope"],"acts_visited":["Exordium","TheCity","TheBeyond"],"potions_floor_usage":[50],"damage_taken":[{"damage":0.0,"enemies":"Small Slimes","floor":1.0,"turns":1.0},{"damage":0.0,"enemies":"Jaw Worm","floor":5.0,"turns":1.0},{"damage":0.0,"enemies":"Lagavulin","floor":6.0,"turns":1.0},{"damage":0.0,"enemies":"Cultist","floor":7.0,"turns":2.0},{"damage":2.0,"enemies":"3 Sentries","floor":10.0,"turns":5.0},{"damage":0.0,"enemies":"2 Fungi Beasts","floor":14.0,"turns":2.0},{"damage":18.0,"enemies":"Hexaghost","floor":16.0,"turns":6.0},{"damage":0.0,"enemies":"Spheric Guardian","floor":18.0,"turns":1.0},{"damage":10.0,"enemies":"Chosen","floor":20.0,"turns":2.0},{"damage":0.0,"enemies":"Gremlin Leader","floor":23.0,"turns":4.0},{"damage":3.0,"enemies":"Replay:Snechameleon","floor":25.0,"turns":3.0},{"damage":21.0,"enemies":"Snake Plant","floor":27.0,"turns":4.0},{"damage":3.0,"enemies":"Snecko","floor":29.0,"turns":3.0},{"damage":0.0,"enemies":"Book of Stabbing","floor":30.0,"turns":2.0},{"damage":17.0,"enemies":"Pondfish","floor":33.0,"turns":4.0},{"damage":0.0,"enemies":"Orb Walker","floor":35.0,"turns":1.0},{"damage":0.0,"enemies":"3 Shapes","floor":36.0,"turns":2.0},{"damage":9.0,"enemies":"Giant Head","floor":40.0,"turns":3.0},{"damage":12.0,"enemies":"Sphere and 2 Shapes","floor":41.0,"turns":3.0},{"damage":0.0,"enemies":"Reptomancer","floor":42.0,"turns":2.0},{"damage":0.0,"enemies":"Transient","floor":45.0,"turns":5.0},{"damage":0.0,"enemies":"Giant Head","floor":46.0,"turns":3.0},{"damage":5,"enemies":"3 Darklings","floor":47,"turns":2},{"damage":0,"enemies":"Maw","floor":48,"turns":2},{"damage":20,"enemies":"Awakened One","floor":50,"turns":4}],"seed_played":"3985324047013776033","potions_obtained":[{"floor":5.0,"key":"PowerPotion"},{"floor":6.0,"key":"Cursed Concoction"},{"floor":14.0,"key":"EssenceOfSteel"},{"floor":16.0,"key":"Block Potion"},{"floor":18.0,"key":"BlessingOfTheForge"},{"floor":22.0,"key":"Milkshake"},{"floor":22.0,"key":"EntropicBrew"},{"floor":29.0,"key":"AttackPotion"},{"floor":40.0,"key":"Poison Potion"},{"floor":45.0,"key":"FearPotion"},{"floor":47,"key":"Explosive Potion"}],"is_trial":false,"path_per_floor":["M","?","?","?","M","E","M","$","T","E","$","R","?","M","R","B",null,"M","$","M","$","?","E","?","E","T","M","R","M","E","?","R","B",null,"M","M","?","$","?","E","M","E","T","$","M","E","M","M","R","B",null],"character_chosen":"THE_SILENT","items_purchased":["Ninja Scroll","Blade Dance","ReplayTheSpireMod:Scrap Shanks","Accuracy","Infinite Blades","ReplayTheSpireMod:TigerMarble"],"campfire_rested":0,"item_purchase_floors":[8,8,11,19,21,44],"current_hp_per_floor":[70,63,63,63,63,63,63,63,63,61,70,70,70,70,70,52,53,53,53,43,53,40,49,49,50,50,32,44,50,53,53,53,36,53,53,53,53,50,50,41,31,50,50,50,50,50,45,50,50,30],"gold":138,"neow_bonus":"THREE_ENEMY_KILL","is_daily":false,"chose_seed":false,"campfire_upgraded":4,"win_rate":0.0,"timestamp":1610002508,"path_taken":["M","?","?","?","M","E","?","?","T","E","$","R","?","?","R","BOSS","M","$","M","$","?","E","?","E","T","M","R","M","E","?","R","BOSS","M","M","?","$","?","E","M","E","T","$","M","E","M","M","R","BOSS"],"items_purchased_type":["Relic","Card","Card","Card","Card","Relic"],"build_version":"2020-12-22","purchased_purges":2,"victory":true,"max_hp_per_floor":[70,70,70,70,70,70,70,70,70,70,70,70,70,70,70,70,53,53,53,53,53,53,53,53,53,53,53,53,53,53,53,53,53,53,53,53,53,50,50,50,50,50,50,50,50,50,50,50,50,50],"card_choices":[{"not_picked":["Dagger Spray","Backflip"],"picked":"Dodge and Roll","floor":1.0},{"not_picked":["Expertise","Dodge and Roll"],"picked":"Sucker Punch","floor":5.0},{"not_picked":["Deadly Poison","Hidden Blade"],"picked":"Storm of Steel","floor":6.0},{"not_picked":["Backflip","PiercingWail"],"picked":"Hidden Blade","floor":7.0},{"not_picked":["Flying Knee","Hidden Blade"],"picked":"Accuracy","floor":10.0},{"not_picked":["Fluid Movement","Endless Agony"],"picked":"Hidden Blade","floor":14.0},{"not_picked":["Blur","Sucker Punch","Poisoned Stab"],"picked":"SKIP","floor":18.0},{"not_picked":["Backflip+1","Replay:Poison Smokescreen","Choke"],"picked":"SKIP","floor":20.0},{"not_picked":["Sucker Punch","Dagger Spray"],"picked":"Phantasmal Killer","floor":23.0},{"not_picked":["Heel Hook","PiercingWail","Outmaneuver"],"picked":"SKIP","floor":25.0},{"not_picked":["Dodge and Roll","Toxin Wave"],"picked":"Adrenaline","floor":27.0},{"not_picked":["Sucker Punch","Deflect","Finisher+1"],"picked":"SKIP","floor":29.0},{"not_picked":["Deflect+1","Wraith Form v2","Catalyst"],"picked":"SKIP","floor":30.0},{"not_picked":["Hidden Blade+1","Flying Knee+1","Dodge and Roll+1"],"picked":"SKIP","floor":35.0},{"not_picked":["Deflect+1","Hidden Blade+1"],"picked":"Infinite Blades","floor":36.0},{"not_picked":["Noxious Fumes","Choke","Envenom"],"picked":"SKIP","floor":40.0},{"not_picked":["Acrobatics+1","Dagger Spray","Deflect"],"picked":"SKIP","floor":41.0},{"not_picked":["Acrobatics+1","Fluid Movement","Deadly Poison"],"picked":"SKIP","floor":42.0},{"not_picked":["Hidden Blade+1","Dodge and Roll+1","Underhanded Strike"],"picked":"SKIP","floor":45.0},{"not_picked":["Cloak And Dagger","PiercingWail+1"],"picked":"Adrenaline","floor":46.0},{"not_picked":["Replay:Poison Smokescreen+1","Dagger Spray+1","Poisoned Stab"],"picked":"SKIP","floor":47},{"not_picked":["PiercingWail+1","Dodge and Roll","Catalyst"],"picked":"SKIP","floor":48}],"player_experience":268319,"relics_obtained":[{"floor":6.0,"key":"Matryoshka"},{"floor":9.0,"key":"MealTicket"},{"floor":9.0,"key":"Eternal Feather"},{"floor":10.0,"key":"Pet Ghost"},{"floor":22.0,"key":"Vampiric Spirits"},{"floor":23.0,"key":"Snake Skull"},{"floor":25.0,"key":"Mirror"},{"floor":26.0,"key":"Bronze Scales"},{"floor":30.0,"key":"War Paint"},{"floor":40.0,"key":"ReplayFunnel"},{"floor":42.0,"key":"Darkstone Periapt"},{"floor":43.0,"key":"Boot"},{"floor":46.0,"key":"Replay:Kaleidoscope"}],"event_choices":[{"damage_healed":0.0,"max_hp_gain":0.0,"max_hp_loss":0.0,"gold_gain":0.0,"event_name":"Scrap Ooze","player_choice":"Success","floor":2.0,"gold_loss":0.0,"damage_taken":7.0,"relics_obtained":["Bag of Preparation"]},{"damage_healed":0.0,"max_hp_gain":0.0,"max_hp_loss":0.0,"gold_gain":175.0,"event_name":"Liars Game","player_choice":"AGREE","floor":4.0,"gold_loss":0.0,"damage_taken":0.0,"cards_obtained":["Doubt"]},{"cards_removed":["Dodge and Roll"],"damage_healed":0.0,"max_hp_gain":0.0,"max_hp_loss":0.0,"gold_gain":0.0,"event_name":"WeMeetAgain","player_choice":"Gave Card","floor":13.0,"gold_loss":0.0,"damage_taken":0.0,"relics_obtained":["Ice Cream"]},{"damage_healed":0.0,"max_hp_gain":0.0,"max_hp_loss":0.0,"gold_gain":0.0,"event_name":"The Cleric","player_choice":"Leave","floor":15.0,"gold_loss":0.0,"damage_taken":0.0},{"damage_healed":0.0,"max_hp_gain":0.0,"max_hp_loss":0.0,"gold_gain":0.0,"event_name":"Back to Basics","player_choice":"Simplicity","floor":24.0,"gold_loss":0.0,"damage_taken":0.0,"cards_upgraded":["Strike_G","Strike_G","Defend_G","Defend_G","Defend_G","Defend_G","Defend_G"]},{"damage_healed":0.0,"max_hp_gain":0.0,"max_hp_loss":0.0,"gold_gain":0.0,"event_name":"Vampires","player_choice":"Ignored","floor":31.0,"gold_loss":0.0,"damage_taken":0.0},{"damage_healed":0.0,"max_hp_gain":0.0,"max_hp_loss":0.0,"gold_gain":0.0,"event_name":"Tomb of Lord Red Mask","player_choice":"Ignored","floor":37.0,"gold_loss":0.0,"damage_taken":0.0},{"damage_healed":0.0,"max_hp_gain":0.0,"max_hp_loss":0.0,"gold_gain":0.0,"event_name":"The Woman in Blue","player_choice":"Bought 0 Potions","floor":39.0,"gold_loss":0.0,"damage_taken":0.0}],"is_beta":false,"boss_relics":[{"not_picked":["Runic Dome","SacredBark"],"picked":"Replay:Drink Me"},{"not_picked":["Astrolabe","Pandora\u0027s Box"],"picked":"Kintsugi"}],"items_purged_floors":[11,38],"is_endless":false,"potions_floor_spawned":[5,6,14,16,18,23,29,36,40,45,47,48],"ascension_level":0}}