{"host":"rylkjufw9dlhr07b","time":1610047833,"event":{"mods":["AchievementEnabler","BaseMod","Better Note","BetterRewards","Hubris","Minty Spire (QoL Compilation)","Quick Restart","Replay The Spire","StSLib"],"gold_per_floor":[113,124,139,156,156,156,183,183,208,226,90,90,90,90,90,103,103,103,103],"floor_reached":18,"playtime":942,"items_purged":[],"score":158,"play_id":"5a83eb52-04e7-4405-a080-ee8f9f68863a","local_time":"20210107203033","is_ascension_mode":true,"campfire_choices":[{"data":"Cloak And Dagger","floor":6,"key":"SMITH"},{"data":"Leg Sweep","floor":8,"key":"SMITH"},{"data":"Riddle With Holes","floor":13,"key":"SMITH"},{"data":"Pain","floor":17,"key":"PURGE"}],"circlet_count":0,"master_deck":["AscendersBane","Strike_G","Strike_G","Strike_G+1","Strike_G","Strike_G","Defend_G","Defend_G","Defend_G","Defend_G","Defend_G","Survivor","Neutralize","Poisoned Stab","Dagger Spray","Cloak And Dagger+1","Slice","ReplayTheSpireMod:Splinters","Leg Sweep+1","Acrobatics","Riddle With Holes","Riddle With Holes+1","ReplayTheSpireMod:Tripwire","Backflip"],"relics":["Ring of the Snake","Incense Burner","hubris:OldNail","WarpedTongs"],"acts_visited":["Exordium"],"potions_floor_usage":[3,16],"damage_taken":[{"damage":0,"enemies":"Cultist","floor":1,"turns":4},{"damage":8,"enemies":"Jaw Worm","floor":2,"turns":5},{"damage":0,"enemies":"Small Slimes","floor":3,"turns":3},{"damage":6,"enemies":"2 Fungi Beasts","floor":4,"turns":4},{"damage":0,"enemies":"Blue Slaver","floor":10,"turns":5},{"damage":6,"enemies":"Large Slime","floor":16,"turns":8},{"damage":50,"enemies":"The Guardian","floor":18,"turns":11}],"seed_played":"-4359712023608653371","potions_obtained":[{"floor":1,"key":"LifebloodPotion"},{"floor":2,"key":"SteroidPotion"}],"is_trial":false,"path_per_floor":["M","M","M","M","?","R","?","R","T","M","$","?","R","PTL","PTL","M","R","B"],"character_chosen":"THE_SILENT","items_purchased":["Riddle With Holes","ReplayTheSpireMod:Tripwire"],"campfire_rested":0,"item_purchase_floors":[11,11],"current_hp_per_floor":[70,62,62,56,56,56,56,56,56,56,56,56,56,56,56,50,50,0,0],"gold":103,"neow_bonus":"TEN_PERCENT_HP_BONUS","is_daily":false,"chose_seed":false,"campfire_upgraded":3,"win_rate":0.0,"timestamp":1610047833,"path_taken":["M","M","M","?","?","R","?","R","T","M","?","?","R","PTL","PTL","M","R","BOSS"],"items_purchased_type":["Card","Card"],"build_version":"2020-12-22","purchased_purges":0,"victory":false,"max_hp_per_floor":[77,77,77,77,77,77,77,77,77,77,77,77,77,77,77,77,77,77,77],"card_choices":[{"not_picked":["Prepared","Backstab"],"picked":"Poisoned Stab","floor":1},{"not_picked":["Dodge and Roll","Poisoned Stab"],"picked":"Dagger Spray","floor":2},{"not_picked":["Acrobatics","Outmaneuver"],"picked":"Cloak And Dagger","floor":3},{"not_picked":["Backflip","Calculated Gamble"],"picked":"Slice","floor":4},{"not_picked":["Predator","Acrobatics"],"picked":"Leg Sweep","floor":7},{"not_picked":["Storm of Steel","Flying Knee"],"picked":"Acrobatics","floor":10},{"not_picked":["Acrobatics","Underhanded Strike"],"picked":"Backflip","floor":16}],"player_experience":520814,"relics_obtained":[{"floor":7,"key":"Incense Burner"},{"floor":9,"key":"hubris:OldNail"}],"event_choices":[{"damage_healed":0,"gold_gain":0,"player_choice":"Rummage","damage_taken":0,"relics_obtained":["WarpedTongs"],"max_hp_gain":0,"max_hp_loss":0,"event_name":"Accursed Blacksmith","floor":12,"gold_loss":0,"cards_obtained":["Pain"]}],"is_beta":false,"boss_relics":[],"items_purged_floors":[],"is_endless":false,"potions_floor_spawned":[1,2],"killed_by":"The Guardian","ascension_level":11}}