{"host":"na09lpbrez4gbfiz","time":1610010233,"event":{"mods":["Act Like it!","BaseMod","BetterRewards","Colored Map","Colored Powertips","DeckTracker","Googly Eyes","Highlight Path","Minty Spire (QoL Compilation)","Quick Restart","Spicy Shops","StSLib","SuperFastMode","Synergy Search"],"gold_per_floor":[110,185,197,45,59,9,9,0,0,0,0,18,46,56,56,153,153,166,151,151,151],"floor_reached":20,"playtime":721,"items_purged":["Strike_G","Strike_G"],"score":261,"play_id":"51fdfe5d-ce1a-4005-b126-027dd27fe316","local_time":"20210107100353","is_ascension_mode":true,"campfire_choices":[{"data":"Neutralize","floor":7,"key":"SMITH"},{"data":"Noxious Fumes","floor":11,"key":"SMITH"},{"floor":15,"key":"REST"}],"circlet_count":0,"master_deck":["AscendersBane","Strike_G","Strike_G","Strike_G","Defend_G","Defend_G","Defend_G","Defend_G","Survivor","Neutralize+1","CurseOfTheBell","Noxious Fumes+1","Noxious Fumes","Blade Dance","After Image","Prepared"],"relics":["Calling Bell","Smiling Mask","Ninja Scroll","Unceasing Top","Matryoshka","InkBottle","Black Star"],"acts_visited":["Exordium","TheCity"],"potions_floor_usage":[13,13,16,16,16,16,19],"damage_taken":[{"damage":6,"enemies":"2 Louse","floor":1,"turns":3},{"damage":0,"enemies":"Cultist","floor":3,"turns":4},{"damage":1,"enemies":"Small Slimes","floor":5,"turns":4},{"damage":1,"enemies":"Looter","floor":8,"turns":5},{"damage":14,"enemies":"3 Louse","floor":12,"turns":4},{"damage":16,"enemies":"Lagavulin","floor":13,"turns":6},{"damage":10,"enemies":"Large Slime","floor":14,"turns":6},{"damage":9,"enemies":"Hexaghost","floor":16,"turns":10},{"damage":6,"enemies":"Chosen","floor":18,"turns":6},{"damage":23,"enemies":"2 Thieves","floor":19,"turns":4},{"damage":40,"enemies":"Cultist and Chosen","floor":20,"turns":6}],"seed_played":"8668302631940103687","potions_obtained":[{"floor":3,"key":"PowerPotion"},{"floor":12,"key":"GamblersBrew"},{"floor":16,"key":"FearPotion"},{"floor":19,"key":"SpeedPotion"}],"is_trial":false,"path_per_floor":["M","?","M","$","M","$","R","M","T","?","R","M","E","M","R","B",null,"M","M","M"],"character_chosen":"THE_SILENT","items_purchased":["EntropicBrew"],"campfire_rested":1,"item_purchase_floors":[4],"current_hp_per_floor":[57,50,50,50,49,49,49,48,48,48,48,34,18,8,29,20,58,52,29,0,0],"gold":151,"neow_bonus":"BOSS_RELIC","is_daily":false,"chose_seed":false,"campfire_upgraded":2,"win_rate":0.0,"timestamp":1610010233,"path_taken":["M","?","?","?","M","$","R","M","T","?","R","?","E","M","R","BOSS","M","M","M"],"items_purchased_type":["Potion"],"build_version":"2020-12-22","purchased_purges":2,"victory":false,"max_hp_per_floor":[70,70,70,70,70,70,70,70,70,70,70,70,70,70,70,70,70,70,70,70,70],"card_choices":[{"not_picked":["Quick Slash","Underhanded Strike","Backflip"],"picked":"SKIP","floor":1},{"not_picked":["Tools of the Trade","Underhanded Strike","Bane"],"picked":"SKIP","floor":3},{"not_picked":["Dagger Spray","Dodge and Roll","Concentrate"],"picked":"SKIP","floor":5},{"not_picked":["Deadly Poison","Flying Knee"],"picked":"Noxious Fumes","floor":8},{"not_picked":["Setup","Calculated Gamble","Dodge and Roll"],"picked":"SKIP","floor":12},{"not_picked":["Calculated Gamble","PiercingWail"],"picked":"Noxious Fumes","floor":13},{"not_picked":["Setup","Quick Slash"],"picked":"Blade Dance","floor":14},{"not_picked":["Night Terror","Unload"],"picked":"After Image","floor":16},{"not_picked":["Dagger Spray","Masterful Stab+1"],"picked":"Prepared","floor":18},{"not_picked":["Dodge and Roll","Backflip","Distraction"],"picked":"SKIP","floor":19}],"player_experience":162344,"relics_obtained":[{"floor":0,"key":"Smiling Mask"},{"floor":0,"key":"Ninja Scroll"},{"floor":0,"key":"Unceasing Top"},{"floor":9,"key":"Matryoshka"},{"floor":13,"key":"InkBottle"}],"event_choices":[{"damage_healed":0,"gold_gain":75,"player_choice":"Touch","damage_taken":7,"max_hp_gain":0,"max_hp_loss":0,"event_name":"FaceTrader","floor":2,"gold_loss":0},{"cards_removed":["Defend_G"],"damage_healed":0,"gold_gain":0,"player_choice":"Offered Basic","damage_taken":0,"max_hp_gain":0,"max_hp_loss":0,"event_name":"Bonfire Elementals","floor":10,"gold_loss":0}],"is_beta":false,"boss_relics":[{"not_picked":["Ectoplasm","Coffee Dripper"],"picked":"Black Star"}],"items_purged_floors":[4,6],"is_endless":false,"potions_floor_spawned":[3,12,16,19],"killed_by":"Cultist and Chosen","ascension_level":10}}