{"host":"2lvuisjyit3p3u01","time":1610017333,"event":{"mods":["Act Like it!","BaseMod","Bestiary","Better Synergies","CapriCore","Colored Map","Colored Powertips","Duelist Mod","GifTheSpireLib","Minty Spire (QoL Compilation)","Quick Restart","Replay The Spire","StSLib"],"gold_per_floor":[141,161,171,346,360,360,408,408,482,482,516,58,74,86,86,189,189,199,114,126,126,51,51,76,76,101,120,120,131,131,31,31,128,128,145,164,0,0,0,25,25,42,42,42,60,12,26,26,26,26],"floor_reached":51,"playtime":4406,"items_purged":["theDuelist:PsiCurse","theDuelist:MillenniumSpellbook"],"score":859,"play_id":"c1066886-c447-4037-a34f-5a035aba1f3f","local_time":"20210107130213","is_ascension_mode":true,"campfire_choices":[{"data":"theDuelist:ChimeratechOverdragon","floor":6.0,"key":"SMITH"},{"data":"theDuelist:TwinHeadedBehemoth","floor":8.0,"key":"SMITH"},{"data":"theDuelist:MaskedDragon","floor":10.0,"key":"SMITH"},{"data":"Doubt","floor":15.0,"key":"PURGE"},{"data":"theDuelist:CastleDragonSouls","floor":23.0,"key":"SMITH"},{"floor":32.0,"key":"REST"},{"data":"theDuelist:WingedDragonRa","floor":41,"key":"SMITH"},{"data":"theDuelist:ForbiddenLance","floor":44,"key":"SMITH"},{"floor":49,"key":"REST"}],"circlet_count":0,"master_deck":["theDuelist:BabyDragon+1","theDuelist:CastleWalls","theDuelist:CastleWalls","theDuelist:CaveDragon+1","theDuelist:CaveDragon+1","theDuelist:LesserDragon+1","theDuelist:LesserDragon+1","theDuelist:Sparks","theDuelist:Sparks","theDuelist:YamataDragon+1","theDuelist:DragonPiper","theDuelist:TwinHeadedBehemoth+1","theDuelist:MaskedDragon+1","theDuelist:ChimeratechOverdragon+1","theDuelist:UltraEvolutionPill","theDuelist:CastleDragonSouls+1","theDuelist:ForbiddenLance+1","theDuelist:Kabazauls","theDuelist:WaterDragon+1","theDuelist:BlueEyesUltimate+1","theDuelist:Mountain+1","theDuelist:MetalDragon+1","theDuelist:Raigeki","theDuelist:WingedDragonRa+1","Panacea","Decay"],"relics":["theDuelist:MillenniumPuzzle","theDuelist:CardPoolRelic","theDuelist:CardPoolBasicRelic","theDuelist:BoosterPackPoolRelic","theDuelist:CardPoolAddRelic","theDuelist:CardPoolMinusRelic","theDuelist:CardPoolSaveRelic","theDuelist:CardPoolOptionsRelic","Replay:Wax Seal","theDuelist:MonsterEggRelic","MealTicket","theDuelist:GiftAnubis","DollysMirror","Busted Crown","ReplayTheSpireMod:Lightbulb","Charon\u0027s Ashes","Simple Rune","SlaversCollar","theDuelist:MonsterEggRelic","Replay:Mystery Machine","Replay:Bottled Steam","theDuelist:GoldenScale"],"acts_visited":["Exordium","TheCity","TheBeyond"],"potions_floor_usage":[42,47,50],"damage_taken":[{"damage":0.0,"enemies":"Cultist","floor":1.0,"turns":3.0},{"damage":0.0,"enemies":"Jaw Worm","floor":2.0,"turns":2.0},{"damage":0.0,"enemies":"Small Slimes","floor":3.0,"turns":3.0},{"damage":1.0,"enemies":"Exordium Wildlife","floor":5.0,"turns":2.0},{"damage":1.0,"enemies":"Replay:BlueRogue","floor":11.0,"turns":3.0},{"damage":10.0,"enemies":"Large Slime","floor":13.0,"turns":3.0},{"damage":3.0,"enemies":"Lots of Slimes","floor":14.0,"turns":2.0},{"damage":24.0,"enemies":"Hexaghost","floor":16.0,"turns":6.0},{"damage":19.0,"enemies":"2 Thieves","floor":18.0,"turns":3.0},{"damage":10.0,"enemies":"Shell Parasite","floor":20.0,"turns":4.0},{"damage":34.0,"enemies":"Replay:Snechameleon","floor":24.0,"turns":3.0},{"damage":10.0,"enemies":"Centurion and Healer","floor":27.0,"turns":3.0},{"damage":8.0,"enemies":"Shelled Parasite and Fungi","floor":29.0,"turns":3.0},{"damage":50.0,"enemies":"Champ","floor":33.0,"turns":10.0},{"damage":12,"enemies":"3 Darklings","floor":35,"turns":3},{"damage":22,"enemies":"3 Shapes","floor":36,"turns":3},{"damage":0,"enemies":"Nemesis","floor":40,"turns":3},{"damage":8,"enemies":"Sphere and 2 Shapes","floor":42,"turns":3},{"damage":20,"enemies":"Maw","floor":45,"turns":5},{"damage":26,"enemies":"4 Shapes","floor":47,"turns":2},{"damage":15,"enemies":"Time Eater","floor":50,"turns":4}],"seed_played":"-3604488726279390152","potions_obtained":[{"floor":2.0,"key":"theDuelist:DragonfirePotion"},{"floor":5.0,"key":"theDuelist:TokenPotionB"},{"floor":11.0,"key":"theDuelist:IcePotion"},{"floor":18.0,"key":"SmokeBomb"},{"floor":24.0,"key":"theDuelist:SealedPackB"},{"floor":27.0,"key":"SpeedPotion"},{"floor":29.0,"key":"BlessingOfTheForge"},{"floor":40,"key":"theDuelist:VoidBottle"},{"floor":42,"key":"theDuelist:OrbBottle"}],"is_trial":false,"path_per_floor":["M","M","M","?","M","R","T","R","T","R","E","$","M","M","R_BF","B",null,"M","?","M","?","$","R","E","$","T","M","?","M","?","$","R","B",null,"M","M","?","$","?","E","R","M","T","R","M","$","M","?","R","B",null],"character_chosen":"THE_DUELIST","items_purchased":["theDuelist:GiftAnubis","DollysMirror","theDuelist:CastleDragonSouls","theDuelist:BottledKuriboh"],"campfire_rested":2,"item_purchase_floors":[12,12,12,46],"current_hp_per_floor":[80,80,80,80,79,79,79,79,79,79,78,80,70,71,71,47,80,61,61,51,51,66,66,32,47,47,37,37,29,29,44,68,18,80,68,46,46,61,61,61,61,53,53,53,33,48,22,16,40,25],"gold":26,"neow_bonus":"THREE_CARDS","is_daily":false,"chose_seed":false,"campfire_upgraded":6,"win_rate":0.0,"timestamp":1610017333,"path_taken":["M","?","?","?","M","R","?","R","T","R","E","?","M","M","R_BF","BOSS","M","?","M","?","$","R","E","$","T","M","?","?","?","$","R","BOSS","M","?","?","$","?","E","R","?","T","R","?","?","M","?","R","BOSS"],"items_purchased_type":["Relic","Relic","Card","Potion"],"build_version":"2020-12-22","purchased_purges":2,"victory":true,"max_hp_per_floor":[80,80,80,80,80,80,80,80,80,80,80,80,80,80,80,80,80,80,80,80,80,80,80,80,80,80,80,80,80,80,80,80,80,80,80,80,80,80,80,80,80,80,80,80,80,80,80,80,80,80],"card_choices":[{"not_picked":["theDuelist:DefenseDraw","theDuelist:BusterDrake"],"picked":"theDuelist:DragonPiper","floor":0.0},{"not_picked":["theDuelist:DefenseZone","theDuelist:MegafleetDragon","theDuelist:GalaxySoldier","theDuelist:Frostosaurus"],"picked":"theDuelist:TwinHeadedBehemoth","floor":1.0},{"not_picked":["theDuelist:Kabazauls","theDuelist:DarkDriceratops","theDuelist:RedEyes","theDuelist:TrihornedDragon"],"picked":"theDuelist:MaskedDragon","floor":2.0},{"not_picked":["theDuelist:BattleguardKing","theDuelist:Hinotama","theDuelist:LightningDarts","theDuelist:RainbowOverdragon","theDuelist:SmashingGround"],"picked":"SKIP","floor":3.0},{"not_picked":["theDuelist:BlueEyesUltimate","theDuelist:BlueDuston","theDuelist:BlackTyranno","theDuelist:CyberEndDragon"],"picked":"theDuelist:ChimeratechOverdragon","floor":5.0},{"not_picked":["theDuelist:Earthquake","theDuelist:SilverWing","theDuelist:SystemDown","theDuelist:ArtifactIgnition"],"picked":"theDuelist:UltraEvolutionPill","floor":11.0},{"not_picked":["theDuelist:BattleguardKing","theDuelist:BigFire","theDuelist:Raigeki","theDuelist:RainbowOverdragon"],"picked":"theDuelist:ForbiddenLance","floor":13.0},{"not_picked":["theDuelist:CyberValley","theDuelist:Hydrogeddon","theDuelist:MadSwordBeast","theDuelist:ViceDragon"],"picked":"theDuelist:Kabazauls","floor":14.0},{"not_picked":["theDuelist:BlueDuston","theDuelist:FiveHeaded","theDuelist:QueenDragunDjinn","theDuelist:Scapegoat"],"picked":"theDuelist:WaterDragon","floor":16.0},{"not_picked":["theDuelist:Beatraptor","theDuelist:TwinHeadedBehemoth"],"picked":"theDuelist:BlueEyesUltimate","floor":18.0},{"not_picked":["theDuelist:CloudianGhost","theDuelist:BlackBrutdrago"],"picked":"theDuelist:Mountain","floor":20.0},{"not_picked":["theDuelist:CoralDragon+1","theDuelist:Vandalgyon+1"],"picked":"theDuelist:MetalDragon","floor":24.0},{"not_picked":["theDuelist:RainbowOverdragon+1","theDuelist:Hinotama+1"],"picked":"theDuelist:Raigeki","floor":27.0},{"not_picked":["theDuelist:MiraculousDescent","theDuelist:VolcanicEruption","theDuelist:WhiteHowling"],"picked":"SKIP","floor":29.0},{"not_picked":["theDuelist:BerserkScales","theDuelist:DoomkaiserDragon"],"picked":"theDuelist:WingedDragonRa","floor":33.0},{"not_picked":["theDuelist:Scapegoat","theDuelist:DoomkaiserDragon","theDuelist:BerserkScales+1"],"picked":"SKIP","floor":35},{"not_picked":["Discovery+1"],"picked":"Panacea","floor":36},{"not_picked":["theDuelist:MiraculousDescent+1","theDuelist:GalaxySoldier+1","theDuelist:CyberLaserDragon+1"],"picked":"SKIP","floor":40},{"not_picked":["theDuelist:CaveDragon+1","theDuelist:BlackVeloci","theDuelist:BabyDragon"],"picked":"SKIP","floor":42},{"not_picked":["theDuelist:YamataDragon","theDuelist:Kabazauls","theDuelist:DarkHorus+1"],"picked":"SKIP","floor":45},{"not_picked":["theDuelist:WaterDragon+1","theDuelist:SurvivalFittest","theDuelist:BerserkScales+1"],"picked":"SKIP","floor":47}],"player_experience":259530,"relics_obtained":[{"floor":7.0,"key":"Replay:Wax Seal"},{"floor":9.0,"key":"theDuelist:MonsterEggRelic"},{"floor":11.0,"key":"MealTicket"},{"floor":24.0,"key":"Charon\u0027s Ashes"},{"floor":26.0,"key":"Simple Rune"},{"floor":40,"key":"Replay:Mystery Machine"},{"floor":43,"key":"Replay:Bottled Steam"}],"event_choices":[{"damage_healed":0.0,"max_hp_gain":0.0,"max_hp_loss":0.0,"gold_gain":175.0,"event_name":"Liars Game","player_choice":"AGREE","floor":4.0,"gold_loss":0.0,"damage_taken":0.0,"cards_obtained":["Doubt"]},{"damage_healed":0.0,"max_hp_gain":0.0,"max_hp_loss":0.0,"gold_gain":0.0,"event_name":"Addict","player_choice":"Obtained Relic","floor":19.0,"gold_loss":85.0,"damage_taken":0.0,"relics_obtained":["ReplayTheSpireMod:Lightbulb"]},{"damage_healed":0.0,"max_hp_gain":0.0,"max_hp_loss":0.0,"gold_gain":0.0,"event_name":"Millennium Items","player_choice":"Took item - Received: Millennium Spellbook","duelist":true,"floor":21.0,"gold_loss":0.0,"damage_taken":0.0},{"damage_healed":0.0,"max_hp_gain":0.0,"max_hp_loss":0.0,"gold_gain":0.0,"event_name":"The Woman in Blue","player_choice":"Bought 0 Potions","floor":28.0,"gold_loss":0.0,"damage_taken":0.0},{"damage_healed":0.0,"max_hp_gain":0.0,"max_hp_loss":0.0,"gold_gain":0.0,"event_name":"Upgrade Shrine","player_choice":"Upgraded","floor":30.0,"gold_loss":0.0,"damage_taken":0.0,"cards_upgraded":["theDuelist:Mountain"]},{"damage_healed":0,"gold_gain":0,"player_choice":"Duplicated Relic - Egg Token","duelist":true,"damage_taken":0,"max_hp_gain":0,"max_hp_loss":0,"event_name":"Relic Duplicator","floor":37,"gold_loss":0},{"damage_healed":0,"gold_gain":0,"player_choice":"Cursed","damage_taken":0,"max_hp_gain":0,"max_hp_loss":0,"event_name":"Wheel of Change","floor":39,"gold_loss":0,"cards_obtained":["Decay"]},{"damage_healed":0,"gold_gain":0,"player_choice":"Dig - random Duelist relic","duelist":true,"damage_taken":0,"max_hp_gain":0,"max_hp_loss":0,"event_name":"Aknamkanon\u0027s Tomb","floor":48,"gold_loss":0}],"is_beta":false,"boss_relics":[{"not_picked":["Empty Cage","Astrolabe"],"picked":"Busted Crown"},{"not_picked":["Fusion Hammer","Runic Dome"],"picked":"SlaversCollar"}],"items_purged_floors":[22,31],"is_endless":false,"potions_floor_spawned":[2,5,11,18,24,27,29,40,42],"ascension_level":4}}