{"host":"3j2m8n0ywf988fwb","time":1610058222,"event":{"mods":["2.2 Compatiblity","Aspiration","BaseMod","Better Altar","Better Match","Better Note","Better Sensory Stone","Better Skull","Better Third Choice","CCEM","Colored Map","Colored Powertips","Dark Map","GifTheSpireLib","Halation","HexUI Lib","Highlight Path","Hubris","Infinite Spire","Jedi Mod","Mimic Mod","Minty Spire (QoL Compilation)","Random Character Button","Replay The Spire","StSLib","Stuff the Spire","The Animator","Unceasing Turn Reminder","everything is the same but u backflip on backflip"],"gold_per_floor":[130,152,169,60,60,88,88,38,65,65,83,118,118,136,136,236,236,264,264,264,274,274,286,298,219,289,305,305,305,305],"floor_reached":29,"playtime":1896,"items_purged":["animator:Strike","animator:Gluttony"],"score":247,"play_id":"04552c7b-956c-4e95-91a3-2413efe8dd24","local_time":"20210107162342","is_ascension_mode":true,"campfire_choices":[{"data":"animator:Sloth","floor":7,"key":"SMITH"},{"data":"animator:ElricAlphonse","floor":10,"key":"SMITH"},{"floor":13,"key":"REST"},{"floor":15,"key":"REST"}],"circlet_count":0,"master_deck":["animator:Defend_FullmetalAlchemist","animator:Defend","animator:Defend","animator:Defend","animator:ElricEdward","animator:ElricAlphonse+1","animator:Sloth+1","animator:RoyMustang","animator:WinryRockbell","animator:Emonzaemon","animator:Saitama","animator:MaesHughes","animator:Gluttony","animator:Greed+1","animator:Pride+1","animator:WinryRockbell","animator:Pride"],"relics":["animator:LivingPicture","animator:TheMissingPiece","NeowsBlessing","Centennial Puzzle","White Beast Statue","Ginger","animator:RacePiece","Nunchaku","hubris:TinFlute"],"acts_visited":["Exordium","TheCity"],"potions_floor_usage":[27,29],"damage_taken":[{"damage":0,"enemies":"Cultist","floor":1,"turns":1},{"damage":0,"enemies":"2 Louse","floor":2,"turns":1},{"damage":0,"enemies":"Jaw Worm","floor":3,"turns":1},{"damage":16,"enemies":"3 Sentries","floor":6,"turns":4},{"damage":0,"enemies":"Large Slime","floor":11,"turns":6},{"damage":39,"enemies":"Gremlin Nob","floor":12,"turns":6},{"damage":14,"enemies":"Exordium Wildlife","floor":14,"turns":4},{"damage":40,"enemies":"Fading Forest","floor":16,"turns":11},{"damage":15,"enemies":"Chosen","floor":18,"turns":8},{"damage":11,"enemies":"Shell Parasite","floor":21,"turns":7},{"damage":15,"enemies":"Snecko","floor":23,"turns":7},{"damage":17,"enemies":"Centurion and Healer","floor":24,"turns":13},{"damage":8,"enemies":"Chosen and Byrds","floor":27,"turns":5},{"damage":18,"enemies":"Cultist and Chosen","floor":29,"turns":4}],"seed_played":"-3563182626184894466","potions_obtained":[{"floor":1,"key":"jedi:tentaclejuice"},{"floor":3,"key":"BlessingOfTheForge"},{"floor":11,"key":"Strength Potion"},{"floor":12,"key":"LifebloodPotion"},{"floor":18,"key":"Explosive Potion"},{"floor":27,"key":"BlessingOfTheForge"}],"is_trial":false,"path_per_floor":["M","M","M","$","?","E","R","?","T","R","M","E","R","M","R","B",null,"M","AVR","?","M","$","M","M","$","T","M","?","M"],"character_chosen":"THE_ANIMATOR","items_purchased":["animator:RoyMustang","animator:WinryRockbell"],"campfire_rested":2,"item_purchase_floors":[4,25],"current_hp_per_floor":[66,66,66,66,66,51,51,51,51,51,51,12,32,18,38,19,68,53,53,53,43,43,28,11,11,11,3,3,0,0],"gold":305,"neow_bonus":"THREE_ENEMY_KILL","is_daily":false,"chose_seed":false,"campfire_upgraded":2,"win_rate":0.0,"timestamp":1610058222,"path_taken":["M","?","M","?","?","E","R","?","T","R","?","E","R","M","R","BOSS","M","AVR","?","?","?","M","M","$","T","M","?","?"],"items_purchased_type":["Card","Card"],"build_version":"2020-12-22","purchased_purges":2,"victory":false,"max_hp_per_floor":[66,66,66,66,66,67,67,67,67,67,67,67,67,67,67,68,68,68,68,68,69,69,69,69,69,69,69,69,69,69],"card_choices":[{"not_picked":["animator:Demiurge","animator:MumenRider"],"picked":"animator:Sloth","floor":1},{"not_picked":["animator:DwarfShaman","animator:Ciel"],"picked":"animator:Tatsumaki","floor":2},{"not_picked":["animator:Tatsumaki","animator:Rena","animator:SilverFang"],"picked":"SKIP","floor":3},{"not_picked":["animator:Sloth","animator:MaesHughes"],"picked":"animator:WinryRockbell","floor":6},{"not_picked":["animator:DwarfShaman","animator:RoyMustang"],"picked":"animator:Emonzaemon","floor":11},{"not_picked":["animator:Togame","animator:Souei","animator:TsurugaMeisai"],"picked":"SKIP","floor":12},{"not_picked":["animator:Spearman","animator:Ciel","animator:Geryuganshoop"],"picked":"SKIP","floor":14},{"not_picked":["animator:Shizu","animator:HigakiRinne"],"picked":"animator:Saitama","floor":16},{"not_picked":["animator:ElricEdward","animator:MaesHughes"],"picked":"animator:Greed","floor":18},{"not_picked":["animator:Tatsumaki+1","animator:Rimuru"],"picked":"animator:Pride+1","floor":21},{"not_picked":["animator:Togame+1","animator:DwarfShaman","animator:SilverFang"],"picked":"SKIP","floor":23},{"not_picked":["animator:RoyMustang","animator:Tatsumaki","animator:Konayuki"],"picked":"SKIP","floor":24},{"not_picked":["animator:RoyMustang","animator:MaesHughes"],"picked":"animator:Pride","floor":27}],"player_experience":774587,"relics_obtained":[{"floor":5,"key":"Centennial Puzzle"},{"floor":6,"key":"White Beast Statue"},{"floor":12,"key":"Ginger"},{"floor":26,"key":"hubris:TinFlute"}],"event_choices":[{"cards_removed":["animator:Strike"],"damage_healed":0,"gold_gain":0,"player_choice":"Card Removal","damage_taken":0,"max_hp_gain":0,"max_hp_loss":0,"event_name":"The Cleric","floor":8,"gold_loss":50},{"damage_healed":0,"gold_gain":0,"player_choice":"Ignored","damage_taken":0,"max_hp_gain":0,"max_hp_loss":0,"event_name":"betterNote:BetterNote","floor":20,"gold_loss":0,"cards_obtained":["Cleave"]},{"damage_healed":0,"gold_gain":0,"player_choice":"Forge","damage_taken":0,"max_hp_gain":0,"max_hp_loss":0,"event_name":"Accursed Blacksmith","floor":28,"gold_loss":0,"cards_upgraded":["animator:Greed"]}],"is_beta":false,"boss_relics":[{"not_picked":["Replay:Ancient Bell","Calling Bell"],"picked":"animator:RacePiece"}],"items_purged_floors":[4,19],"is_endless":false,"potions_floor_spawned":[1,3,11,12,14,16,18,21,23,24,27],"killed_by":"Cultist and Chosen","ascension_level":1}}