{"host":"7qqg3hyzrz6apiso","time":1610033681,"event":{"mods":["AchievementEnabler","BaseMod","Colored Map","KOR Keyword Fix","Keyboard Shortcuts","Minty Spire (QoL Compilation)","Permanent Neow","Quick Restart","StSLib","SuperFastMode"],"gold_per_floor":[46,111,36,36,55,69,69,104,120,143,155,180,199,213,163,163,260,260,277,297,396,407,407,407],"floor_reached":22,"playtime":1224,"items_purged":["Strike_B"],"score":260,"play_id":"08425ca3-fbed-405b-99bc-3ccea012b3ec","local_time":"20210108003441","is_ascension_mode":true,"campfire_choices":[{"data":"Gash","floor":6,"key":"SMITH"},{"floor":15,"key":"REST"}],"circlet_count":0,"master_deck":["Defend_B","Defend_B","Defend_B","Defend_B","Zap+1","Dualcast","Streamline","Static Discharge","Gash+1","Stack","Cold Snap","Gash","Buffer","Hologram","Conserve Battery","Thunder Strike","Hello World+1","Skim+1","Parasite","Capacitor+1"],"relics":["Cracked Core","PreservedInsect","Oddly Smooth Stone","Bronze Scales","Bag of Marbles","Astrolabe"],"acts_visited":["Exordium","TheCity"],"potions_floor_usage":[7,16,16,21,22,22],"damage_taken":[{"damage":2,"enemies":"Small Slimes","floor":1,"turns":3},{"damage":0,"enemies":"2 Louse","floor":4,"turns":2},{"damage":9,"enemies":"Cultist","floor":5,"turns":3},{"damage":15,"enemies":"Lagavulin","floor":7,"turns":4},{"damage":9,"enemies":"Exordium Wildlife","floor":8,"turns":2},{"damage":2,"enemies":"2 Fungi Beasts","floor":10,"turns":3},{"damage":9,"enemies":"3 Sentries","floor":11,"turns":4},{"damage":13,"enemies":"3 Louse","floor":12,"turns":2},{"damage":2,"enemies":"Red Slaver","floor":13,"turns":4},{"damage":15,"enemies":"Slime Boss","floor":16,"turns":7},{"damage":11,"enemies":"Spheric Guardian","floor":18,"turns":5},{"damage":12,"enemies":"Chosen","floor":19,"turns":5},{"damage":34,"enemies":"Snake Plant","floor":21,"turns":5},{"damage":10,"enemies":"Chosen and Byrds","floor":22,"turns":4}],"seed_played":"2331254233864088515","potions_obtained":[{"floor":1,"key":"ColorlessPotion"},{"floor":7,"key":"FocusPotion"},{"floor":10,"key":"Energy Potion"},{"floor":11,"key":"LiquidMemories"},{"floor":16,"key":"Weak Potion"},{"floor":21,"key":"Energy Potion"}],"is_trial":false,"path_per_floor":["M","$","?","M","M","R","E","M","T","M","E","M","M","?","R","B",null,"M","M","?","M","M"],"character_chosen":"DEFECT","items_purchased":[],"campfire_rested":1,"item_purchase_floors":[],"current_hp_per_floor":[63,66,66,66,66,57,57,42,33,33,31,22,9,7,7,29,14,60,49,37,37,3,0,0],"gold":407,"neow_bonus":"UPGRADE_CARD","is_daily":false,"chose_seed":false,"campfire_upgraded":1,"win_rate":0.0,"timestamp":1610033681,"path_taken":["M","$","?","M","M","R","E","M","T","M","E","M","M","?","R","BOSS","M","M","?","M","M"],"items_purchased_type":[],"build_version":"2020-12-22","purchased_purges":1,"victory":false,"max_hp_per_floor":[75,75,75,75,75,75,75,75,75,75,75,75,75,75,75,75,75,75,75,75,75,75,75,75],"card_choices":[{"not_picked":["Undo","Double Energy"],"picked":"Streamline","floor":1},{"not_picked":["Sweeping Beam","Ball Lightning"],"picked":"Static Discharge","floor":4},{"not_picked":["Scrape","Chaos"],"picked":"Gash","floor":5},{"not_picked":["Ball Lightning","Consume"],"picked":"Stack","floor":7},{"not_picked":["Sweeping Beam","Compile Driver"],"picked":"Cold Snap","floor":8},{"not_picked":["Steam Power","Turbo"],"picked":"Gash","floor":10},{"not_picked":["Hologram","Stack"],"picked":"Buffer","floor":11},{"not_picked":["Compile Driver","Undo"],"picked":"Hologram","floor":12},{"not_picked":["Coolheaded","Undo"],"picked":"Conserve Battery","floor":13},{"not_picked":["Hyperbeam","Biased Cognition"],"picked":"Thunder Strike","floor":16},{"not_picked":["Ball Lightning","Steam"],"picked":"Capacitor+1","floor":18},{"not_picked":["Auto Shields+1","Cold Snap","Streamline+1"],"picked":"SKIP","floor":19},{"not_picked":["Rainbow","FTL","Steam"],"picked":"SKIP","floor":21}],"player_experience":222434,"relics_obtained":[{"floor":7,"key":"Oddly Smooth Stone"},{"floor":9,"key":"Bronze Scales"},{"floor":11,"key":"Bag of Marbles"}],"event_choices":[{"damage_healed":0,"gold_gain":0,"player_choice":"Box","damage_taken":0,"relics_obtained":["PreservedInsect"],"max_hp_gain":0,"max_hp_loss":0,"event_name":"Big Fish","floor":3,"gold_loss":0,"cards_obtained":["Regret"]},{"cards_removed":["Strike_B"],"damage_healed":0,"gold_gain":0,"player_choice":"Card Removal","damage_taken":0,"max_hp_gain":0,"max_hp_loss":0,"event_name":"The Cleric","floor":14,"gold_loss":50},{"damage_healed":0,"gold_gain":99,"player_choice":"Stole From Cult","damage_taken":0,"max_hp_gain":0,"max_hp_loss":0,"event_name":"Nest","floor":20,"gold_loss":0}],"is_beta":false,"boss_relics":[{"not_picked":["Busted Crown","Coffee Dripper"],"picked":"Astrolabe"}],"items_purged_floors":[2],"is_endless":false,"potions_floor_spawned":[1,7,10,11,12,16,21],"killed_by":"Chosen and Byrds","ascension_level":6}}