{"host":"c3lc60y5x60jlt1y","time":1610053253,"event":{"mods":["AchievementEnabler","BaseMod","Bestiary","Colored Map","Minty Spire (QoL Compilation)","Quick Restart","StSLib","ojb\u0027s Info Mod"],"gold_per_floor":[111,111,128,25,0,26,39,73,73,85,110,110,143,160,160,263,263,281,281,206,121,131,158,158,178,178,204,215,248,22,121,121,218,218,237,337,57,75,88,116,116,146,198,198,198],"floor_reached":44,"playtime":3009,"items_purged":["Defend_B"],"score":658,"play_id":"c3bf9e16-1778-49b5-b726-aafbacdd117c","local_time":"20210107230053","is_ascension_mode":true,"campfire_choices":[{"floor":15,"key":"REST"},{"data":"Ghostly","floor":24,"key":"SMITH"},{"floor":32,"key":"REST"}],"circlet_count":0,"master_deck":["Strike_B+1","Zap","Dualcast","Recycle+1","Gash","Storm","Beam Cell","Streamline","Go for the Eyes","White Noise","Consume","Loop","Beam Cell","Genetic Algorithm","All For One","Undo","Ghostly+1","Ghostly","Ghostly","Ghostly","Ghostly+1","Chaos","Coolheaded+1","Loop+1","Ball Lightning+1","Fusion","Electrodynamics","Seek+1","Chill+1","Aggregate+1","Gash+1","Defragment","Ball Lightning+1","Ball Lightning+1","Undo","Sunder+1"],"relics":["Cracked Core","NeowsBlessing","Juzu Bracelet","Pantograph","Whetstone","Bronze Scales","Pen Nib","Strawberry","Empty Cage","Omamori","White Beast Statue","Eternal Feather","Molten Egg 2","Happy Flower","Potion Belt","Astrolabe","Toolbox","Blood Vial","Ancient Tea Set","Lantern"],"acts_visited":["Exordium","TheCity","TheBeyond"],"potions_floor_usage":[13,14,16,29,29,29,29,33,33,40,42,42,42,44,44],"damage_taken":[{"damage":0,"enemies":"Jaw Worm","floor":1,"turns":1},{"damage":0,"enemies":"Cultist","floor":3,"turns":1},{"damage":0,"enemies":"Lagavulin","floor":6,"turns":1},{"damage":6,"enemies":"2 Louse","floor":7,"turns":2},{"damage":36,"enemies":"Gremlin Nob","floor":8,"turns":4},{"damage":7,"enemies":"Looter","floor":10,"turns":3},{"damage":21,"enemies":"Lagavulin","floor":11,"turns":6},{"damage":2,"enemies":"Gremlin Nob","floor":13,"turns":4},{"damage":8,"enemies":"Exordium Thugs","floor":14,"turns":3},{"damage":25,"enemies":"The Guardian","floor":16,"turns":8},{"damage":23,"enemies":"3 Byrds","floor":18,"turns":4},{"damage":0,"enemies":"2 Thieves","floor":22,"turns":5},{"damage":8,"enemies":"Slavers","floor":23,"turns":6},{"damage":3,"enemies":"Snake Plant","floor":25,"turns":5},{"damage":3,"enemies":"Gremlin Leader","floor":27,"turns":7},{"damage":11,"enemies":"Chosen and Byrds","floor":28,"turns":7},{"damage":3,"enemies":"Book of Stabbing","floor":29,"turns":6},{"damage":21,"enemies":"Automaton","floor":33,"turns":10},{"damage":18,"enemies":"3 Darklings","floor":35,"turns":7},{"damage":0,"enemies":"Orb Walker","floor":38,"turns":3},{"damage":0,"enemies":"Jaw Worm Horde","floor":39,"turns":5},{"damage":7,"enemies":"Nemesis","floor":40,"turns":7},{"damage":2,"enemies":"Reptomancer","floor":42,"turns":5},{"damage":20,"enemies":"Giant Head","floor":44,"turns":8}],"seed_played":"-5980616056400407261","potions_obtained":[{"floor":3,"key":"Block Potion"},{"floor":8,"key":"PotionOfCapacity"},{"floor":10,"key":"SteroidPotion"},{"floor":13,"key":"BlessingOfTheForge"},{"floor":18,"key":"BlessingOfTheForge"},{"floor":23,"key":"EntropicBrew"},{"floor":25,"key":"Fire Potion"},{"floor":27,"key":"PotionOfCapacity"},{"floor":29,"key":"SteroidPotion"},{"floor":33,"key":"LiquidMemories"},{"floor":35,"key":"Dexterity Potion"},{"floor":38,"key":"Weak Potion"},{"floor":39,"key":"FocusPotion"},{"floor":40,"key":"PowerPotion"},{"floor":42,"key":"Energy Potion"}],"is_trial":false,"path_per_floor":["M","?","M","$","$","E","M","E","T","M","E","T","E","M","R","B",null,"M","?","?","?","M","E","R","M","T","E","M","E","$","?","R","B",null,"M","?","$","M","M","E","?","E","T","E"],"character_chosen":"DEFECT","items_purchased":["Storm","Beam Cell","Streamline","Potion Belt","Toolbox","Defragment","SkillPotion"],"campfire_rested":2,"item_purchase_floors":[4,4,5,30,37,37,37],"current_hp_per_floor":[75,75,75,75,75,75,69,33,33,26,5,5,10,2,26,26,82,59,41,41,41,41,33,33,30,30,27,16,13,13,13,40,20,41,23,23,23,23,23,16,16,16,16,0,0],"gold":198,"neow_bonus":"THREE_ENEMY_KILL","is_daily":false,"chose_seed":false,"campfire_upgraded":1,"win_rate":0.0,"timestamp":1610053253,"path_taken":["M","?","M","?","$","E","M","E","T","M","E","?","E","M","R","BOSS","M","?","?","?","M","E","R","M","T","E","M","E","$","?","R","BOSS","M","?","$","M","M","E","?","E","T","E"],"items_purchased_type":["Card","Card","Card","Relic","Relic","Card","Potion"],"build_version":"2020-12-22","purchased_purges":1,"victory":false,"max_hp_per_floor":[75,75,75,75,75,75,75,75,75,75,75,75,82,82,82,82,82,82,41,41,41,41,41,41,41,41,41,41,41,41,41,41,41,41,41,41,41,41,41,41,41,41,41,41,41],"card_choices":[{"not_picked":["Rebound","Conserve Battery"],"picked":"Recycle","floor":1},{"not_picked":["Leap","Compile Driver"],"picked":"Gash","floor":3},{"not_picked":["Rip and Tear","Reprogram"],"picked":"Go for the Eyes","floor":6},{"not_picked":["Beam Cell","Steam"],"picked":"White Noise","floor":7},{"not_picked":["Cold Snap","Leap"],"picked":"Consume","floor":8},{"not_picked":["Streamline","Auto Shields","Go for the Eyes"],"picked":"SKIP","floor":10},{"not_picked":["White Noise","Stack"],"picked":"Loop","floor":11},{"not_picked":["Barrage","Sweeping Beam"],"picked":"Beam Cell","floor":13},{"not_picked":["Sweeping Beam","Loop"],"picked":"Genetic Algorithm","floor":14},{"not_picked":["Rainbow","Buffer"],"picked":"All For One","floor":16},{"not_picked":["Hologram+1","Loop"],"picked":"Undo","floor":18},{"not_picked":["Sweeping Beam","Turbo","Conserve Battery"],"picked":"SKIP","floor":22},{"not_picked":["Rebound","Capacitor"],"picked":"Chaos","floor":23},{"not_picked":["Compile Driver","Conserve Battery+1"],"picked":"Coolheaded+1","floor":25},{"not_picked":["Consume+1","Scrape+1"],"picked":"Loop+1","floor":27},{"not_picked":["Double Energy","Beam Cell+1"],"picked":"Ball Lightning+1","floor":28},{"not_picked":["Leap+1","Undo"],"picked":"Fusion","floor":29},{"not_picked":["Seek","Thunder Strike+1"],"picked":"Electrodynamics","floor":33},{"not_picked":["Sweeping Beam+1","Rebound+1"],"picked":"Gash+1","floor":35},{"not_picked":["Streamline+1","Darkness"],"picked":"Ball Lightning+1","floor":38},{"not_picked":["Rebound+1","Redo"],"picked":"Ball Lightning+1","floor":39},{"not_picked":["Auto Shields+1","Fusion+1"],"picked":"Undo","floor":40},{"not_picked":["Ball Lightning+1","Electrodynamics"],"picked":"Sunder+1","floor":42}],"player_experience":7618237,"relics_obtained":[{"floor":6,"key":"Juzu Bracelet"},{"floor":8,"key":"Pantograph"},{"floor":9,"key":"Whetstone"},{"floor":11,"key":"Bronze Scales"},{"floor":12,"key":"Pen Nib"},{"floor":13,"key":"Strawberry"},{"floor":23,"key":"White Beast Statue"},{"floor":26,"key":"Eternal Feather"},{"floor":27,"key":"Molten Egg 2"},{"floor":29,"key":"Happy Flower"},{"floor":40,"key":"Blood Vial"},{"floor":42,"key":"Ancient Tea Set"},{"floor":43,"key":"Lantern"}],"event_choices":[{"damage_healed":0,"gold_gain":0,"player_choice":"Upgraded","damage_taken":0,"max_hp_gain":0,"max_hp_loss":0,"event_name":"Upgrade Shrine","floor":2,"gold_loss":0,"cards_upgraded":["Recycle"]},{"damage_healed":0,"gold_gain":0,"player_choice":"Became a Ghost","damage_taken":0,"max_hp_gain":0,"max_hp_loss":41,"event_name":"Ghosts","floor":19,"gold_loss":0,"cards_obtained":["Ghostly","Ghostly","Ghostly","Ghostly","Ghostly"]},{"cards_removed":["Strike_B"],"damage_healed":0,"gold_gain":0,"player_choice":"Gave Gold","damage_taken":0,"max_hp_gain":0,"max_hp_loss":0,"event_name":"Beggar","floor":20,"gold_loss":75},{"damage_healed":0,"gold_gain":0,"player_choice":"Obtained Relic","damage_taken":0,"relics_obtained":["Omamori"],"max_hp_gain":0,"max_hp_loss":0,"event_name":"Addict","floor":21,"gold_loss":85},{"damage_healed":0,"gold_gain":99,"player_choice":"Stole From Cult","damage_taken":0,"max_hp_gain":0,"max_hp_loss":0,"event_name":"Nest","floor":31,"gold_loss":0},{"damage_healed":0,"gold_gain":100,"player_choice":"Pray","damage_taken":0,"max_hp_gain":0,"max_hp_loss":0,"event_name":"Golden Shrine","floor":36,"gold_loss":0},{"damage_healed":0,"gold_gain":0,"player_choice":"Forge","damage_taken":0,"max_hp_gain":0,"max_hp_loss":0,"event_name":"Accursed Blacksmith","floor":41,"gold_loss":0,"cards_upgraded":["Ghostly"]}],"is_beta":false,"boss_relics":[{"not_picked":["Coffee Dripper","Tiny House"],"picked":"Empty Cage"},{"not_picked":["SlaversCollar","Black Star"],"picked":"Astrolabe"}],"items_purged_floors":[30],"is_endless":false,"potions_floor_spawned":[3,8,10,11,13,18,23,25,27,28,29,33,35,38,39,40,42],"killed_by":"Giant Head","ascension_level":1}}