{"host":"cbu6enf2xtq4r7r3","time":1610039820,"event":{"mods":["2.2 Compatiblity","AlwaysNeverKeys","BaseMod","Better Match","Better Note","Better Sensory Stone","Better Skull","Better Third Choice","Colored Map","Colored Powertips","Defuse TimeMaze Blight","Emptier Cage","Minty Spire (QoL Compilation)","Permanent Neow","Quick Restart","Random Character Button","Relic Sorter","Reorder Act Four","Shop Mod","StSLib"],"gold_per_floor":[115,126,137,153,153,153,178,178,178,5,37,51,78,153,153,253,253,264,274,374,374,374,374,400,416,416,432,347,374,374,387,387,483,483,498,423,473,491,503,503,531,531,531,531,531,566,451,172,172,172,172,27,27,60,60],"floor_reached":56,"playtime":2585,"items_purged":["Aggregate+1","Dualcast+1"],"score":1440,"play_id":"7a531bee-0889-4777-bbf5-78bf1e9cfc51","local_time":"20210107181700","is_ascension_mode":true,"campfire_choices":[{"data":"Dualcast","floor":6,"key":"SMITH"},{"data":"Sweeping Beam","floor":8,"key":"SMITH"},{"data":"Genetic Algorithm","floor":15,"key":"SMITH"},{"data":"Leap","floor":23,"key":"SMITH"},{"data":"Fission","floor":30,"key":"SMITH"},{"data":"Capacitor","floor":32,"key":"SMITH"},{"data":"Glacier","floor":40,"key":"SMITH"},{"data":"Ball Lightning","floor":42,"key":"PURGE"},{"data":"Cold Snap","floor":44,"key":"PURGE"},{"data":"Glacier","floor":49,"key":"SMITH"},{"data":"Apotheosis","floor":53,"key":"SMITH"}],"circlet_count":0,"master_deck":["Defend_B","Defend_B","Defend_B","Defend_B","Zap+1","Sweeping Beam+1","Echo Form","Genetic Algorithm+1","Undo+1","Leap+1","Leap+1","Redo+1","Fission+1","Capacitor+1","Core Surge","Panache+1","Coolheaded+1","Chaos+1","Glacier+1","Apotheosis+1","Discovery","Rainbow","Defragment","Defragment","Glacier+1","Force Field","Loop","Coolheaded","Loop","Double Energy"],"relics":["Empty Cage","Du-Vu Doll","Peace Pipe","Membership Card","Torii","Blood Vial","Coffee Dripper","Symbiotic Virus","The Courier","Ice Cream","Bronze Scales","Inserter","Dead Branch","InkBottle","Prayer Wheel","HornCleat","Medical Kit","Akabeko","Lantern","Mercury Hourglass"],"acts_visited":["Exordium","TheCity","TheBeyond","TheEnding"],"potions_floor_usage":[2,11,16,19,24,24,25,46,50,50,50],"damage_taken":[{"damage":0,"enemies":"Cultist","floor":1,"turns":1},{"damage":8,"enemies":"Small Slimes","floor":2,"turns":3},{"damage":0,"enemies":"Jaw Worm","floor":3,"turns":5},{"damage":10,"enemies":"Looter","floor":4,"turns":4},{"damage":0,"enemies":"Gremlin Nob","floor":7,"turns":1},{"damage":9,"enemies":"3 Sentries","floor":11,"turns":5},{"damage":1,"enemies":"Blue Slaver","floor":12,"turns":3},{"damage":11,"enemies":"Gremlin Nob","floor":13,"turns":4},{"damage":13,"enemies":"The Guardian","floor":16,"turns":12},{"damage":0,"enemies":"Spheric Guardian","floor":18,"turns":4},{"damage":1,"enemies":"Shell Parasite","floor":19,"turns":5},{"damage":17,"enemies":"Slavers","floor":24,"turns":4},{"damage":1,"enemies":"Cultist and Chosen","floor":25,"turns":7},{"damage":0,"enemies":"Centurion and Healer","floor":27,"turns":5},{"damage":0,"enemies":"Gremlin Leader","floor":29,"turns":9},{"damage":0,"enemies":"Chosen and Byrds","floor":31,"turns":4},{"damage":9,"enemies":"Automaton","floor":33,"turns":10},{"damage":8,"enemies":"Orb Walker","floor":35,"turns":4},{"damage":0,"enemies":"Mind Bloom Boss Battle","floor":37,"turns":5},{"damage":10,"enemies":"3 Shapes","floor":38,"turns":4},{"damage":0,"enemies":"Writhing Mass","floor":39,"turns":5},{"damage":6,"enemies":"Giant Head","floor":41,"turns":12},{"damage":23,"enemies":"Nemesis","floor":46,"turns":5},{"damage":21,"enemies":"Time Eater","floor":50,"turns":8},{"damage":20,"enemies":"Shield and Spear","floor":54,"turns":4},{"damage":15,"enemies":"The Heart","floor":55,"turns":11}],"seed_played":"2966154090008335427","potions_obtained":[{"floor":1,"key":"SteroidPotion"},{"floor":7,"key":"SpeedPotion"},{"floor":13,"key":"Explosive Potion"},{"floor":16,"key":"FocusPotion"},{"floor":18,"key":"Block Potion"},{"floor":19,"key":"Explosive Potion"},{"floor":24,"key":"Ancient Potion"},{"floor":29,"key":"FearPotion"},{"floor":37,"key":"Dexterity Potion"},{"floor":41,"key":"FocusPotion"},{"floor":54,"key":"Explosive Potion"}],"is_trial":false,"path_per_floor":["M","M","M","M","?","R","E","R","T","$","E","M","E","?","R","B",null,"M","M","?","?","?","R","E","M","T","M","?","E","R","M","R","B",null,"M","?","?","M","M","R","E","R","T","R","?","E","$","$","R","B",null,"$","R","E","B",null],"character_chosen":"DEFECT","items_purchased":["Membership Card","SteroidPotion","Rainbow","FocusPotion","Medical Kit","Defragment","Defragment","Glacier","Force Field","Loop","Coolheaded","Loop","Akabeko","Lantern"],"campfire_rested":0,"item_purchase_floors":[10,10,47,47,48,48,48,48,48,48,48,52,52,52],"current_hp_per_floor":[75,67,67,57,57,57,57,57,57,57,48,47,36,25,25,14,75,75,74,74,74,74,74,58,59,59,61,61,63,63,65,65,58,75,67,67,69,61,63,63,59,59,59,59,59,38,38,38,38,19,75,75,75,55,42],"gold":60,"neow_bonus":"BOSS_RELIC","is_daily":false,"chose_seed":false,"campfire_upgraded":9,"win_rate":0.0,"timestamp":1610039820,"path_taken":["M","M","M","?","?","R","E","R","T","?","E","M","E","?","R","BOSS","M","M","?","?","?","R","E","M","T","M","?","E","R","M","R","BOSS","M","?","?","M","M","R","E","R","T","R","?","E","?","$","R","BOSS","$","R","E","BOSS"],"items_purchased_type":["Relic","Potion","Card","Potion","Relic","Card","Card","Card","Card","Card","Card","Card","Relic","Relic"],"build_version":"2020-12-22","purchased_purges":2,"victory":true,"max_hp_per_floor":[75,75,75,75,75,75,75,75,75,75,75,75,75,75,75,75,75,75,75,75,75,75,75,75,75,75,75,75,75,75,75,75,75,75,75,75,75,75,75,75,75,75,75,75,75,75,75,75,75,75,75,75,75,75,75],"card_choices":[{"not_picked":["Darkness","Consume"],"picked":"Cold Snap","floor":1},{"not_picked":["Stack","Compile Driver"],"picked":"Sweeping Beam","floor":2},{"not_picked":["Undo","Force Field"],"picked":"Ball Lightning","floor":3},{"not_picked":["Steam","Leap","Hologram"],"picked":"SKIP","floor":4},{"not_picked":["Storm","Redo"],"picked":"Echo Form","floor":7},{"not_picked":["Ball Lightning","Darkness"],"picked":"Genetic Algorithm","floor":11},{"not_picked":["Turbo","Steam Power","Go for the Eyes"],"picked":"SKIP","floor":12},{"not_picked":["Tempest","Go for the Eyes"],"picked":"Undo","floor":13},{"not_picked":["Steam","Darkness+1","Stack"],"picked":"SKIP","floor":18},{"not_picked":["Coolheaded","Conserve Battery"],"picked":"Leap","floor":19},{"not_picked":["Buffer","Barrage"],"picked":"Leap+1","floor":24},{"not_picked":["Conserve Battery","Cold Snap","Leap"],"picked":"SKIP","floor":25},{"not_picked":["Fusion","Stack"],"picked":"Redo+1","floor":27},{"not_picked":["Hologram","Stack"],"picked":"Fission","floor":29},{"not_picked":["Hologram","Sweeping Beam+1"],"picked":"Capacitor","floor":31},{"not_picked":["Echo Form","Seek"],"picked":"Core Surge","floor":33},{"not_picked":["Streamline+1","Compile Driver","Leap"],"picked":"SKIP","floor":35},{"not_picked":["Secret Technique+1","HandOfGreed+1"],"picked":"Panache+1","floor":36},{"not_picked":["Sweeping Beam+1","Compile Driver+1"],"picked":"Coolheaded+1","floor":36},{"not_picked":["Doom and Gloom+1","Sunder+1"],"picked":"Chaos+1","floor":36},{"not_picked":["Fusion+1","Go for the Eyes"],"picked":"Aggregate+1","floor":37},{"not_picked":["Stack","Coolheaded+1","Cold Snap"],"picked":"SKIP","floor":38},{"not_picked":["Cold Snap+1","Static Discharge+1"],"picked":"Glacier","floor":39},{"not_picked":["Streamline+1","Fusion+1","Lockon"],"picked":"SKIP","floor":41},{"not_picked":["Bandage Up","Good Instincts"],"picked":"Apotheosis","floor":45},{"not_picked":["Mind Blast","Jack Of All Trades"],"picked":"Discovery","floor":45},{"not_picked":["Reprogram+1","Cold Snap+1","Blizzard+1"],"picked":"SKIP","floor":46},{"not_picked":["Go for the Eyes+1","Sweeping Beam"],"picked":"Double Energy","floor":54}],"player_experience":70554,"relics_obtained":[{"floor":7,"key":"Du-Vu Doll"},{"floor":9,"key":"Peace Pipe"},{"floor":11,"key":"Torii"},{"floor":13,"key":"Blood Vial"},{"floor":24,"key":"Symbiotic Virus"},{"floor":26,"key":"The Courier"},{"floor":29,"key":"Bronze Scales"},{"floor":37,"key":"Dead Branch"},{"floor":41,"key":"InkBottle"},{"floor":43,"key":"Prayer Wheel"},{"floor":46,"key":"HornCleat"},{"floor":54,"key":"Mercury Hourglass"}],"event_choices":[{"damage_healed":0,"gold_gain":0,"player_choice":"Grow","damage_taken":0,"max_hp_gain":0,"max_hp_loss":0,"event_name":"Living Wall","floor":5,"gold_loss":0,"cards_upgraded":["Zap"]},{"damage_healed":0,"gold_gain":75,"player_choice":"Gold","damage_taken":11,"max_hp_gain":0,"max_hp_loss":0,"event_name":"betterThird:BetterGoop","floor":14,"gold_loss":0},{"damage_healed":0,"gold_gain":100,"player_choice":"Pray","damage_taken":0,"max_hp_gain":0,"max_hp_loss":0,"event_name":"Golden Shrine","floor":20,"gold_loss":0},{"cards_removed":["Strike_B"],"damage_healed":0,"gold_gain":0,"player_choice":"Offered Basic","damage_taken":0,"max_hp_gain":0,"max_hp_loss":0,"event_name":"Bonfire Elementals","floor":21,"gold_loss":0},{"damage_healed":0,"gold_gain":0,"player_choice":"Forge","damage_taken":0,"max_hp_gain":0,"max_hp_loss":0,"event_name":"Accursed Blacksmith","floor":22,"gold_loss":0,"cards_upgraded":["Undo"]},{"damage_healed":0,"gold_gain":0,"player_choice":"Obtained Relic","damage_taken":0,"relics_obtained":["Ice Cream"],"max_hp_gain":0,"max_hp_loss":0,"event_name":"Addict","floor":28,"gold_loss":85},{"damage_healed":0,"gold_gain":0,"player_choice":"2","damage_taken":0,"max_hp_gain":0,"max_hp_loss":0,"event_name":"betterMatch:BetterMatch","floor":36,"gold_loss":0,"cards_obtained":["betterMatch:ColorlessRareCard","betterMatch:CommonCard","betterMatch:UncommonCard"]},{"damage_healed":0,"gold_gain":0,"player_choice":"Fight","damage_taken":0,"max_hp_gain":0,"max_hp_loss":0,"event_name":"MindBloom","floor":37,"gold_loss":0},{"damage_healed":0,"gold_gain":3,"player_choice":"1","damage_taken":0,"max_hp_gain":0,"max_hp_loss":0,"event_name":"betterStone:BetterStone","floor":45,"gold_loss":0}],"is_beta":false,"boss_relics":[{"not_picked":["Philosopher\u0027s Stone","SlaversCollar"],"picked":"Coffee Dripper"},{"not_picked":["Cursed Key","Busted Crown"],"picked":"Inserter"}],"items_purged_floors":[47,48],"is_endless":false,"potions_floor_spawned":[1,7,13,16,18,19,24,29,37,38,41,54],"ascension_level":2}}