{"host":"ig7tc0uedzltt2sr","time":1610004053,"event":{"mods":["BaseMod","Better Twitch Integration","Block Reminder","Colored Map","Colored Powertips","Communication Mod","Current Relic Mod","GifTheSpireLib","HexUI Lib","Minty Spire (QoL Compilation)","Quick Restart","Random Character Button","Rare Cards Sparkle","Relic Sorter","Relic Stats","Slay the Relics Exporter","StSLib","SuperFastMode","Synergy Search","Twitch Decklist","Twitch Utils","everything is the same but u backflip on backflip","slay the spire mod where everything is the same but ironclad has a cowboy hat"],"gold_per_floor":[118,129,129,82,133,158,158,123,150,167,184,197,216,216,216,216,216],"floor_reached":16,"playtime":141,"items_purged":[],"score":102,"play_id":"d24e1160-f800-4f20-8ebe-5cad12af2451","local_time":"20210106232053","is_ascension_mode":false,"campfire_choices":[{"data":"Bash","floor":7,"key":"SMITH"},{"data":"Bloodletting","floor":15,"key":"SMITH"}],"circlet_count":0,"master_deck":["Strike_R","Strike_R","Strike_R","Strike_R","Strike_R","Defend_R","Defend_R","Defend_R","Bash+1","Bloodletting+1","Headbutt","Evolve","Sword Boomerang","Immolate","Anger","Evolve","Searing Blow","Power Through"],"relics":["Burning Blood","Tiny Chest","Meat on the Bone","Toy Ornithopter"],"acts_visited":["Exordium"],"potions_floor_usage":[],"damage_taken":[{"damage":9,"enemies":"Small Slimes","floor":1,"turns":7},{"damage":21,"enemies":"Jaw Worm","floor":2,"turns":6},{"damage":57,"enemies":"3 Sentries","floor":6,"turns":14},{"damage":7,"enemies":"2 Louse","floor":10,"turns":3},{"damage":6,"enemies":"Exordium Wildlife","floor":11,"turns":3},{"damage":19,"enemies":"Gremlin Gang","floor":12,"turns":4},{"damage":14,"enemies":"2 Fungi Beasts","floor":13,"turns":4},{"damage":60,"enemies":"Slime Boss","floor":16,"turns":6}],"seed_played":"4894130799871733110","potions_obtained":[{"floor":1,"key":"ColorlessPotion"},{"floor":2,"key":"EssenceOfSteel"},{"floor":10,"key":"Energy Potion"},{"floor":11,"key":"PowerPotion"},{"floor":13,"key":"Swift Potion"}],"is_trial":false,"path_per_floor":["M","M","?","$","T","E","R","?","T","M","M","M","M","$","R","B"],"character_chosen":"IRONCLAD","items_purchased":["Sword Boomerang"],"campfire_rested":0,"item_purchase_floors":[4],"current_hp_per_floor":[85,70,70,70,70,19,19,41,41,52,57,61,53,53,53,0,0],"gold":216,"neow_bonus":"TEN_PERCENT_HP_BONUS","is_daily":false,"chose_seed":false,"campfire_upgraded":2,"win_rate":0.0,"timestamp":1610004053,"path_taken":["M","M","?","?","?","E","R","?","T","M","M","M","M","$","R","BOSS"],"items_purchased_type":["Card"],"build_version":"2020-12-22","purchased_purges":0,"victory":false,"max_hp_per_floor":[88,88,88,88,88,88,88,88,88,88,88,88,88,88,88,88,88],"relic_stats":{"counters":[8,47],"Tiny Chest":0,"obtain_stats":[{"Tiny Chest":5,"Burning Blood":0,"Toy Ornithopter":9,"Meat on the Bone":6},{"Tiny Chest":2,"Burning Blood":0,"Toy Ornithopter":3,"Meat on the Bone":3},{"Tiny Chest":13,"Burning Blood":0,"Toy Ornithopter":27,"Meat on the Bone":27}],"Burning Blood":42,"Toy Ornithopter":15,"Meat on the Bone":24},"card_choices":[{"not_picked":["Havoc","Cleave"],"picked":"Bloodletting","floor":1},{"not_picked":["Cleave","Thunderclap"],"picked":"Headbutt","floor":2},{"not_picked":["Cleave","Flame Barrier"],"picked":"Immolate","floor":6},{"not_picked":["Body Slam","Cleave"],"picked":"Anger","floor":10},{"not_picked":["Cleave","Heavy Blade"],"picked":"Evolve","floor":11},{"not_picked":["True Grit","Clothesline"],"picked":"Searing Blow","floor":12},{"not_picked":["Intimidate","Pommel Strike"],"picked":"Power Through","floor":13}],"player_experience":1452940,"relics_obtained":[{"floor":5,"key":"Tiny Chest"},{"floor":6,"key":"Meat on the Bone"},{"floor":9,"key":"Toy Ornithopter"}],"event_choices":[{"damage_healed":0,"gold_gain":0,"cards_transformed":["Defend_R"],"player_choice":"Change","damage_taken":0,"max_hp_gain":0,"max_hp_loss":0,"event_name":"Living Wall","floor":3,"gold_loss":0,"cards_obtained":["Evolve"]},{"damage_healed":22,"gold_gain":0,"player_choice":"Healed","damage_taken":0,"max_hp_gain":0,"max_hp_loss":0,"event_name":"The Cleric","floor":8,"gold_loss":35}],"is_beta":false,"boss_relics":[],"items_purged_floors":[],"is_endless":false,"potions_floor_spawned":[1,2,10,11,13],"killed_by":"Slime Boss","ascension_level":0}}