{"host":"f8toxsj3bk02pkeu","time":1610027511,"event":{"mods":["BaseMod","Minty Spire (QoL Compilation)","Permanent Neow","Quick Restart","StSLib","SuperFastMode"],"gold_per_floor":[112,112,125,145,145,179,179,196,196,196,216,235,251,276,276,276,276],"floor_reached":16,"playtime":343,"items_purged":[],"score":228,"play_id":"4a95f1bf-a1ea-458d-a99b-8d9826d71ee9","local_time":"20210107065151","is_ascension_mode":true,"campfire_choices":[{"data":"Uppercut","floor":7,"key":"SMITH"},{"data":"Pommel Strike","floor":10,"key":"SMITH"},{"data":"Bash","floor":15,"key":"SMITH"}],"circlet_count":0,"master_deck":["AscendersBane","Strike_R","Strike_R","Strike_R","Strike_R","Strike_R","Defend_R","Defend_R","Defend_R","Defend_R","Bash+1","Whirlwind+1","Uppercut+1","Shrug It Off","Pommel Strike+1"],"relics":["Burning Blood","NeowsBlessing","FaceOfCleric","Pantograph","Singing Bowl","StrikeDummy"],"acts_visited":["Exordium"],"potions_floor_usage":[6,11,14],"damage_taken":[{"damage":0.0,"enemies":"Jaw Worm","floor":1.0,"turns":1.0},{"damage":0.0,"enemies":"Cultist","floor":3.0,"turns":1.0},{"damage":0.0,"enemies":"Small Slimes","floor":4.0,"turns":1.0},{"damage":56,"enemies":"Gremlin Nob","floor":6,"turns":5},{"damage":0,"enemies":"Gremlin Gang","floor":8,"turns":1},{"damage":11,"enemies":"Exordium Wildlife","floor":11,"turns":5},{"damage":4,"enemies":"Red Slaver","floor":12,"turns":4},{"damage":15,"enemies":"Exordium Thugs","floor":13,"turns":4},{"damage":40,"enemies":"Lagavulin","floor":14,"turns":6},{"damage":41,"enemies":"Hexaghost","floor":16,"turns":9}],"seed_played":"-4163342178334029045","potions_obtained":[{"floor":3.0,"key":"LiquidBronze"},{"floor":4.0,"key":"BloodPotion"},{"floor":6,"key":"ColorlessPotion"}],"is_trial":false,"path_per_floor":["M","?","M","M","?","E","R","M","T","R","M","M","M","E","R","B"],"character_chosen":"IRONCLAD","items_purchased":[],"campfire_rested":0,"item_purchase_floors":[],"current_hp_per_floor":[74,74,75,75,75,26,26,33,33,33,31,36,30,16,16,0,0],"gold":276,"neow_bonus":"THREE_ENEMY_KILL","is_daily":false,"chose_seed":false,"campfire_upgraded":3,"win_rate":0.0,"timestamp":1610027511,"path_taken":["M","?","?","M","?","E","R","?","T","R","M","M","M","E","R","BOSS"],"items_purchased_type":[],"build_version":"2020-12-22","purchased_purges":0,"victory":false,"max_hp_per_floor":[75,75,75,75,75,76,76,77,77,77,80,83,86,89,89,89,89],"card_choices":[{"not_picked":["Clash","Wild Strike"],"picked":"Whirlwind","floor":1.0},{"not_picked":["Thunderclap","Clash"],"picked":"Uppercut","floor":3.0},{"not_picked":["Pommel Strike","Clash"],"picked":"Shrug It Off","floor":4.0},{"not_picked":["Seeing Red","Armaments"],"picked":"Pommel Strike","floor":6},{"not_picked":["Ghostly Armor","Twin Strike","Searing Blow"],"picked":"SKIP","floor":8},{"not_picked":["Burning Pact","Hemokinesis","Body Slam"],"picked":"Singing Bowl","floor":11},{"not_picked":["Heavy Blade","Sword Boomerang","Brutality"],"picked":"Singing Bowl","floor":12},{"not_picked":["Armaments","Clothesline","Shrug It Off"],"picked":"Singing Bowl","floor":13},{"not_picked":["Cleave","Wild Strike","Flex"],"picked":"Singing Bowl","floor":14}],"player_experience":956857,"relics_obtained":[{"floor":6,"key":"Pantograph"},{"floor":9,"key":"Singing Bowl"},{"floor":14,"key":"StrikeDummy"}],"event_choices":[{"damage_healed":0.0,"max_hp_gain":0.0,"max_hp_loss":0.0,"gold_gain":0.0,"event_name":"Upgrade Shrine","player_choice":"Upgraded","floor":2.0,"gold_loss":0.0,"damage_taken":0.0,"cards_upgraded":["Whirlwind"]},{"damage_healed":0.0,"max_hp_gain":0.0,"max_hp_loss":0.0,"gold_gain":0.0,"event_name":"FaceTrader","player_choice":"Trade","floor":5.0,"gold_loss":0.0,"damage_taken":0.0,"relics_obtained":["FaceOfCleric"]}],"is_beta":false,"boss_relics":[],"items_purged_floors":[],"is_endless":false,"potions_floor_spawned":[3,4,6],"killed_by":"Hexaghost","ascension_level":20}}