{"host":"g75gtovmj0ine2rf","time":1610004408,"event":{"mods":["2.2 Compatiblity","AchievementEnabler","Act Like it!","Aspiration","Astrologer","Bard","BaseMod","Better Match","BetterRewards","CapriCore","Challenge The Spire","ChefMod","Colored Map","Conspire","Elementarium","Energized Spire","Friendly Minions","Gensokyo","Halation","Hallownest","Hermit","HexUI Lib","Highlight Path","Hubris","Infinite Spire","Jedi Mod","Lobotomy","Menagerie","Minty Spire (QoL Compilation)","Puzzle Mod","Quick Restart","Rare Cards Sparkle","Relic Stats","Replay The Spire","Robot Space Explorer","Shade Mod","Shop Mod","Spicy Shops","StSLib","SuperFastMode","The Construct","The Cursed","The Dragon Tamer","The Factory","The Jungle","The Marked","The Runesmith","TheBandit","TheFirefly","TheSwordswoman","TheVacant","Transform Curses","Wandering Minibosses","thorton","vexMod"],"gold_per_floor":[119,119,131,131,147,147,97,122,202,202,236,263,277,297,297,399,399,419,419,438,505,522,522,537,537,561,581,201,218,218,218],"floor_reached":30,"playtime":1864,"items_purged":[],"score":267,"play_id":"a1a0fb50-5828-4e85-a2bd-a17c515c8bec","local_time":"20210107182648","is_ascension_mode":false,"campfire_choices":[{"data":"theMarked:TakeOffHeels","floor":6.0,"key":"SMITH"},{"data":"theMarked:SoldierOfQuellstein","floor":10.0,"key":"SMITH"},{"data":"theMarked:SelfDefenseTraining","floor":15.0,"key":"SMITH"},{"data":"theMarked:AttractMetal","floor":23.0,"key":"SMITH"},{"floor":25.0,"key":"REST"}],"circlet_count":0,"master_deck":["conspire:GhostlyStrike","conspire:GhostlyStrike","conspire:GhostlyStrike","conspire:GhostlyDefend","conspire:GhostlyDefend","conspire:GhostlyDefend","conspire:GhostlyDefend","theMarked:SoldierOfQuellstein+1","theMarked:Standoff","theMarked:TakeOffHeels+1","theMarked:BindingBlade","theMarked:HeritageOfTheMarked","theMarked:SelfDefenseTraining+1","theMarked:DispelDoubt","theMarked:EmpowerWeapon+1","theMarked:Aftermath+1","theMarked:AttractMetal+1","theMarked:HeritageOfTheMarked"],"relics":["theMarked:ArtifactOfAir","hubris:Icosahedron","Pet Ghost","Chameleon Ring","infinitespire:Lucky Rock","theMarked:SpiritSword","Vajra"],"acts_visited":["Exordium","TheCity"],"potions_floor_usage":[29],"damage_taken":[{"damage":0.0,"enemies":"conspire:RoseBush","floor":1.0,"turns":2.0},{"damage":2.0,"enemies":"2 Louse","floor":3.0,"turns":3.0},{"damage":0.0,"enemies":"Small Slimes","floor":5.0,"turns":3.0},{"damage":5.0,"enemies":"3 Sentries","floor":8.0,"turns":8.0},{"damage":10.0,"enemies":"Lagavulin","floor":11.0,"turns":6.0},{"damage":0.0,"enemies":"Blue Slaver","floor":13.0,"turns":3.0},{"damage":4.0,"enemies":"3 Louse","floor":14.0,"turns":6.0},{"damage":26.0,"enemies":"Fading Forest","floor":16.0,"turns":11.0},{"damage":10.0,"enemies":"Spheric Guardian","floor":18.0,"turns":5.0},{"damage":6.0,"enemies":"3 Byrds","floor":20.0,"turns":6.0},{"damage":0.0,"enemies":"Shelled Parasite and Fungi","floor":22.0,"turns":5.0},{"damage":0.0,"enemies":"Chosen and Byrds","floor":24.0,"turns":5.0},{"damage":38.0,"enemies":"3 Cultists","floor":27.0,"turns":6.0},{"damage":0,"enemies":"Shelled Parasite and Fungi","floor":29,"turns":5},{"damage":0,"enemies":"Snecko","floor":30,"turns":2}],"seed_played":"-776380857240031275","potions_obtained":[{"floor":1.0,"key":"Adrenaline Potion"},{"floor":5.0,"key":"Fire Potion"},{"floor":8.0,"key":"Strength Potion"},{"floor":18.0,"key":"Languid Potion"},{"floor":21.0,"key":"Fruit Juice"},{"floor":21.0,"key":"DistilledChaos"},{"floor":21.0,"key":"Adrenaline Potion"},{"floor":27.0,"key":"DuplicationPotion"},{"floor":29,"key":"Elixir"}],"is_trial":false,"path_per_floor":["M","?","M","?","M","R","?","E","T","R","E","T","M","M","R","B",null,"M","?","M","?","M","R","M","R","T","M","?","M","M"],"character_chosen":"THE_DEFAULT","items_purchased":[],"campfire_rested":1,"item_purchase_floors":[],"current_hp_per_floor":[70,70,68,68,68,68,68,63,63,63,53,53,53,49,49,39,70,60,44,38,17,17,17,17,40,40,2,2,2,2,2],"gold":218,"neow_bonus":"REMOVE_CARD","is_daily":false,"chose_seed":false,"campfire_upgraded":4,"win_rate":0.0,"timestamp":1610004408,"path_taken":["M","?","M","?","M","R","?","E","T","R","E","?","M","?","R","BOSS","M","?","M","?","?","R","M","R","T","M","?","M","M"],"items_purchased_type":[],"build_version":"2020-12-22","purchased_purges":0,"victory":false,"max_hp_per_floor":[70,70,70,70,70,70,70,70,70,70,70,70,70,70,70,70,70,70,70,70,77,77,77,77,77,77,77,77,77,77,77],"relic_stats":{"counters":[15,76],"obtain_stats":[{"theMarked:ArtifactOfAir":0,"hubris:Icosahedron":2,"Chameleon Ring":9,"Vajra":26,"theMarked:SpiritSword":17,"infinitespire:Lucky Rock":11,"Pet Ghost":8},{"theMarked:ArtifactOfAir":0,"hubris:Icosahedron":1,"Chameleon Ring":4,"Vajra":12,"theMarked:SpiritSword":8,"infinitespire:Lucky Rock":5,"Pet Ghost":4},{"theMarked:ArtifactOfAir":0,"hubris:Icosahedron":2,"Chameleon Ring":16,"Vajra":63,"theMarked:SpiritSword":42,"infinitespire:Lucky Rock":22,"Pet Ghost":16}]},"card_choices":[{"not_picked":["theMarked:Improvise","theMarked:Aftermath"],"picked":"theMarked:Standoff","floor":1.0},{"not_picked":["theMarked:Reabsorb","theMarked:DeterminationOfTheMarked","theMarked:ResourceFulStrike"],"picked":"SKIP","floor":3.0},{"not_picked":["theMarked:TwofoldDefense","theMarked:ChainLightning"],"picked":"theMarked:TakeOffHeels","floor":5.0},{"not_picked":["theMarked:Indomitable","theMarked:Static","theMarked:Improvise"],"picked":"SKIP","floor":8.0},{"not_picked":["theMarked:Static","theMarked:ReduceFriction"],"picked":"theMarked:BindingBlade","floor":11.0},{"not_picked":["theMarked:ChainLightning","theMarked:BanishingWave"],"picked":"theMarked:HeritageOfTheMarked","floor":13.0},{"not_picked":["theMarked:MaelstromOfLightning","theMarked:HeightenedSenses"],"picked":"theMarked:SelfDefenseTraining","floor":14.0},{"not_picked":["theMarked:TurnInvisible","theMarked:Levitate"],"picked":"theMarked:DispelDoubt","floor":16.0},{"not_picked":["theMarked:Frustration","theMarked:Electrify"],"picked":"theMarked:EmpowerWeapon+1","floor":18.0},{"not_picked":["theMarked:WastefulDefense","theMarked:ElectricStrings","theMarked:WardOff"],"picked":"SKIP","floor":20.0},{"not_picked":["theMarked:CreepingChasm","theMarked:Seal+1"],"picked":"theMarked:Aftermath+1","floor":21.0},{"not_picked":["theMarked:WardOff","theMarked:HeightenedSenses"],"picked":"theMarked:AttractMetal","floor":22.0},{"not_picked":["theMarked:BanishingStrike","theMarked:Aftermath","theMarked:RepellingDischarge"],"picked":"SKIP","floor":24.0},{"not_picked":["theMarked:WastefulAttack","theMarked:TwofoldDefense"],"picked":"theMarked:HeritageOfTheMarked","floor":27.0},{"not_picked":["theMarked:Parkour","theMarked:Static","theMarked:HeightenedSenses"],"picked":"SKIP","floor":29}],"player_experience":1390058,"relics_obtained":[{"floor":8.0,"key":"Pet Ghost"},{"floor":9.0,"key":"Chameleon Ring"},{"floor":11.0,"key":"infinitespire:Lucky Rock"},{"floor":26.0,"key":"Vajra"}],"event_choices":[{"damage_healed":0.0,"max_hp_gain":0.0,"max_hp_loss":0.0,"gold_gain":0.0,"event_name":"conspire:LoneGhost","player_choice":"Agree","floor":4.0,"gold_loss":0.0,"damage_taken":0.0},{"cards_removed":["conspire:GhostlyStrike"],"damage_healed":0.0,"max_hp_gain":0.0,"max_hp_loss":0.0,"gold_gain":0.0,"event_name":"The Cleric","player_choice":"Card Removal","floor":7.0,"gold_loss":50.0,"damage_taken":0.0}],"is_beta":false,"boss_relics":[{"not_picked":["Ring of Chaos","Calling Bell"],"picked":"theMarked:SpiritSword"}],"items_purged_floors":[],"is_endless":false,"potions_floor_spawned":[1,5,8,18,27,29],"killed_by":"Snecko","ascension_level":0}}