{"host":"ig7tc0uedzltt2sr","time":1610062681,"event":{"mods":["BaseMod","Better Twitch Integration","Block Reminder","Colored Map","Colored Powertips","Communication Mod","Current Relic Mod","GifTheSpireLib","HexUI Lib","Minty Spire (QoL Compilation)","Quick Restart","Random Character Button","Rare Cards Sparkle","Relic Sorter","Relic Stats","Slay the Relics Exporter","StSLib","SuperFastMode","Synergy Search","Twitch Decklist","Twitch Utils","everything is the same but u backflip on backflip","slay the spire mod where everything is the same but ironclad has a cowboy hat"],"gold_per_floor":[111,123,198,208,178,162,181,181,181,181,199,217,217,217,217],"floor_reached":14,"playtime":112,"items_purged":[],"score":84,"play_id":"d1d0bd88-95c2-4432-ad90-d012c0d6ab32","local_time":"20210107153801","is_ascension_mode":false,"campfire_choices":[{"data":"Defend_R","floor":8,"key":"SMITH"},{"data":"Strike_R","floor":10,"key":"SMITH"},{"data":"Spot Weakness","floor":13,"key":"SMITH"}],"circlet_count":0,"master_deck":["Strike_R+1","Strike_R","Strike_R","Strike_R","Strike_R","Defend_R+1","Defend_R","Defend_R","Defend_R","Bash","CurseOfTheBell","Bludgeon","Pummel","Spot Weakness+1","Sever Soul","Power Through","Sever Soul","Body Slam","Intimidate"],"relics":["Calling Bell","Nunchaku","Letter Opener","Incense Burner"],"acts_visited":["Exordium"],"potions_floor_usage":[],"damage_taken":[{"damage":0,"enemies":"2 Louse","floor":1,"turns":4},{"damage":24,"enemies":"Cultist","floor":2,"turns":7},{"damage":5,"enemies":"Small Slimes","floor":4,"turns":7},{"damage":5,"enemies":"Looter","floor":5,"turns":4},{"damage":6,"enemies":"Exordium Thugs","floor":6,"turns":4},{"damage":7,"enemies":"Blue Slaver","floor":7,"turns":4},{"damage":20,"enemies":"Large Slime","floor":11,"turns":9},{"damage":0,"enemies":"2 Fungi Beasts","floor":12,"turns":3},{"damage":8,"enemies":"Gremlin Nob","floor":14,"turns":2}],"seed_played":"887841409664199105","potions_obtained":[{"floor":6,"key":"Strength Potion"},{"floor":7,"key":"DuplicationPotion"},{"floor":11,"key":"Explosive Potion"},{"floor":12,"key":"ColorlessPotion"}],"is_trial":false,"path_per_floor":["M","M","?","M","M","M","M","R","T","R","M","M","R","E"],"character_chosen":"IRONCLAD","items_purchased":[],"campfire_rested":0,"item_purchase_floors":[],"current_hp_per_floor":[80,56,48,43,38,32,25,25,25,25,5,5,5,0,0],"gold":217,"neow_bonus":"BOSS_RELIC","is_daily":false,"chose_seed":false,"campfire_upgraded":3,"win_rate":0.0,"timestamp":1610062681,"path_taken":["M","M","?","?","M","M","M","R","T","R","M","M","R","E"],"items_purchased_type":[],"build_version":"2020-12-22","purchased_purges":0,"victory":false,"max_hp_per_floor":[80,80,80,80,80,80,80,80,80,80,80,80,80,80,80],"relic_stats":{"Nunchaku":[6],"counters":[9,44],"Letter Opener":[40],"obtain_stats":[{"Calling Bell":0,"Nunchaku":0,"Incense Burner":0,"Letter Opener":0,"Burning Blood":0},{"Calling Bell":0,"Nunchaku":0,"Incense Burner":0,"Letter Opener":0,"Burning Blood":0},{"Calling Bell":0,"Nunchaku":0,"Incense Burner":0,"Letter Opener":0,"Burning Blood":0}]},"card_choices":[{"not_picked":["Cleave","Feel No Pain"],"picked":"Bludgeon","floor":1},{"not_picked":["Dual Wield","Uppercut"],"picked":"Pummel","floor":2},{"not_picked":["Warcry","Inflame"],"picked":"Spot Weakness","floor":4},{"not_picked":["Flex","Metallicize"],"picked":"Sever Soul","floor":5},{"not_picked":["Uppercut","Perfected Strike"],"picked":"Power Through","floor":6},{"not_picked":["Armaments","True Grit"],"picked":"Sever Soul","floor":7},{"not_picked":["True Grit","Shrug It Off"],"picked":"Body Slam","floor":11},{"not_picked":["Dual Wield","Shockwave"],"picked":"Intimidate","floor":12}],"player_experience":1461459,"relics_obtained":[{"floor":0,"key":"Nunchaku"},{"floor":0,"key":"Letter Opener"},{"floor":0,"key":"Incense Burner"}],"event_choices":[{"damage_healed":0,"gold_gain":75,"player_choice":"Touch","damage_taken":8,"max_hp_gain":0,"max_hp_loss":0,"event_name":"FaceTrader","floor":3,"gold_loss":0}],"is_beta":false,"boss_relics":[],"items_purged_floors":[],"is_endless":false,"potions_floor_spawned":[6,7,11,12],"killed_by":"Gremlin Nob","ascension_level":0}}