{"host":"6azrrw3tf7wb0f4b","time":1610007832,"event":{"mods":["BaseMod","DeckTracker","Minty Spire (QoL Compilation)","SuperFastMode"],"gold_per_floor":[118,118,138,21,21,21,34,34,84,95,95,122,139,157,157,255,255,275,288,203,103,122,122,141,158,181,181,209,209,209,209],"floor_reached":30,"playtime":627,"items_purged":["Parasite"],"score":483,"play_id":"b28e3b1b-3629-4dcd-8ada-0662b642897e","local_time":"20210107172352","is_ascension_mode":true,"campfire_choices":[{"data":"Loop","floor":6,"key":"SMITH"},{"data":"Machine Learning","floor":8,"key":"SMITH"},{"data":"Dualcast","floor":11,"key":"SMITH"},{"data":"Storm","floor":15,"key":"SMITH"},{"floor":23,"key":"REST"},{"floor":27,"key":"REST"}],"circlet_count":0,"master_deck":["AscendersBane","Strike_B+1","Strike_B+1","Strike_B+1","Defend_B+1","Defend_B+1","Defend_B+1","Defend_B+1","Zap","Dualcast+1","Steam","Ball Lightning","Hologram","Loop+1","Machine Learning+1","Storm+1","Chill","Capacitor","Amplify","Coolheaded","Leap","Loop","Coolheaded+1","Barrage+1"],"relics":["Cracked Core","FossilizedHelix","Dream Catcher","TungstenRod","Runic Pyramid","Ornamental Fan","Nunchaku","Blood Vial"],"acts_visited":["Exordium","TheCity"],"potions_floor_usage":[16,24,28,30],"damage_taken":[{"damage":0,"enemies":"2 Louse","floor":1,"turns":3},{"damage":1,"enemies":"Jaw Worm","floor":3,"turns":4},{"damage":0,"enemies":"Cultist","floor":7,"turns":3},{"damage":0,"enemies":"2 Fungi Beasts","floor":10,"turns":3},{"damage":20,"enemies":"Gremlin Nob","floor":12,"turns":4},{"damage":12,"enemies":"Exordium Wildlife","floor":13,"turns":4},{"damage":0,"enemies":"Looter","floor":14,"turns":2},{"damage":0,"enemies":"Slime Boss","floor":16,"turns":7},{"damage":10,"enemies":"Spheric Guardian","floor":18,"turns":4},{"damage":11,"enemies":"Shell Parasite","floor":19,"turns":5},{"damage":34,"enemies":"Snake Plant","floor":22,"turns":5},{"damage":4,"enemies":"Snecko","floor":24,"turns":5},{"damage":19,"enemies":"Chosen and Byrds","floor":25,"turns":6},{"damage":21,"enemies":"Gremlin Leader","floor":28,"turns":7},{"damage":25,"enemies":"Book of Stabbing","floor":30,"turns":4}],"seed_played":"-7847549669205474839","potions_obtained":[{"floor":12,"key":"FearPotion"},{"floor":13,"key":"SkillPotion"},{"floor":16,"key":"AttackPotion"},{"floor":24,"key":"LiquidMemories"},{"floor":28,"key":"AttackPotion"}],"is_trial":false,"path_per_floor":["M","?","M","$","?","R","M","R","T","M","R","E","M","M","R","B",null,"M","M","?","$","M","R","M","M","T","R","E","?","E"],"character_chosen":"DEFECT","items_purchased":["Hologram","Loop","Leap"],"campfire_rested":2,"item_purchase_floors":[4,4,21],"current_hp_per_floor":[68,53,52,52,52,52,52,52,52,52,52,32,20,20,20,20,61,51,40,40,40,6,27,23,4,4,25,4,4,0,0],"gold":209,"neow_bonus":"ONE_RARE_RELIC","is_daily":false,"chose_seed":false,"campfire_upgraded":4,"win_rate":0.0,"timestamp":1610007832,"path_taken":["M","?","M","$","?","R","?","R","T","M","R","E","M","M","R","BOSS","M","M","?","$","M","R","M","M","T","R","E","?","E"],"items_purchased_type":["Card","Card","Card"],"build_version":"2020-12-22","purchased_purges":1,"victory":false,"max_hp_per_floor":[75,75,75,75,75,75,75,75,75,75,75,75,75,75,75,75,75,75,75,75,72,72,72,72,72,72,72,72,72,72,72],"card_choices":[{"not_picked":["Gash","Stack"],"picked":"Steam","floor":1},{"not_picked":["Auto Shields","Go for the Eyes"],"picked":"Ball Lightning","floor":3},{"not_picked":["Go for the Eyes","Static Discharge"],"picked":"Machine Learning","floor":7},{"not_picked":["Conserve Battery","Self Repair"],"picked":"Storm","floor":10},{"not_picked":["Ball Lightning","Beam Cell","Stack"],"picked":"SKIP","floor":12},{"not_picked":["Redo","Core Surge"],"picked":"Chill","floor":13},{"not_picked":["Blizzard","Hologram"],"picked":"Capacitor","floor":14},{"not_picked":["Buffer","Seek"],"picked":"Amplify","floor":16},{"not_picked":["Melter","Steam Power","Beam Cell+1"],"picked":"SKIP","floor":18},{"not_picked":["Stack+1","Rebound"],"picked":"Coolheaded","floor":19},{"not_picked":["Genetic Algorithm","Double Energy","Melter"],"picked":"SKIP","floor":22},{"not_picked":["Recycle","Hologram"],"picked":"Loop","floor":23},{"not_picked":["Recycle","Conserve Battery"],"picked":"Coolheaded+1","floor":24},{"not_picked":["Go for the Eyes","Hologram","Ball Lightning"],"picked":"SKIP","floor":25},{"not_picked":["Reprogram","Ball Lightning"],"picked":"Barrage+1","floor":27},{"not_picked":["Sweeping Beam","Leap","Steam Power"],"picked":"SKIP","floor":28}],"player_experience":681327,"relics_obtained":[{"floor":9,"key":"Dream Catcher"},{"floor":12,"key":"TungstenRod"},{"floor":26,"key":"Nunchaku"},{"floor":28,"key":"Blood Vial"}],"event_choices":[{"damage_healed":0,"gold_gain":0,"player_choice":"Entered Light","damage_taken":15,"max_hp_gain":0,"max_hp_loss":0,"event_name":"Shining Light","floor":2,"gold_loss":0,"cards_upgraded":["Strike_B","Strike_B"]},{"cards_removed":["Strike_B"],"damage_healed":0,"gold_gain":0,"player_choice":"Offered Basic","damage_taken":0,"max_hp_gain":0,"max_hp_loss":0,"event_name":"Bonfire Elementals","floor":5,"gold_loss":0},{"damage_healed":0,"gold_gain":0,"player_choice":"Obtained Relic","damage_taken":0,"relics_obtained":["Ornamental Fan"],"max_hp_gain":0,"max_hp_loss":0,"event_name":"Addict","floor":20,"gold_loss":85},{"damage_healed":0,"gold_gain":0,"player_choice":"Simplicity","damage_taken":0,"max_hp_gain":0,"max_hp_loss":0,"event_name":"Back to Basics","floor":29,"gold_loss":0,"cards_upgraded":["Strike_B","Defend_B","Defend_B","Defend_B","Defend_B"]}],"is_beta":false,"boss_relics":[{"not_picked":["Pandora\u0027s Box","SlaversCollar"],"picked":"Runic Pyramid"}],"items_purged_floors":[21],"is_endless":false,"potions_floor_spawned":[12,13,14,16,19,24,28],"killed_by":"Book of Stabbing","ascension_level":12}}