{"host":"t5s60ss6drvva5tc","time":1610055316,"event":{"mods":["BaseMod","Colored Map","Colored Powertips","Minty Spire (QoL Compilation)"],"gold_per_floor":[110,35,35,48,48,80,56,56,56,56,67,67,83,83,83,178,178,188,204,204,216,229,229,229,229],"floor_reached":24,"playtime":1454,"items_purged":["Defend_R"],"score":221,"play_id":"930fdaec-ff34-49f7-8241-a377b54422a0","local_time":"20210108003516","is_ascension_mode":false,"campfire_choices":[{"data":"Headbutt","floor":8.0,"key":"SMITH"},{"data":"Pommel Strike","floor":10.0,"key":"SMITH"},{"data":"Twin Strike","floor":12.0,"key":"SMITH"},{"data":"Anger","floor":15.0,"key":"SMITH"},{"floor":23,"key":"REST"}],"circlet_count":0,"master_deck":["Strike_R","Strike_R","Strike_R","Defend_R","Defend_R","Defend_R","Bash","Clothesline","Pommel Strike+1","Anger+1","Headbutt+1","Twin Strike+1","Warcry","Bludgeon","Carnage+1","Flex","Twin Strike"],"relics":["Burning Blood","NeowsBlessing","Darkstone Periapt","Blood Vial","Lizard Tail","Black Star"],"acts_visited":["Exordium","TheCity"],"potions_floor_usage":[24],"damage_taken":[{"damage":0.0,"enemies":"Small Slimes","floor":1.0,"turns":1.0},{"damage":0.0,"enemies":"Cultist","floor":4.0,"turns":1.0},{"damage":0.0,"enemies":"Lagavulin","floor":6.0,"turns":1.0},{"damage":8.0,"enemies":"Jaw Worm","floor":11.0,"turns":3.0},{"damage":0.0,"enemies":"Large Slime","floor":13.0,"turns":3.0},{"damage":81.0,"enemies":"The Guardian","floor":16.0,"turns":8.0},{"damage":10.0,"enemies":"Spheric Guardian","floor":18.0,"turns":3.0},{"damage":46.0,"enemies":"2 Thieves","floor":19.0,"turns":4.0},{"damage":24.0,"enemies":"Chosen and Byrds","floor":21.0,"turns":5.0},{"damage":21.0,"enemies":"Snecko","floor":22.0,"turns":5.0},{"damage":40,"enemies":"Centurion and Healer","floor":24,"turns":6}],"seed_played":"-8854825673468447878","potions_obtained":[{"floor":1.0,"key":"BlessingOfTheForge"},{"floor":4.0,"key":"SpeedPotion"},{"floor":13.0,"key":"Weak Potion"},{"floor":19.0,"key":"ElixirPotion"},{"floor":20.0,"key":"BlessingOfTheForge"},{"floor":21.0,"key":"Block Potion"}],"is_trial":false,"path_per_floor":["M","$","?","M","?","E","$","R","T","R","M","R","M","?","R","B",null,"M","M","?","M","M","R","M"],"character_chosen":"IRONCLAD","items_purchased":["Headbutt"],"campfire_rested":1,"item_purchase_floors":[7],"current_hp_per_floor":[80,80,73,79,79,80,80,80,80,80,78,78,80,80,80,46,80,76,38,38,22,9,33,0,0],"gold":229,"neow_bonus":"THREE_ENEMY_KILL","is_daily":false,"chose_seed":false,"campfire_upgraded":4,"win_rate":0.0,"timestamp":1610055316,"path_taken":["M","$","?","M","?","E","$","R","T","R","?","R","M","?","R","BOSS","M","M","?","M","M","R","M"],"items_purchased_type":["Card"],"build_version":"2020-12-22","purchased_purges":1,"victory":false,"max_hp_per_floor":[80,80,80,80,80,80,80,80,80,80,80,80,80,80,80,80,80,80,80,80,80,80,80,80,80],"card_choices":[{"not_picked":["Infernal Blade","Warcry"],"picked":"Clothesline","floor":1.0},{"not_picked":["Twin Strike","Searing Blow"],"picked":"Pommel Strike","floor":4.0},{"not_picked":["Entrench","Twin Strike"],"picked":"Anger","floor":6.0},{"not_picked":["Dropkick","Metallicize"],"picked":"Twin Strike","floor":11.0},{"not_picked":["Searing Blow","Burning Pact"],"picked":"Warcry","floor":13.0},{"not_picked":["Fiend Fire","Berserk"],"picked":"Bludgeon","floor":16.0},{"not_picked":["Iron Wave","Entrench"],"picked":"Carnage+1","floor":18.0},{"not_picked":["Uppercut","Cleave"],"picked":"Flex","floor":19.0},{"not_picked":["Combust","True Grit"],"picked":"Twin Strike","floor":21.0},{"not_picked":["Sword Boomerang","Burning Pact","Armaments"],"picked":"SKIP","floor":22.0}],"player_experience":690,"relics_obtained":[{"floor":6.0,"key":"Blood Vial"},{"floor":9.0,"key":"Lizard Tail"}],"event_choices":[{"cards_removed":["Strike_R"],"damage_healed":0.0,"max_hp_gain":0.0,"max_hp_loss":0.0,"gold_gain":0.0,"event_name":"Golden Wing","player_choice":"Card Removal","floor":3.0,"gold_loss":0.0,"damage_taken":7.0},{"damage_healed":0.0,"max_hp_gain":0.0,"max_hp_loss":0.0,"gold_gain":0.0,"event_name":"WeMeetAgain","player_choice":"Gave Potion","floor":5.0,"gold_loss":0.0,"damage_taken":0.0,"relics_obtained":["Darkstone Periapt"]},{"cards_removed":["Strike_R"],"damage_healed":0.0,"max_hp_gain":0.0,"max_hp_loss":0.0,"gold_gain":0.0,"event_name":"Living Wall","player_choice":"Forget","floor":14.0,"gold_loss":0.0,"damage_taken":0.0},{"damage_healed":0.0,"max_hp_gain":0.0,"max_hp_loss":0.0,"gold_gain":0.0,"event_name":"Lab","player_choice":"Got Potions","floor":20.0,"gold_loss":0.0,"damage_taken":0.0}],"is_beta":false,"boss_relics":[{"not_picked":["Runic Cube","Sozu"],"picked":"Black Star"}],"items_purged_floors":[2],"is_endless":false,"potions_floor_spawned":[1,4,13,19,21],"killed_by":"Centurion and Healer","ascension_level":0}}