{"host":"vrsxkkch9ccrec7k","time":1610017777,"event":{"mods":["BaseMod","Beaked The Cultist","Bestiary","Minty Spire (QoL Compilation)","Relic Stats","Spicy Shops","StSLib","The Marked"],"gold_per_floor":[117,137,137,149,149,174,186,186,186,186,219,239,1,13,13,118,118,136,171,171,171,185,185,215,232,256,276,131,131,150,170,170,271,271,291,309,326,342,13,40,55,70,124,48,48,74,74,74,74,74],"floor_reached":51,"playtime":5377,"items_purged":["theMarked:Strike","theMarked:Strike"],"score":941,"play_id":"a1dd376b-d485-4a33-9119-9c9289f3c423","local_time":"20210107060937","is_ascension_mode":false,"campfire_choices":[{"data":"theMarked:SoldierOfQuellstein","floor":8,"key":"SMITH"},{"data":"theMarked:Improvise","floor":10,"key":"SMITH"},{"data":"theMarked:Polarize","floor":15,"key":"SMITH"},{"data":"theMarked:Challenge","floor":23,"key":"SMITH"},{"data":"theMarked:HeightenedSenses","floor":29,"key":"SMITH"},{"floor":32,"key":"REST"},{"floor":45,"key":"REST"},{"data":"theMarked:Standoff","floor":47,"key":"SMITH"},{"floor":49,"key":"REST"}],"circlet_count":0,"master_deck":["theMarked:Defend","theMarked:Defend","theMarked:Defend","theMarked:Defend","theMarked:SoldierOfQuellstein+1","theMarked:SwordAndMagic","theMarked:ElementalBlade","theMarked:Improvise+1","theMarked:EternalStudent","theMarked:ElectricStrings","theMarked:Opportunist","theMarked:Polarize+1","theMarked:Challenge+1","theMarked:EmpowerWeapon+1","theMarked:ChainLightning","Necronomicurse","theMarked:Convert","theMarked:Indomitable","theMarked:HeightenedSenses+1","theMarked:GodGivenPower","theMarked:TakeOffHeels","theMarked:ComboAttacks","theMarked:Levitate","theMarked:Standoff+1"],"relics":["theMarked:ArtifactOfAir","Nunchaku","Oddly Smooth Stone","theMarked:Gun","Singing Bowl","Sozu","Red Mask","Necronomicon","Matryoshka","Potion Belt","Bag of Preparation","theMarked:Winder","Blood Vial","Frozen Egg 2","Strawberry","Juzu Bracelet","Orichalcum"],"acts_visited":["Exordium","TheCity","TheBeyond"],"potions_floor_usage":[11,16],"damage_taken":[{"damage":0,"enemies":"Small Slimes","floor":1,"turns":3},{"damage":0,"enemies":"2 Louse","floor":2,"turns":2},{"damage":6,"enemies":"Jaw Worm","floor":4,"turns":2},{"damage":28,"enemies":"3 Sentries","floor":6,"turns":8},{"damage":5,"enemies":"Looter","floor":7,"turns":3},{"damage":0,"enemies":"Gremlin Nob","floor":11,"turns":2},{"damage":0,"enemies":"3 Louse","floor":12,"turns":2},{"damage":9,"enemies":"Red Slaver","floor":14,"turns":3},{"damage":0,"enemies":"Slime Boss","floor":16,"turns":6},{"damage":4,"enemies":"Chosen","floor":18,"turns":3},{"damage":19,"enemies":"Masked Bandits","floor":19,"turns":4},{"damage":5,"enemies":"3 Byrds","floor":22,"turns":4},{"damage":4,"enemies":"Book of Stabbing","floor":24,"turns":5},{"damage":6,"enemies":"Cultist and Chosen","floor":25,"turns":5},{"damage":0,"enemies":"Centurion and Healer","floor":27,"turns":5},{"damage":9,"enemies":"Snake Plant","floor":30,"turns":3},{"damage":10,"enemies":"Snecko","floor":31,"turns":3},{"damage":25,"enemies":"Collector","floor":33,"turns":7},{"damage":0,"enemies":"3 Shapes","floor":35,"turns":4},{"damage":3,"enemies":"Orb Walker","floor":36,"turns":3},{"damage":8,"enemies":"Transient","floor":37,"turns":5},{"damage":35,"enemies":"3 Darklings","floor":38,"turns":6},{"damage":0,"enemies":"Giant Head","floor":40,"turns":6},{"damage":26,"enemies":"Maw","floor":41,"turns":7},{"damage":15,"enemies":"Sphere and 2 Shapes","floor":42,"turns":4},{"damage":10,"enemies":"Reptomancer","floor":46,"turns":6},{"damage":44,"enemies":"Donu and Deca","floor":50,"turns":8}],"seed_played":"6882260124872017598","potions_obtained":[{"floor":2,"key":"Energy Potion"},{"floor":6,"key":"SpeedPotion"},{"floor":7,"key":"Strength Potion"},{"floor":12,"key":"SteroidPotion"},{"floor":14,"key":"theMarked:ChargePotion"}],"is_trial":false,"path_per_floor":["M","M","?","M","?","E","M","R","T","R","E","M","$","M","R","B",null,"M","?","?","?","M","R","E","M","T","M","$","R","M","M","R","B",null,"M","M","M","M","$","E","M","M","T","$","R","E","R","?","R","B",null],"character_chosen":"THE_DEFAULT","items_purchased":["Singing Bowl","theMarked:GodGivenPower","theMarked:Winder","theMarked:Levitate","Juzu Bracelet"],"campfire_rested":3,"item_purchase_floors":[13,28,39,39,44],"current_hp_per_floor":[77,77,82,76,69,41,36,36,36,36,36,36,36,29,29,29,84,80,61,45,45,42,42,40,34,34,36,36,36,29,21,49,24,94,96,95,89,54,54,54,32,21,28,28,61,55,55,55,88,46],"gold":74,"neow_bonus":"TEN_PERCENT_HP_BONUS","is_daily":false,"chose_seed":false,"campfire_upgraded":6,"win_rate":0.0,"timestamp":1610017777,"path_taken":["M","M","?","M","?","E","M","R","T","R","E","M","$","M","R","BOSS","M","?","?","?","M","R","E","M","T","M","$","R","M","M","R","BOSS","M","M","M","M","$","E","M","M","T","$","R","E","R","?","R","BOSS"],"items_purchased_type":["Relic","Card","Relic","Card","Relic"],"build_version":"2020-12-22","purchased_purges":2,"victory":true,"max_hp_per_floor":[77,77,82,82,82,82,82,82,82,82,82,82,82,84,84,84,84,84,84,84,84,86,86,88,88,88,90,90,90,92,94,94,94,94,96,98,100,100,100,100,102,104,111,111,111,113,113,113,113,113],"relic_stats":{"Sozu":11,"Blood Vial":8,"Nunchaku":[26],"Singing Bowl":24,"counters":[27,119],"Necronomicon":[0],"Bag of Preparation":[26],"Juzu Bracelet":0,"Orichalcum":[0],"obtain_stats":[{"Potion Belt":26,"theMarked:Gun":11,"Singing Bowl":13,"Oddly Smooth Stone":9,"Bag of Preparation":26,"Juzu Bracelet":44,"Frozen Egg 2":43,"Orichalcum":46,"Sozu":17,"Blood Vial":40,"theMarked:ArtifactOfAir":0,"Nunchaku":6,"Matryoshka":24,"Strawberry":43,"Red Mask":19,"Necronomicon":20,"theMarked:Winder":39},{"Potion Belt":14,"theMarked:Gun":6,"Singing Bowl":7,"Oddly Smooth Stone":5,"Bag of Preparation":14,"Juzu Bracelet":25,"Frozen Egg 2":25,"Orichalcum":26,"Sozu":9,"Blood Vial":23,"theMarked:ArtifactOfAir":0,"Nunchaku":4,"Matryoshka":13,"Strawberry":25,"Red Mask":11,"Necronomicon":11,"theMarked:Winder":22},{"Potion Belt":52,"theMarked:Gun":20,"Singing Bowl":22,"Oddly Smooth Stone":18,"Bag of Preparation":52,"Juzu Bracelet":105,"Frozen Egg 2":105,"Orichalcum":111,"Sozu":31,"Blood Vial":94,"theMarked:ArtifactOfAir":0,"Nunchaku":15,"Matryoshka":47,"Strawberry":105,"Red Mask":38,"Necronomicon":38,"theMarked:Winder":88}]},"card_choices":[{"not_picked":["theMarked:Static","theMarked:TwofoldDefense"],"picked":"theMarked:SwordAndMagic","floor":1},{"not_picked":["theMarked:Indomitable","theMarked:ElectricStrings"],"picked":"theMarked:ElementalBlade","floor":2},{"not_picked":["theMarked:WardOff","theMarked:ResourceFulStrike"],"picked":"theMarked:Improvise","floor":4},{"not_picked":["theMarked:HeritageOfTheMarked","theMarked:ContemptForTheProud"],"picked":"theMarked:EternalStudent","floor":6},{"not_picked":["theMarked:WastefulDefense","theMarked:Static"],"picked":"theMarked:ElectricStrings","floor":7},{"not_picked":["theMarked:WardOff","theMarked:Reabsorb"],"picked":"theMarked:Opportunist","floor":11},{"not_picked":["theMarked:Aftermath","theMarked:WastefulAttack"],"picked":"theMarked:Polarize","floor":12},{"not_picked":["theMarked:Parkour","theMarked:TurnInvisible","theMarked:BanishingStrike"],"picked":"Singing Bowl","floor":14},{"not_picked":["theMarked:UnarmedFury","theMarked:ChannelForce"],"picked":"theMarked:Challenge","floor":16},{"not_picked":["theMarked:DeterminationOfTheMarked+1","theMarked:AttractMetal+1"],"picked":"theMarked:EmpowerWeapon+1","floor":18},{"not_picked":["theMarked:SwordAndMagic","theMarked:WastefulAttack"],"picked":"theMarked:ChainLightning","floor":19},{"not_picked":["theMarked:WastefulDefense","theMarked:Generate","theMarked:ReduceFriction"],"picked":"Singing Bowl","floor":22},{"not_picked":["theMarked:Indomitable+1","theMarked:Snap","theMarked:BanishingWave"],"picked":"Singing Bowl","floor":24},{"not_picked":["theMarked:PowerFlow+1","theMarked:EmpowerWeapon"],"picked":"theMarked:HeightenedSenses","floor":25},{"not_picked":["theMarked:Improvise","theMarked:LightningStrikesTwice","theMarked:ElectricStrings"],"picked":"Singing Bowl","floor":27},{"not_picked":["theMarked:BanishingStrike","theMarked:ChainLightning","theMarked:Aftermath+1"],"picked":"Singing Bowl","floor":30},{"not_picked":["theMarked:BanishingStrike","theMarked:SwordAndMagic","theMarked:RepellingDischarge"],"picked":"Singing Bowl","floor":31},{"not_picked":["theMarked:SummonStrength","theMarked:SoldierForm"],"picked":"theMarked:TakeOffHeels","floor":33},{"not_picked":["theMarked:DeterminationOfTheMarked+1","theMarked:WardOff","theMarked:Electrocute"],"picked":"Singing Bowl","floor":35},{"not_picked":["theMarked:RepellingDischarge","theMarked:EmpowerWeapon","theMarked:Parkour"],"picked":"Singing Bowl","floor":36},{"not_picked":["theMarked:ChainLightning+1","theMarked:SwordAndMagic","theMarked:Static+1"],"picked":"Singing Bowl","floor":37},{"not_picked":["theMarked:WastefulDefense","theMarked:RepellingDischarge+1"],"picked":"theMarked:ComboAttacks","floor":38},{"not_picked":["theMarked:RepellingDischarge","theMarked:EnhanceMovement"],"picked":"theMarked:Standoff","floor":40},{"not_picked":["theMarked:ResourceFulStrike+1","theMarked:Generate","theMarked:EmpowerWeapon+1"],"picked":"Singing Bowl","floor":41},{"not_picked":["theMarked:Overcharge","theMarked:Electrocute","theMarked:Parry"],"picked":"Singing Bowl","floor":42},{"not_picked":["theMarked:SwordAndMagic","theMarked:CreepingChasm+1","theMarked:PowerFlow+1"],"picked":"Singing Bowl","floor":46}],"player_experience":1336269,"relics_obtained":[{"floor":6,"key":"Nunchaku"},{"floor":9,"key":"Oddly Smooth Stone"},{"floor":11,"key":"theMarked:Gun"},{"floor":19,"key":"Red Mask"},{"floor":20,"key":"Necronomicon"},{"floor":24,"key":"Matryoshka"},{"floor":26,"key":"Potion Belt"},{"floor":26,"key":"Bag of Preparation"},{"floor":40,"key":"Blood Vial"},{"floor":43,"key":"Frozen Egg 2"},{"floor":43,"key":"Strawberry"},{"floor":46,"key":"Orichalcum"}],"event_choices":[{"damage_healed":0,"gold_gain":0,"player_choice":"Donut","damage_taken":0,"max_hp_gain":5,"max_hp_loss":0,"event_name":"Big Fish","floor":3,"gold_loss":0},{"cards_removed":["theMarked:Strike"],"damage_healed":0,"gold_gain":0,"player_choice":"Card Removal","damage_taken":7,"max_hp_gain":0,"max_hp_loss":0,"event_name":"Golden Wing","floor":5,"gold_loss":0},{"damage_healed":0,"gold_gain":0,"player_choice":"Fought Bandits","damage_taken":0,"max_hp_gain":0,"max_hp_loss":0,"event_name":"Masked Bandits","floor":19,"gold_loss":0},{"damage_healed":0,"gold_gain":0,"player_choice":"Obtained Book","damage_taken":16,"max_hp_gain":0,"max_hp_loss":0,"event_name":"Cursed Tome","floor":20,"gold_loss":0},{"damage_healed":0,"gold_gain":0,"cards_transformed":["theMarked:Strike","theMarked:Strike"],"player_choice":"Became Test Subject","damage_taken":0,"max_hp_gain":0,"max_hp_loss":0,"event_name":"Drug Dealer","floor":21,"gold_loss":0,"cards_obtained":["theMarked:Convert","theMarked:Indomitable"]},{"damage_healed":0,"gold_gain":0,"player_choice":"Got Potions","damage_taken":0,"max_hp_gain":0,"max_hp_loss":0,"event_name":"Lab","floor":48,"gold_loss":0}],"is_beta":false,"boss_relics":[{"not_picked":["Calling Bell","Velvet Choker"],"picked":"Sozu"},{"not_picked":["Pandora\u0027s Box","beaked:MawFillet","Runic Dome"]}],"items_purged_floors":[28,39],"is_endless":false,"potions_floor_spawned":[2,6,7,12,14,24,27,30,35,37,40,41,46],"ascension_level":0}}