{"host":"j4g6ia6asvpyu2b0","time":1610060217,"event":{"mods":["BaseMod","Colored Map","Minty Spire (QoL Compilation)","Permanent Neow","Quick Restart","Relic Stats","StSLib","Unceasing Turn Reminder"],"gold_per_floor":[359,38,54,54,54,54,88,88,88,100,133,133,158,189,189,293,293,307,307,75,75,86,118,129,160,184,134,165,165,165,182,182,278,278,292,343,243,243,243,573,573,608,655,674,724,759,759,557,557,557,557,557,46,76,76],"floor_reached":56,"playtime":8416,"items_purged":["Strike_G","Strike_G","Strike_G","Strike_G"],"score":2009,"play_id":"e67e2392-fabf-4584-9ee2-ca2d6564db52","local_time":"20210107155657","is_ascension_mode":true,"campfire_choices":[{"data":"Sucker Punch","floor":6.0,"key":"SMITH"},{"floor":8.0,"key":"REST"},{"floor":12.0,"key":"REST"},{"data":"Caltrops","floor":15.0,"key":"SMITH"},{"data":"After Image","floor":29.0,"key":"SMITH"},{"floor":32.0,"key":"RECALL"},{"data":"Footwork","floor":41.0,"key":"SMITH"},{"data":"After Image","floor":49.0,"key":"SMITH"},{"data":"Caltrops","floor":52.0,"key":"SMITH"}],"circlet_count":0,"master_deck":["Defend_G","Defend_G","Defend_G","Defend_G","Defend_G","Survivor","Neutralize+1","Sucker Punch+1","Deadly Poison+1","Poisoned Stab+1","Deadly Poison+1","Well Laid Plans+1","Prepared+1","Crippling Poison+1","Caltrops+1","Crippling Poison+1","After Image+1","Blade Dance+1","Ghostly+1","Ghostly+1","Ghostly+1","Ghostly+1","Ghostly+1","Catalyst+1","Catalyst+1","Night Terror+1","Poisoned Stab+1","Corpse Explosion+1","Blade Dance+1","After Image+1","Footwork+1","Caltrops+1","Backflip+1","Leg Sweep+1","Prepared+1","Endless Agony+1","Catalyst+1","Caltrops+1","Footwork","Cloak And Dagger+1","Master of Strategy+1","Cloak And Dagger+1"],"relics":["Ring of the Snake","Toxic Egg 2","Akabeko","TungstenRod","Omamori","Odd Mushroom","Pantograph","Cursed Key","Lantern","Mercury Hourglass","Juzu Bracelet","Snake Skull","Smiling Mask","Sozu","Pocketwatch","Old Coin","Oddly Smooth Stone","StoneCalendar","Strawberry","Vajra","Whetstone"],"acts_visited":["Exordium","TheCity","TheBeyond","TheEnding"],"potions_floor_usage":[55],"damage_taken":[{"damage":1.0,"enemies":"Jaw Worm","floor":1.0,"turns":4.0},{"damage":1.0,"enemies":"2 Louse","floor":3.0,"turns":2.0},{"damage":15.0,"enemies":"Gremlin Nob","floor":7.0,"turns":4.0},{"damage":2.0,"enemies":"Small Slimes","floor":10.0,"turns":3.0},{"damage":25.0,"enemies":"Lagavulin","floor":11.0,"turns":5.0},{"damage":10.0,"enemies":"The Mushroom Lair","floor":13.0,"turns":3.0},{"damage":6.0,"enemies":"Gremlin Nob","floor":14.0,"turns":3.0},{"damage":6.0,"enemies":"The Guardian","floor":16.0,"turns":8.0},{"damage":0.0,"enemies":"Spheric Guardian","floor":18.0,"turns":3.0},{"damage":0.0,"enemies":"2 Thieves","floor":22.0,"turns":4.0},{"damage":0.0,"enemies":"Gremlin Leader","floor":23.0,"turns":6.0},{"damage":0.0,"enemies":"Shelled Parasite and Fungi","floor":24.0,"turns":3.0},{"damage":0.0,"enemies":"Slavers","floor":25.0,"turns":5.0},{"damage":0.0,"enemies":"Book of Stabbing","floor":28.0,"turns":5.0},{"damage":0.0,"enemies":"3 Cultists","floor":31.0,"turns":2.0},{"damage":2.0,"enemies":"Champ","floor":33.0,"turns":9.0},{"damage":0.0,"enemies":"Orb Walker","floor":35.0,"turns":4.0},{"damage":0.0,"enemies":"2 Orb Walkers","floor":36.0,"turns":3.0},{"damage":0.0,"enemies":"Reptomancer","floor":40.0,"turns":7.0},{"damage":0.0,"enemies":"Giant Head","floor":42.0,"turns":5.0},{"damage":0.0,"enemies":"3 Shapes","floor":44.0,"turns":2.0},{"damage":0.0,"enemies":"Mind Bloom Boss Battle","floor":45.0,"turns":3.0},{"damage":0.0,"enemies":"Nemesis","floor":46.0,"turns":5.0},{"damage":14.0,"enemies":"Time Eater","floor":50.0,"turns":5.0},{"damage":3.0,"enemies":"Shield and Spear","floor":54.0,"turns":7.0},{"damage":0,"enemies":"The Heart","floor":55,"turns":7}],"seed_played":"-2614760916607541331","potions_obtained":[{"floor":7.0,"key":"AttackPotion"},{"floor":10.0,"key":"Energy Potion"},{"floor":13.0,"key":"Energy Potion"},{"floor":14.0,"key":"LiquidBronze"},{"floor":22.0,"key":"DistilledChaos"},{"floor":24.0,"key":"Fruit Juice"},{"floor":33.0,"key":"Poison Potion"}],"is_trial":false,"path_per_floor":["M","$","M","?","?","R","E","R","T","M","E","R","?","E","R","B",null,"M","?","$","?","M","E","M","E","T","?","E","R","?","M","R","B",null,"M","?","$","?","?","E","R","E","T","M","?","E","?","$","R","B",null,"R","$","E","B",null],"character_chosen":"THE_SILENT","items_purchased":["Toxic Egg 2","Deadly Poison+1","Poisoned Stab","Lantern","Backflip+1","Catalyst+1","Caltrops","Footwork","Cloak And Dagger+1","Master of Strategy+1","Vajra"],"campfire_rested":2,"item_purchase_floors":[2,2,2,20,37,48,48,53,53,53,53],"current_hp_per_floor":[44,44,43,43,36,36,21,42,42,40,15,36,26,20,20,39,62,62,35,35,35,35,35,40,40,40,40,40,40,40,40,40,38,40,40,40,40,38,38,38,38,38,38,38,38,45,45,45,45,31,42,42,42,39,45],"gold":76,"neow_bonus":"TWO_FIFTY_GOLD","is_daily":false,"chose_seed":false,"campfire_upgraded":6,"win_rate":0.0,"timestamp":1610060217,"path_taken":["M","$","M","?","?","R","E","R","T","M","E","R","?","E","R","BOSS","M","?","$","?","M","E","M","E","T","?","E","R","?","M","R","BOSS","M","?","$","?","?","E","R","E","T","M","?","E","?","$","R","BOSS","R","$","E","BOSS"],"items_purchased_type":["Relic","Card","Card","Relic","Card","Card","Card","Card","Card","Card","Relic"],"build_version":"2020-12-22","purchased_purges":4,"victory":true,"max_hp_per_floor":[70,70,70,70,70,70,70,70,70,70,70,70,70,70,70,70,70,70,35,35,35,35,35,40,40,40,40,40,40,40,40,40,40,40,40,40,40,38,38,38,38,38,38,38,38,45,45,45,45,45,45,45,45,45,45],"relic_stats":{"counters":[26,115],"StoneCalendar":[44],"Snake Skull":[102],"Juzu Bracelet":2,"Whetstone":["Neutralize"],"Cursed Key":2,"Smiling Mask":225,"Mercury Hourglass":[283],"Sozu":2,"Pantograph":31,"obtain_stats":[{"Lantern":20,"Oddly Smooth Stone":42,"Vajra":53,"StoneCalendar":45,"Snake Skull":26,"Omamori":11,"Juzu Bracelet":25,"Whetstone":54,"Odd Mushroom":13,"Cursed Key":17,"Smiling Mask":28,"Akabeko":7,"Mercury Hourglass":23,"Old Coin":40,"Sozu":34,"Pantograph":14,"Strawberry":46,"Toxic Egg 2":2,"TungstenRod":9,"Ring of the Snake":0,"Pocketwatch":36},{"Lantern":9,"Oddly Smooth Stone":20,"Vajra":24,"StoneCalendar":22,"Snake Skull":13,"Omamori":5,"Juzu Bracelet":13,"Whetstone":25,"Odd Mushroom":6,"Cursed Key":8,"Smiling Mask":14,"Akabeko":3,"Mercury Hourglass":11,"Old Coin":19,"Sozu":16,"Pantograph":7,"Strawberry":23,"Toxic Egg 2":1,"TungstenRod":3,"Ring of the Snake":0,"Pocketwatch":18},{"Lantern":35,"Oddly Smooth Stone":86,"Vajra":101,"StoneCalendar":91,"Snake Skull":52,"Omamori":18,"Juzu Bracelet":52,"Whetstone":108,"Odd Mushroom":21,"Cursed Key":32,"Smiling Mask":57,"Akabeko":10,"Mercury Hourglass":45,"Old Coin":81,"Sozu":67,"Pantograph":24,"Strawberry":96,"Toxic Egg 2":4,"TungstenRod":10,"Ring of the Snake":0,"Pocketwatch":74}],"TungstenRod":43,"Ring of the Snake":[52],"Pocketwatch":[18]},"card_choices":[{"not_picked":["Endless Agony","Backflip"],"picked":"Sucker Punch","floor":1.0},{"not_picked":["Endless Agony","PiercingWail+1"],"picked":"Deadly Poison+1","floor":3.0},{"not_picked":["Poisoned Stab","Deflect+1"],"picked":"Well Laid Plans","floor":7.0},{"not_picked":["Flying Knee","Finisher"],"picked":"Prepared+1","floor":10.0},{"not_picked":["Acrobatics+1","Riddle With Holes"],"picked":"Crippling Poison+1","floor":11.0},{"not_picked":["Slice","Unload"],"picked":"Caltrops","floor":13.0},{"not_picked":["Dodge and Roll+1","Masterful Stab"],"picked":"Crippling Poison+1","floor":14.0},{"not_picked":["Glass Knife","Venomology+1"],"picked":"After Image","floor":16.0},{"not_picked":["Prepared+1","Finisher"],"picked":"Blade Dance+1","floor":18.0},{"not_picked":["Accuracy+1","Escape Plan+1"],"picked":"Catalyst+1","floor":22.0},{"not_picked":["Expertise+1","Well Laid Plans"],"picked":"Night Terror+1","floor":23.0},{"not_picked":["Predator+1","Deflect+1"],"picked":"Poisoned Stab+1","floor":24.0},{"not_picked":["Poisoned Stab","Flying Knee"],"picked":"Dagger Throw+1","floor":25.0},{"not_picked":["Deflect+1","Footwork"],"picked":"Corpse Explosion+1","floor":28.0},{"not_picked":["Deflect+1","Reflex+1"],"picked":"Blade Dance+1","floor":31.0},{"not_picked":["Phantasmal Killer+1","Venomology+1"],"picked":"After Image","floor":33.0},{"not_picked":["Slice","Flying Knee+1"],"picked":"Footwork","floor":35.0},{"not_picked":["Outmaneuver+1","Backstab+1"],"picked":"Caltrops+1","floor":36.0},{"not_picked":["Venomology+1","All Out Attack+1"],"picked":"Leg Sweep+1","floor":40.0},{"not_picked":["Setup+1","Underhanded Strike+1"],"picked":"Prepared+1","floor":42.0},{"not_picked":["Slice","Quick Slash"],"picked":"Endless Agony+1","floor":44.0},{"not_picked":["Accuracy+1","Dagger Spray+1","Concentrate+1"],"picked":"SKIP","floor":46.0},{"not_picked":["Acrobatics+1","Escape Plan+1"],"picked":"Cloak And Dagger+1","floor":54.0}],"player_experience":754314,"relics_obtained":[{"floor":7.0,"key":"Akabeko"},{"floor":9.0,"key":"TungstenRod"},{"floor":11.0,"key":"Omamori"},{"floor":13.0,"key":"Odd Mushroom"},{"floor":14.0,"key":"Pantograph"},{"floor":23.0,"key":"Mercury Hourglass"},{"floor":25.0,"key":"Juzu Bracelet"},{"floor":26.0,"key":"Snake Skull"},{"floor":28.0,"key":"Smiling Mask"},{"floor":36.0,"key":"Pocketwatch"},{"floor":40.0,"key":"Old Coin"},{"floor":42.0,"key":"Oddly Smooth Stone"},{"floor":45.0,"key":"StoneCalendar"},{"floor":46.0,"key":"Strawberry"},{"floor":54.0,"key":"Whetstone"}],"event_choices":[{"damage_healed":0.0,"max_hp_gain":0.0,"max_hp_loss":0.0,"gold_gain":0.0,"event_name":"Living Wall","player_choice":"Grow","floor":4.0,"gold_loss":0.0,"damage_taken":0.0,"cards_upgraded":["Poisoned Stab"]},{"cards_removed":["Strike_G"],"damage_healed":0.0,"max_hp_gain":0.0,"max_hp_loss":0.0,"gold_gain":0.0,"event_name":"Golden Wing","player_choice":"Card Removal","floor":5.0,"gold_loss":0.0,"damage_taken":7.0},{"damage_healed":0.0,"max_hp_gain":0.0,"max_hp_loss":0.0,"gold_gain":0.0,"event_name":"Mushrooms","player_choice":"Fought Mushrooms","floor":13.0,"gold_loss":0.0,"damage_taken":0.0},{"damage_healed":0.0,"max_hp_gain":0.0,"max_hp_loss":35.0,"gold_gain":0.0,"event_name":"Ghosts","player_choice":"Became a Ghost","floor":19.0,"gold_loss":0.0,"damage_taken":0.0,"cards_obtained":["Ghostly","Ghostly","Ghostly","Ghostly","Ghostly"]},{"damage_healed":0.0,"max_hp_gain":0.0,"max_hp_loss":0.0,"gold_gain":0.0,"event_name":"The Library","player_choice":"Read","floor":21.0,"gold_loss":0.0,"damage_taken":0.0,"cards_obtained":["Catalyst"]},{"damage_healed":0.0,"max_hp_gain":0.0,"max_hp_loss":0.0,"gold_gain":0.0,"event_name":"The Joust","player_choice":"Bet on Owner","floor":27.0,"gold_loss":50.0,"damage_taken":0.0},{"damage_healed":0.0,"max_hp_gain":0.0,"max_hp_loss":0.0,"gold_gain":0.0,"event_name":"Accursed Blacksmith","player_choice":"Forge","floor":30.0,"gold_loss":0.0,"damage_taken":0.0,"cards_upgraded":["Well Laid Plans"]},{"damage_healed":0.0,"max_hp_gain":0.0,"max_hp_loss":0.0,"gold_gain":0.0,"event_name":"Mysterious Sphere","player_choice":"Fight","floor":36.0,"gold_loss":0.0,"damage_taken":0.0},{"damage_healed":0.0,"max_hp_gain":0.0,"max_hp_loss":2.0,"gold_gain":0.0,"event_name":"Winding Halls","player_choice":"Max HP","floor":38.0,"gold_loss":0.0,"damage_taken":0.0},{"damage_healed":0.0,"max_hp_gain":0.0,"max_hp_loss":0.0,"gold_gain":0.0,"event_name":"Tomb of Lord Red Mask","player_choice":"Ignored","floor":39.0,"gold_loss":0.0,"damage_taken":0.0},{"damage_healed":0.0,"max_hp_gain":0.0,"max_hp_loss":0.0,"gold_gain":0.0,"event_name":"MindBloom","player_choice":"Fight","floor":45.0,"gold_loss":0.0,"damage_taken":0.0},{"cards_removed":["Dagger Throw"],"damage_healed":0.0,"max_hp_gain":0.0,"max_hp_loss":0.0,"gold_gain":0.0,"event_name":"Falling","player_choice":"Removed Attack","floor":47.0,"gold_loss":0.0,"damage_taken":0.0}],"is_beta":false,"boss_relics":[{"not_picked":["Coffee Dripper","Astrolabe"],"picked":"Cursed Key"},{"not_picked":["Runic Dome","Empty Cage"],"picked":"Sozu"}],"items_purged_floors":[20,37,48,53],"is_endless":false,"potions_floor_spawned":[7,10,13,14,22,23,24,33,40,44],"ascension_level":8}}