{"host":"8p20qbbyxti0ato4","time":1610018122,"event":{"mods":["AchievementEnabler","BaseMod","BetterRewards","Colored Map","Colored Powertips","Downfall","Highlight Path","Hubris","Infinite Spire","Minty Spire (QoL Compilation)","Replay The Spire","StSLib"],"gold_per_floor":[99,109,109,127,127,202,222,222,222,252,252,286,286,297,297,392,392,392,392],"floor_reached":18,"playtime":734,"items_purged":[],"score":303,"play_id":"4852d604-5d33-4d0b-881d-eef713e924fa","local_time":"20210107111522","daily_mods":["Vintage","downfall:Lament","DeadlyEvents","Elite Swarm"],"is_ascension_mode":false,"campfire_choices":[{"data":"Dualcast","floor":8,"key":"SMITH"},{"floor":13,"key":"REST"},{"data":"Guardian:CompilePackage","floor":15,"key":"SMITH"}],"circlet_count":0,"master_deck":["Strike_B","Strike_B","Defend_B","Defend_B","Defend_B","Defend_B","Zap","Dualcast+1","Slimebound:MassFeed+1","Slimebound:Chomp","Guardian:CompilePackage+1","sneckomod:UnknownRarePower+1","champ:PerfectForm+1"],"relics":["Cracked Core","NeowsBlessing","hubris:MobiusCoin","hubris:DisguiseKit","hubris:BallOfYels","Nunchaku","hubris:PeanutButter","Bag of Marbles","NeowsBlessing","Frozen Egg 2","Geode","hubris:Backtick","Toxic Egg 2"],"acts_visited":["Exordium","TheCity"],"potions_floor_usage":[],"damage_taken":[{"damage":0,"enemies":"Small Slimes","floor":2,"turns":1},{"damage":0,"enemies":"2 Louse","floor":4,"turns":1},{"damage":0,"enemies":"Gremlin Nob","floor":6,"turns":1},{"damage":0,"enemies":"Jaw Worm","floor":7,"turns":5},{"damage":34,"enemies":"3 Sentries","floor":10,"turns":8},{"damage":0,"enemies":"Lagavulin","floor":12,"turns":1},{"damage":0,"enemies":"Blue Slaver","floor":14,"turns":1},{"damage":0,"enemies":"Hexaghost","floor":16,"turns":1},{"damage":0,"enemies":"2 Thieves","floor":18,"turns":1}],"seed_played":"-3305063974554088662","potions_obtained":[{"floor":2,"key":"sneckomod:MuddlingPotion"},{"floor":10,"key":"Adrenaline Potion"},{"floor":12,"key":"DistilledChaos"}],"is_trial":true,"path_per_floor":["WH","M","?","M","?","E","M","R","T","E","WH","E","R","M","R","B",null,"M"],"character_chosen":"DEFECT","items_purchased":[],"campfire_rested":1,"item_purchase_floors":[],"current_hp_per_floor":[75,75,75,83,83,83,87,87,87,57,57,57,84,84,84,88,95,95,95],"gold":392,"neow_bonus":"THREE_ENEMY_KILL","is_daily":false,"chose_seed":false,"campfire_upgraded":2,"win_rate":0.0,"timestamp":1610018122,"path_taken":["WH","M","?","M","?","E","M","R","T","E","WH","E","R","M","R","BOSS","M"],"items_purchased_type":[],"build_version":"2020-12-22","purchased_purges":0,"victory":false,"max_hp_per_floor":[75,75,75,83,83,83,87,87,87,91,91,91,91,91,91,95,95,95,95],"card_choices":[{"not_picked":["sneckomod:Restock","Guardian:StasisStrike","hexamod:HexaLevel","champ:HeavySlash"],"picked":"SKIP","floor":6},{"not_picked":["sneckomod:Unknown3Cost","champ:VampiricStrike","champ:ShieldSlam"],"picked":"Guardian:CompilePackage","floor":10},{"not_picked":["ReplayRNGCard","champ:ShieldThrow","champ:DancingMaster+1"],"picked":"sneckomod:UnknownRarePower+1","floor":12},{"not_picked":["sneckomod:SoulExchange","hexamod:TurnItUp","champ:Improvising+1"],"picked":"champ:PerfectForm","floor":16}],"player_experience":244163,"relics_obtained":[{"floor":2,"key":"hubris:MobiusCoin"},{"floor":4,"key":"hubris:DisguiseKit"},{"floor":6,"key":"hubris:BallOfYels"},{"floor":7,"key":"Nunchaku"},{"floor":9,"key":"hubris:PeanutButter"},{"floor":10,"key":"Bag of Marbles"},{"floor":12,"key":"Frozen Egg 2"},{"floor":14,"key":"Geode"}],"event_choices":[{"damage_healed":0,"gold_gain":0,"cards_transformed":["Strike_B"],"player_choice":"Change","damage_taken":0,"max_hp_gain":0,"max_hp_loss":0,"event_name":"Living Wall","floor":5,"gold_loss":0,"cards_obtained":["Slimebound:Chomp"]}],"is_beta":false,"boss_relics":[{"not_picked":["Kintsugi","ReplayTheSpireMod:SealedPack"],"picked":"hubris:Backtick"}],"items_purged_floors":[],"is_endless":false,"potions_floor_spawned":[2,10,12],"killed_by":"2 Thieves","ascension_level":0}}