{"host":"ox77rn1xcurm2t5a","time":1610036553,"event":{"mods":["2.2 Compatiblity","AchievementEnabler","Act Like it!","Aspiration","BaseMod","Best Route Mod","Better Match","Better Note","Better Sensory Stone","Block Reminder","Colored Map","Colored Powertips","Conjunction","Conspire","Custom Start","Energized Spire","GifTheSpireLib","Gold Saver","Gremlin Skip","Halation","Highlight Path","Hubris","Infinite Spire","Minty Spire (QoL Compilation)","Pale of the Ancients","Quick Restart","Replay The Spire","Reworked Bosses","ShortenTheSpire","Spire Exporter","StSLib","Stuff the Spire","Wandering Minibosses","vexMod"],"gold_per_floor":[756,771,871,120,138,157,157,183,263,263,288,288,313,313,313,416,416,440,440,27,47,65,65,65,103,130,163,163,191,191,205,205,318,318,335,335,335,351,377,377,393,425,496,496,514,514],"floor_reached":45,"playtime":1331,"items_purged":["Strike_B","Strike_B","Strike_B"],"score":830,"play_id":"cf3f0683-92ce-4095-a058-dfc3197e01ce","local_time":"20210107182233","is_ascension_mode":true,"campfire_choices":[{"floor":7,"key":"RECALL"},{"data":"Defragment","floor":10,"key":"SMITH"},{"data":"Streamline","floor":12,"key":"SMITH"},{"data":"Dualcast","floor":15,"key":"SMITH"},{"floor":23,"key":"REST"},{"floor":28,"key":"REST"},{"data":"Gash","floor":30,"key":"SMITH"},{"data":"Ball Lightning","floor":32,"key":"SMITH"},{"floor":40,"key":"REST"},{"floor":44,"key":"REST"}],"circlet_count":0,"master_deck":["AscendersBane","Strike_B","Defend_B","Defend_B","Defend_B","Defend_B","Zap+1","Dualcast+1","Streamline+1","Storm","Defragment+1","Ball Lightning+1","Gash+1","Gash+1","Go for the Eyes+1","Gash+1","Redo+1","CurseOfTheBell","Electrodynamics+1","Streamline+1"],"relics":["Cracked Core","conspire:Dentures","Art of War","Raider\u0027s Mask","infinitespire:FocusingShard","StuffTheSpire:GrapeVine","Bag of Preparation","infinitespire:Midas Blood","hubris:ScarierMask","Molten Egg 2","Centennial Puzzle","halation:AfternoonTea","Regal Pillow","hubris:SlimyHat","Calling Bell","vexMod:FocusSash","Golden Egg","infinitespire:CursedDice","StuffTheSpire:Expresso","infinitespire:Eraser","infinitespire:Bottled Soul"],"acts_visited":["Exordium","TheCity","TheBeyond"],"potions_floor_usage":[8,11,33,33,42],"damage_taken":[{"damage":6,"enemies":"2 Louse","floor":1,"turns":2},{"damage":1,"enemies":"Cultist","floor":2,"turns":3},{"damage":0,"enemies":"Small Slimes","floor":5,"turns":2},{"damage":4,"enemies":"2 Fungi Beasts","floor":6,"turns":4},{"damage":10,"enemies":"Replay:BlueRogue","floor":8,"turns":5},{"damage":10,"enemies":"Gremlin Nob","floor":11,"turns":4},{"damage":15,"enemies":"Lagavulin","floor":13,"turns":4},{"damage":19,"enemies":"The Guardian","floor":16,"turns":7},{"damage":25,"enemies":"Spheric Guardian","floor":18,"turns":4},{"damage":9,"enemies":"3 Byrds","floor":21,"turns":3},{"damage":18,"enemies":"Snake Plant","floor":22,"turns":3},{"damage":21,"enemies":"Replay:Snechameleon","floor":25,"turns":5},{"damage":9,"enemies":"conspire:SneckoGhost","floor":27,"turns":5},{"damage":9,"enemies":"Slavers","floor":29,"turns":3},{"damage":4,"enemies":"3 Cultists","floor":31,"turns":3},{"damage":38,"enemies":"hubris:MusketHawk","floor":33,"turns":6},{"damage":12,"enemies":"Orb Walker","floor":35,"turns":3},{"damage":0,"enemies":"3 Shapes","floor":38,"turns":3},{"damage":37,"enemies":"Maw","floor":39,"turns":6},{"damage":1,"enemies":"4 Shapes","floor":41,"turns":2},{"damage":56,"enemies":"R_Hoarder","floor":42,"turns":8},{"damage":91,"enemies":"Nemesis","floor":45,"turns":6}],"seed_played":"47263314699781585","potions_obtained":[{"floor":1,"key":"Dexterity Potion"},{"floor":2,"key":"ColorlessPotion"},{"floor":11,"key":"Death Potion"},{"floor":13,"key":"Doom Potion"},{"floor":41,"key":"DistilledChaos"}],"is_trial":false,"path_per_floor":["M","M","?","$","M","M","R","E","T","R","E","R","E","T","R","B",null,"M","?","$","M","M","R","?","E","T","E","R","E","R","M","R","B",null,"M","?","AVR","M","M","R","M","E","T","R","E"],"character_chosen":"DEFECT","items_purchased":["Defragment","conspire:Dentures","Art of War","Raider\u0027s Mask","FocusPotion","Molten Egg 2","Gash+1"],"campfire_rested":4,"item_purchase_floors":[4,4,4,4,4,20,20],"current_hp_per_floor":[62,61,61,61,61,57,57,47,47,47,37,37,22,22,22,3,57,32,32,32,23,5,27,52,31,31,22,59,59,59,55,55,17,61,49,49,49,49,12,49,53,45,45,75,0,0],"gold":514,"neow_bonus":"UPGRADE_CARD","is_daily":false,"chose_seed":false,"campfire_upgraded":5,"win_rate":0.0,"timestamp":1610036553,"path_taken":["M","M","?","$","M","?","R","E","T","R","E","R","E","?","R","BOSS","M","?","$","M","M","R","?","E","T","E","R","E","R","M","R","BOSS","M","?","AVR","M","M","R","M","E","T","R","E"],"items_purchased_type":["Card","Relic","Relic","Relic","Potion","Relic","Card"],"build_version":"2020-12-22","purchased_purges":3,"victory":false,"max_hp_per_floor":[75,75,75,75,75,75,75,75,75,75,75,75,75,75,75,75,75,75,75,75,75,75,75,75,75,75,75,75,75,75,75,75,75,75,75,75,75,75,75,75,75,75,75,75,75,75],"card_choices":[{"not_picked":["Conserve Battery","Rip and Tear"],"picked":"Streamline","floor":1},{"not_picked":["Cold Snap","Rebound"],"picked":"Storm","floor":2},{"not_picked":["FTL","Steam Power","Barrage"],"picked":"SKIP","floor":5},{"not_picked":["Rebound","Conserve Battery","Compile Driver"],"picked":"SKIP","floor":6},{"not_picked":["Undo","ReplayTheSpireMod:Repulse","Barrage"],"picked":"SKIP","floor":8},{"not_picked":["Hologram","Conserve Battery"],"picked":"Ball Lightning","floor":11},{"not_picked":["StuffTheSpire:Coldhearted","StuffTheSpire:NuclearReactor","Stack"],"picked":"SKIP","floor":13},{"not_picked":["Beam Cell","ReplaySort"],"picked":"Gash","floor":18},{"not_picked":["Blizzard+1","StuffTheSpire:Plugnplay"],"picked":"Go for the Eyes+1","floor":21},{"not_picked":["Fusion","Reprogram"],"picked":"Gash+1","floor":22},{"not_picked":["ReplayGash+1","StuffTheSpire:LoadUp"],"picked":"Redo+1","floor":25},{"not_picked":["Coolheaded","Undo","Fusion"],"picked":"SKIP","floor":27},{"not_picked":["BasicCrystalCard","Skim","All For One+1"],"picked":"SKIP","floor":29},{"not_picked":["Sweeping Beam+1","ReplaySolidLightProjector","Steam"],"picked":"SKIP","floor":31},{"not_picked":["Blizzard+1","Coolheaded"],"picked":"Redo+1","floor":35},{"not_picked":["Steam","Streamline+1"],"picked":"Electrodynamics","floor":38},{"not_picked":["Sweeping Beam+1","ReplayTheSpireMod:System Scan+1"],"picked":"Streamline+1","floor":39},{"not_picked":["Coolheaded","Darkness","Doom and Gloom+1"],"picked":"SKIP","floor":41},{"not_picked":["hubris:PowerSurge","Heatsinks","Reinforced Body"],"picked":"SKIP","floor":42}],"player_experience":2950715,"relics_obtained":[{"floor":8,"key":"infinitespire:FocusingShard"},{"floor":11,"key":"StuffTheSpire:GrapeVine"},{"floor":13,"key":"Bag of Preparation"},{"floor":14,"key":"infinitespire:Midas Blood"},{"floor":25,"key":"Centennial Puzzle"},{"floor":26,"key":"halation:AfternoonTea"},{"floor":27,"key":"Regal Pillow"},{"floor":29,"key":"hubris:SlimyHat"},{"floor":34,"key":"vexMod:FocusSash"},{"floor":34,"key":"Golden Egg"},{"floor":34,"key":"infinitespire:CursedDice"},{"floor":42,"key":"infinitespire:Eraser"},{"floor":43,"key":"infinitespire:Bottled Soul"}],"event_choices":[{"damage_healed":0,"gold_gain":100,"player_choice":"Gold","damage_taken":0,"max_hp_gain":0,"max_hp_loss":0,"event_name":"Wheel of Change","floor":3,"gold_loss":0},{"damage_healed":25,"gold_gain":0,"player_choice":"Heal","damage_taken":0,"max_hp_gain":0,"max_hp_loss":0,"event_name":"The Library","floor":24,"gold_loss":0},{"cards_removed":["Redo"],"damage_healed":0,"gold_gain":0,"player_choice":"Removed Skill","damage_taken":0,"max_hp_gain":0,"max_hp_loss":0,"event_name":"Falling","floor":36,"gold_loss":0}],"is_beta":false,"boss_relics":[{"not_picked":["Replay:Bronze Core","conspire:RunicOctahedron"],"picked":"hubris:ScarierMask"},{"not_picked":["energizedSpire:UnstableMolecules","energizedSpire:RedRose"],"picked":"Calling Bell"}],"items_purged_floors":[4,20,37],"is_endless":false,"potions_floor_spawned":[1,2,11,13,25,29,31,41],"killed_by":"Nemesis","ascension_level":12}}