{"host":"8p20qbbyxti0ato4","time":1610017203,"event":{"mods":["AchievementEnabler","BaseMod","BetterRewards","Colored Map","Colored Powertips","Downfall","Highlight Path","Hubris","Infinite Spire","Minty Spire (QoL Compilation)","Replay The Spire","StSLib"],"gold_per_floor":[117,129,129,129,149,182,182,182,236,161,336,366,366,383,383,383,383,395,395],"floor_reached":18,"playtime":52807,"items_purged":["Guardian:Aged"],"score":110,"play_id":"56dea81b-92bf-4809-8608-74babc5fe9e2","local_time":"20210107110003","is_ascension_mode":false,"campfire_choices":[{"floor":8,"key":"REST"},{"data":"Electrodynamics","floor":13,"key":"SMITH"},{"floor":17,"key":"REST"}],"circlet_count":0,"master_deck":["Strike_B","Strike_B","Defend_B","Defend_B+1","Defend_B","Defend_B","Zap","Dualcast","Fission","Scrape","FTL","Melter","Genetic Algorithm+1","Doubt","Electrodynamics+1","Cold Snap"],"relics":["Cracked Core","Replay:Bandana","Geode"],"acts_visited":["Exordium"],"potions_floor_usage":[],"damage_taken":[{"damage":0,"enemies":"Small Slimes","floor":1,"turns":3},{"damage":0,"enemies":"Jaw Worm","floor":2,"turns":4},{"damage":2,"enemies":"2 Louse","floor":5,"turns":3},{"damage":42,"enemies":"Gremlin Nob","floor":6,"turns":5},{"damage":8,"enemies":"Gremlin Gang","floor":12,"turns":3},{"damage":17,"enemies":"Exordium Thugs","floor":14,"turns":2},{"damage":55,"enemies":"Hexaghost","floor":18,"turns":11}],"seed_played":"-7658862668072695759","potions_obtained":[{"floor":5,"key":"FearPotion"},{"floor":6,"key":"Strength Potion"},{"floor":12,"key":"Milkshake"}],"is_trial":false,"path_per_floor":["M","M","?","?","M","E","?","R","T","$","?","M","R","M","PTL","PTL","R","B"],"character_chosen":"DEFECT","items_purchased":[],"campfire_rested":2,"item_purchase_floors":[],"current_hp_per_floor":[75,75,75,75,73,31,31,53,53,53,53,45,45,28,28,28,50,0,0],"gold":395,"neow_bonus":"TRANSFORM_TWO_CARDS","is_daily":false,"chose_seed":false,"campfire_upgraded":1,"win_rate":0.0,"timestamp":1610017203,"path_taken":["M","M","?","?","M","E","?","R","T","$","?","?","R","M","PTL","PTL","R","BOSS"],"items_purchased_type":[],"build_version":"2020-12-22","purchased_purges":1,"victory":false,"max_hp_per_floor":[75,75,75,75,75,75,75,75,75,75,75,75,75,75,75,75,75,75,75],"card_choices":[{"not_picked":["Consume","Compile Driver","Hologram"],"picked":"SKIP","floor":1},{"not_picked":["Coolheaded","Compile Driver"],"picked":"FTL","floor":2},{"not_picked":["Panic Button","Streamline"],"picked":"Cold Snap","floor":5},{"not_picked":["Chaos","Go for the Eyes","Conserve Battery"],"picked":"SKIP","floor":6},{"not_picked":["ReplayGash","Cold Snap"],"picked":"Electrodynamics","floor":12},{"not_picked":["Compile Driver","Rebound"],"picked":"Cold Snap","floor":14}],"player_experience":191356,"relics_obtained":[{"floor":6,"key":"Replay:Bandana"},{"floor":9,"key":"Geode"}],"event_choices":[{"damage_healed":0,"gold_gain":175,"player_choice":"AGREE","damage_taken":0,"max_hp_gain":0,"max_hp_loss":0,"event_name":"Liars Game","floor":11,"gold_loss":0,"cards_obtained":["Doubt"]}],"is_beta":false,"boss_relics":[],"items_purged_floors":[10],"is_endless":false,"potions_floor_spawned":[5,6,12],"killed_by":"Hexaghost","ascension_level":0}}