{"host":"w3q5ijqu8eoknil3","time":1610061725,"event":{"mods":["AchievementEnabler","BaseMod","Block Reminder","Colored Powertips","Curses Come First","Minty Spire (QoL Compilation)","Quick Restart","Relic Stats","StSLib","ojb\u0027s Better Paths Mod","ojb\u0027s Info Mod","slay the spire mod where everything is the same but ironclad has a cowboy hat"],"gold_per_floor":[116,130,147,147,147,147,173,185,224,236,265,303,315,340,352,442,454,482,508,99,111,111,111],"floor_reached":22,"playtime":763,"items_purged":[],"score":363,"play_id":"2f298407-2211-4984-b249-0702adad02d7","local_time":"20210107232205","is_ascension_mode":true,"campfire_choices":[{"data":"Bouncing Flask","floor":6,"key":"SMITH"},{"floor":8,"key":"REST"},{"data":"Eviscerate","floor":10,"key":"SMITH"},{"data":"Dagger Spray","floor":13,"key":"SMITH"},{"floor":15,"key":"REST"}],"circlet_count":0,"master_deck":["AscendersBane","Strike_G","Strike_G","Defend_G","Defend_G","Defend_G","Defend_G","Defend_G","Survivor","Neutralize","Bouncing Flask+1","Deadly Poison","Eviscerate+1","Die Die Die","Dagger Spray+1","Noxious Fumes","Wraith Form v2","Outmaneuver","Predator","Leg Sweep"],"relics":["Snecko Eye","MawBank","Snake Skull","The Courier","Empty Cage","Medical Kit","Gambling Chip"],"acts_visited":["Exordium","TheCity"],"potions_floor_usage":[7,12,16,22],"damage_taken":[{"damage":10,"enemies":"2 Louse","floor":1,"turns":3},{"damage":9,"enemies":"Jaw Worm","floor":2,"turns":7},{"damage":7,"enemies":"Small Slimes","floor":3,"turns":3},{"damage":20,"enemies":"Gremlin Nob","floor":7,"turns":4},{"damage":3,"enemies":"Blue Slaver","floor":11,"turns":5},{"damage":10,"enemies":"Lagavulin","floor":12,"turns":4},{"damage":1,"enemies":"Looter","floor":14,"turns":3},{"damage":10,"enemies":"Slime Boss","floor":16,"turns":5},{"damage":20,"enemies":"Chosen","floor":18,"turns":4},{"damage":9,"enemies":"3 Byrds","floor":19,"turns":4},{"damage":8,"enemies":"Snecko","floor":21,"turns":3},{"damage":23,"enemies":"Shelled Parasite and Fungi","floor":22,"turns":1}],"seed_played":"4742356614180299970","potions_obtained":[{"floor":1,"key":"BlessingOfTheForge"},{"floor":7,"key":"CunningPotion"},{"floor":11,"key":"CultistPotion"},{"floor":21,"key":"LiquidMemories"}],"is_trial":false,"path_per_floor":["M","M","M","?","?","R","E","R","T","R","M","E","R","M","R","B",null,"M","M","$","M","M"],"character_chosen":"THE_SILENT","items_purchased":["Medical Kit","Gambling Chip","Predator"],"campfire_rested":2,"item_purchase_floors":[20,20,20],"current_hp_per_floor":[49,40,33,33,26,26,6,25,25,25,22,12,12,11,30,20,55,35,26,26,18,0,0],"gold":111,"neow_bonus":"BOSS_RELIC","is_daily":false,"chose_seed":false,"campfire_upgraded":3,"win_rate":0.0,"timestamp":1610061725,"path_taken":["M","M","M","?","?","R","E","R","T","R","M","E","R","?","R","BOSS","M","M","$","M","M"],"items_purchased_type":["Relic","Relic","Card"],"build_version":"2020-12-22","purchased_purges":0,"victory":false,"max_hp_per_floor":[66,66,66,66,66,66,66,66,66,66,66,66,66,66,66,66,66,66,66,66,66,66,66],"relic_stats":{"counters":[12,46],"Gambling Chip":[7],"Snecko Eye":[90,76,83,74],"Snake Skull":[47],"MawBank":156,"Medical Kit":[0],"obtain_stats":[{"Gambling Chip":20,"Snecko Eye":0,"Snake Skull":9,"The Courier":12,"MawBank":7,"Empty Cage":17,"Medical Kit":20,"Ring of the Snake":0},{"Gambling Chip":10,"Snecko Eye":0,"Snake Skull":4,"The Courier":6,"MawBank":4,"Empty Cage":8,"Medical Kit":10,"Ring of the Snake":0},{"Gambling Chip":42,"Snecko Eye":0,"Snake Skull":17,"The Courier":26,"MawBank":17,"Empty Cage":34,"Medical Kit":42,"Ring of the Snake":0}]},"card_choices":[{"not_picked":["Flechettes","Backstab","Deflect"],"picked":"SKIP","floor":1},{"not_picked":["Accuracy","Expertise"],"picked":"Bouncing Flask","floor":2},{"not_picked":["Quick Slash","Tactician"],"picked":"Deadly Poison","floor":3},{"not_picked":["Deadly Poison","Slice"],"picked":"Eviscerate","floor":7},{"not_picked":["Well Laid Plans","Dodge and Roll"],"picked":"Die Die Die","floor":11},{"not_picked":["Backflip","Slice"],"picked":"Dagger Spray","floor":12},{"not_picked":["Endless Agony","Flying Knee"],"picked":"Noxious Fumes","floor":14},{"not_picked":["A Thousand Cuts","Malaise"],"picked":"Wraith Form v2","floor":16},{"not_picked":["Flechettes","Bane","Accuracy"],"picked":"SKIP","floor":18},{"not_picked":["Flechettes","Bane","Accuracy"],"picked":"SKIP","floor":18},{"not_picked":["Outmaneuver","Bane","Infinite Blades"],"picked":"SKIP","floor":19},{"not_picked":["Bane","Infinite Blades"],"picked":"Outmaneuver","floor":19},{"not_picked":["Poisoned Stab+1","Sucker Punch"],"picked":"Leg Sweep","floor":21}],"player_experience":953312,"relics_obtained":[{"floor":7,"key":"MawBank"},{"floor":9,"key":"Snake Skull"},{"floor":12,"key":"The Courier"}],"event_choices":[{"damage_healed":0,"gold_gain":0,"cards_transformed":["Strike_G"],"player_choice":"Change","damage_taken":0,"max_hp_gain":0,"max_hp_loss":0,"event_name":"Living Wall","floor":4,"gold_loss":0,"cards_obtained":["Expertise"]},{"cards_removed":["Strike_G"],"damage_healed":0,"gold_gain":0,"player_choice":"Card Removal","damage_taken":7,"max_hp_gain":0,"max_hp_loss":0,"event_name":"Golden Wing","floor":5,"gold_loss":0}],"is_beta":false,"boss_relics":[{"not_picked":["Velvet Choker","SacredBark"],"picked":"Empty Cage"}],"items_purged_floors":[],"is_endless":false,"potions_floor_spawned":[1,7,11,21],"killed_by":"Shelled Parasite and Fungi","ascension_level":17}}