{"host":"9l4mw5jqza9qz9hr","time":1610017811,"event":{"mods":["AchievementEnabler","Always Whale","BaseMod","Colored Map","Minty Spire (QoL Compilation)","StSLib","SuperFastMode"],"gold_per_floor":[216,88,88,38,38,69,82,107,107,107,122,141,141,216,216,216,216],"floor_reached":16,"playtime":435,"items_purged":["Strike_B"],"score":145,"play_id":"9cead007-2a5b-4774-b2df-18a893fc69ce","local_time":"20210107201011","is_ascension_mode":true,"campfire_choices":[{"data":"Zap","floor":10,"key":"SMITH"},{"data":"Darkness","floor":15,"key":"SMITH"}],"circlet_count":0,"master_deck":["Strike_B","Strike_B","Defend_B","Defend_B","Defend_B","Defend_B","Zap+1","Dualcast","Glacier","Hologram","Steam Power","Go for the Eyes","Darkness+1","Turbo"],"relics":["Cracked Core","Golden Idol","Sundial","Oddly Smooth Stone"],"acts_visited":["Exordium"],"potions_floor_usage":[],"damage_taken":[{"damage":3,"enemies":"2 Louse","floor":1,"turns":2},{"damage":25,"enemies":"Lagavulin","floor":6,"turns":12},{"damage":4,"enemies":"Jaw Worm","floor":7,"turns":5},{"damage":3,"enemies":"Small Slimes","floor":8,"turns":4},{"damage":2,"enemies":"3 Louse","floor":11,"turns":4},{"damage":0,"enemies":"Looter","floor":12,"turns":3},{"damage":27,"enemies":"Hexaghost","floor":16,"turns":11}],"seed_played":"5734508579318375324","potions_obtained":[{"floor":6,"key":"Energy Potion"},{"floor":8,"key":"EssenceOfDarkness"},{"floor":12,"key":"Fire Potion"}],"is_trial":false,"path_per_floor":["M","$","?","?","$","E","M","M","T","R","M","M","?","?","R","B"],"character_chosen":"DEFECT","items_purchased":["Hologram"],"campfire_rested":0,"item_purchase_floors":[2],"current_hp_per_floor":[65,65,65,65,65,40,36,33,33,33,31,31,31,20,20,0,0],"gold":216,"neow_bonus":"HUNDRED_GOLD","is_daily":false,"chose_seed":false,"campfire_upgraded":2,"win_rate":0.0,"timestamp":1610017811,"path_taken":["M","$","?","?","?","E","M","M","T","R","M","M","?","?","R","BOSS"],"items_purchased_type":["Card"],"build_version":"2020-12-22","purchased_purges":1,"victory":false,"max_hp_per_floor":[75,75,69,69,69,69,69,69,69,69,69,69,69,69,69,69,69],"card_choices":[{"not_picked":["Sweeping Beam","Compile Driver"],"picked":"Glacier","floor":1},{"not_picked":["Hologram","Rebound"],"picked":"Steam Power","floor":6},{"not_picked":["Rebound","Static Discharge","Steam Power"],"picked":"SKIP","floor":7},{"not_picked":["Steam","Tempest"],"picked":"Go for the Eyes","floor":8},{"not_picked":["Streamline","Stack"],"picked":"Darkness","floor":11},{"not_picked":["Streamline","Rip and Tear"],"picked":"Turbo","floor":12}],"player_experience":193237,"relics_obtained":[{"floor":6,"key":"Sundial"},{"floor":9,"key":"Oddly Smooth Stone"}],"event_choices":[{"damage_healed":0,"gold_gain":0,"player_choice":"Lose Max HP","damage_taken":0,"relics_obtained":["Golden Idol"],"max_hp_gain":0,"max_hp_loss":6,"event_name":"Golden Idol","floor":3,"gold_loss":0},{"cards_removed":["Strike_B"],"damage_healed":0,"gold_gain":0,"player_choice":"Card Removal","damage_taken":0,"max_hp_gain":0,"max_hp_loss":0,"event_name":"The Cleric","floor":4,"gold_loss":50},{"damage_healed":0,"gold_gain":0,"player_choice":"Ignored","damage_taken":0,"max_hp_gain":0,"max_hp_loss":0,"event_name":"Liars Game","floor":13,"gold_loss":0},{"damage_healed":0,"gold_gain":75,"player_choice":"Gather Gold","damage_taken":11,"max_hp_gain":0,"max_hp_loss":0,"event_name":"World of Goop","floor":14,"gold_loss":0}],"is_beta":false,"boss_relics":[],"items_purged_floors":[2],"is_endless":false,"potions_floor_spawned":[6,8,12],"killed_by":"Hexaghost","ascension_level":9}}