{"host":"3j2m8n0ywf988fwb","time":1610059958,"event":{"mods":["2.2 Compatiblity","Aspiration","BaseMod","Better Altar","Better Match","Better Note","Better Sensory Stone","Better Skull","Better Third Choice","CCEM","Colored Map","Colored Powertips","Dark Map","GifTheSpireLib","Halation","HexUI Lib","Highlight Path","Hubris","Infinite Spire","Jedi Mod","Mimic Mod","Minty Spire (QoL Compilation)","Random Character Button","Replay The Spire","StSLib","Stuff the Spire","The Animator","Unceasing Turn Reminder","everything is the same but u backflip on backflip"],"gold_per_floor":[115,115,145,145,145,145,145,145,145,162,237,247,247,275,275,291,291,402,402,417,417,435,435,449,474,474,484,484,484,521,531,531,531,581,581,581],"floor_reached":35,"playtime":1714,"items_purged":["animator:Strike"],"score":361,"play_id":"63a248ad-bc18-47ef-a95c-b23b951af8f1","local_time":"20210107165238","is_ascension_mode":true,"campfire_choices":[{"data":"animator:Scar","floor":6,"key":"SMITH"},{"floor":9,"key":"RECALL"},{"data":"animator:Entoma","floor":15,"key":"SMITH"},{"data":"animator:Sloth","floor":17,"key":"SMITH"},{"data":"animator:Sloth","floor":26,"key":"SMITH"},{"floor":29,"key":"REST"}],"circlet_count":0,"master_deck":["animator:Greed+1","animator:Strike_FullmetalAlchemist","animator:Defend_FullmetalAlchemist","animator:Defend","animator:Defend","animator:Defend","animator:ElricEdward+1","animator:ElricAlphonse+1","animator:Scar+1","animator:Entoma+7","animator:Sloth+1","animator:Ainz","animator:Sloth+1","animator:AcuraShin","animator:ElricAlphonse","animator:AcuraTooru+1","animator:MaesHughes"],"relics":["animator:LivingPicture","animator:TheMissingPiece","halation:TwoAmDonut","Pear","hubris:TerracottaHorce","Omamori","ReplayTheSpireMod:Lightbulb","Black Star","InkBottle","hubris:PeanutButter"],"acts_visited":["Exordium","TheCity"],"potions_floor_usage":[22,30],"damage_taken":[{"damage":12,"enemies":"Small Slimes","floor":1,"turns":4},{"damage":0,"enemies":"Cultist","floor":3,"turns":4},{"damage":6,"enemies":"Jaw Worm","floor":10,"turns":3},{"damage":5,"enemies":"Gremlin Gang","floor":12,"turns":4},{"damage":9,"enemies":"Lagavulin","floor":14,"turns":7},{"damage":7,"enemies":"Blue Slaver","floor":16,"turns":3},{"damage":53,"enemies":"Fading Forest","floor":18,"turns":11},{"damage":13,"enemies":"3 Byrds","floor":20,"turns":5},{"damage":5,"enemies":"Chosen","floor":22,"turns":4},{"damage":19,"enemies":"Snake Plant","floor":24,"turns":3},{"damage":9,"enemies":"Book of Stabbing","floor":25,"turns":5},{"damage":3,"enemies":"Cultist and Chosen","floor":27,"turns":6},{"damage":0,"enemies":"Gremlin Leader","floor":30,"turns":8},{"damage":0,"enemies":"3 Cultists","floor":31,"turns":5},{"damage":48,"enemies":"Collector","floor":35,"turns":6}],"seed_played":"-8780513987796913467","potions_obtained":[{"floor":3,"key":"SmokeBomb"},{"floor":12,"key":"jedi:mysterypotion"},{"floor":18,"key":"DistilledChaos"},{"floor":20,"key":"Fire Potion"},{"floor":24,"key":"Explosive Potion"},{"floor":30,"key":"Swift Potion"}],"is_trial":false,"path_per_floor":["M","?","M","?","?","R","PTL","PTL","R","M","T","M","?","E","R","M","R","B",null,"M","?","M","?","M","E","R","M","T","R","E","M","AVR","?","R_BF","B"],"character_chosen":"THE_ANIMATOR","items_purchased":[],"campfire_rested":1,"item_purchase_floors":[],"current_hp_per_floor":[54,66,66,66,66,66,66,66,66,60,60,56,56,57,57,50,50,7,60,47,47,42,42,23,15,15,14,14,38,40,40,40,40,40,0,0],"gold":581,"neow_bonus":"RANDOM_EVENT","is_daily":false,"chose_seed":false,"campfire_upgraded":4,"win_rate":0.0,"timestamp":1610059958,"path_taken":["M","?","?","?","?","R","PTL","PTL","R","?","T","M","?","E","R","?","R","BOSS","M","?","M","?","?","E","R","?","T","R","E","?","AVR","?","R_BF","BOSS"],"items_purchased_type":[],"build_version":"2020-12-22","purchased_purges":1,"victory":false,"max_hp_per_floor":[66,66,66,66,66,66,66,66,66,66,66,67,67,77,77,77,77,77,77,77,77,77,77,77,78,78,80,80,80,82,82,82,82,82,84,84],"card_choices":[{"not_picked":["animator:Entoma","animator:Sonic"],"picked":"animator:Souei","floor":1},{"not_picked":["animator:Sebas","animator:Emonzaemon"],"picked":"animator:Scar","floor":3},{"not_picked":["animator:Witch","animator:Emonzaemon"],"picked":"animator:Entoma","floor":10},{"not_picked":["animator:MaesHughes","animator:Pride"],"picked":"animator:Sloth","floor":12},{"not_picked":["animator:Witch","animator:Tatsumaki"],"picked":"animator:Ainz","floor":14},{"not_picked":["animator:Genos","animator:Benimaru"],"picked":"animator:Sloth","floor":16},{"not_picked":["animator:HigakiRinne","animator:Biyorigo"],"picked":"animator:AcuraShin","floor":18},{"not_picked":["animator:CowGirl","animator:Millim","animator:Sloth"],"picked":"SKIP","floor":20},{"not_picked":["animator:ElricEdward","animator:Sloth"],"picked":"animator:ElricAlphonse","floor":22},{"not_picked":["animator:ChaikaBohdan","animator:Geryuganshoop"],"picked":"animator:Entoma+1","floor":24},{"not_picked":["animator:ElricAlphonse","animator:Ainz"],"picked":"animator:AcuraTooru+1","floor":25},{"not_picked":["animator:Emonzaemon","animator:Sloth"],"picked":"animator:Entoma","floor":27},{"not_picked":["animator:ElricAlphonse","animator:ElricEdward"],"picked":"animator:MaesHughes","floor":30},{"not_picked":["animator:Hakurou","animator:SilverFang","animator:Emonzaemon"],"picked":"SKIP","floor":31}],"player_experience":776483,"relics_obtained":[{"floor":11,"key":"halation:TwoAmDonut"},{"floor":14,"key":"Pear"},{"floor":25,"key":"Omamori"},{"floor":30,"key":"ReplayTheSpireMod:Lightbulb"}],"event_choices":[{"damage_healed":0,"gold_gain":0,"player_choice":"Grow","damage_taken":0,"max_hp_gain":0,"max_hp_loss":0,"event_name":"Living Wall","floor":0,"gold_loss":0,"cards_upgraded":["animator:ElricAlphonse"]},{"cards_removed":["animator:Souei"],"damage_healed":12,"gold_gain":0,"player_choice":"Offered Uncommon","damage_taken":0,"max_hp_gain":0,"max_hp_loss":0,"event_name":"Bonfire Elementals","floor":2,"gold_loss":0},{"damage_healed":0,"gold_gain":0,"player_choice":"Upgraded","damage_taken":0,"max_hp_gain":0,"max_hp_loss":0,"event_name":"Upgrade Shrine","floor":5,"gold_loss":0,"cards_upgraded":["animator:ElricEdward"]},{"cards_removed":["animator:Strike"],"damage_healed":0,"gold_gain":0,"player_choice":"Purged","damage_taken":0,"max_hp_gain":0,"max_hp_loss":0,"event_name":"Purifier","floor":13,"gold_loss":0},{"damage_healed":0,"gold_gain":0,"player_choice":"Ignored","damage_taken":0,"max_hp_gain":0,"max_hp_loss":0,"event_name":"betterNote:BetterNote","floor":21,"gold_loss":0,"cards_obtained":["Cleave"]},{"cards_removed":["animator:Strike"],"damage_healed":0,"gold_gain":0,"player_choice":"Purged","damage_taken":0,"max_hp_gain":0,"max_hp_loss":0,"event_name":"Purifier","floor":23,"gold_loss":0},{"damage_healed":0,"gold_gain":0,"player_choice":"Gave Potion","damage_taken":0,"relics_obtained":["hubris:PeanutButter"],"max_hp_gain":0,"max_hp_loss":0,"event_name":"WeMeetAgain","floor":33,"gold_loss":0},{"damage_healed":0,"gold_gain":100,"player_choice":"Bet on Murderer","damage_taken":0,"max_hp_gain":0,"max_hp_loss":0,"event_name":"The Joust","floor":34,"gold_loss":50}],"is_beta":false,"boss_relics":[{"not_picked":["halation:ForbiddenBikini","StuffTheSpire:ModemDavis"],"picked":"hubris:TerracottaHorce"}],"items_purged_floors":[32],"is_endless":false,"potions_floor_spawned":[3,12,18,20,24,30],"killed_by":"Collector","ascension_level":1}}