{"host":"69bxgjr0sv0a6xc4","time":1610036154,"event":{"mods":["Act Like it!","BaseMod","Better Altar","Better Match","Better Note","Better Sensory Stone","Better Skull","Better Third Choice","BetterRewards","DeckTracker","Friendly Minions","Jorbs\u0027s Wanderer Trilogy","Lobotomy","LobotomyExtend","Minty Spire (QoL Compilation)","Relic Stats","Spicy Shops","StSLib","The Bladedancer","Unceasing Turn Reminder"],"gold_per_floor":[276,294,7,25,25,57,77,77,77],"floor_reached":8,"playtime":434,"items_purged":["Strike_G"],"score":102,"play_id":"8a48bb48-9b43-4b83-b04a-4581b723e978","local_time":"20210107171554","is_ascension_mode":true,"campfire_choices":[],"circlet_count":0,"master_deck":["AscendersBane","Strike_G","Strike_G","Strike_G","Strike_G","Defend_G","Defend_G","Defend_G","Defend_G","Defend_G","Survivor","Neutralize","Deadly Poison","UniverseFragment","Noxious Fumes","SpiderBud","Footwork","CherryBlossoms"],"relics":["Ring of the Snake","CogitoBucket","LetterFromLob","Peace Pipe","SsserpentHead","Dream Catcher"],"acts_visited":["Exordium"],"potions_floor_usage":[6,6,6],"damage_taken":[{"damage":2,"enemies":"Small Slimes","floor":1,"turns":4},{"damage":0,"enemies":"Cultist","floor":2,"turns":3},{"damage":1,"enemies":"2 Louse","floor":4,"turns":4},{"damage":24,"enemies":"3 Sentries","floor":6,"turns":8},{"damage":0,"enemies":"Red Slaver","floor":7,"turns":4},{"damage":40,"enemies":"Gremlin Nob","floor":8,"turns":6}],"seed_played":"4713827084737765730","potions_obtained":[{"floor":2,"key":"Ancient Potion"},{"floor":4,"key":"EntropicBrew"}],"is_trial":false,"path_per_floor":["M","M","$","M","?","E","M","E"],"character_chosen":"THE_SILENT","items_purchased":["Noxious Fumes","Peace Pipe"],"campfire_rested":0,"item_purchase_floors":[3,3],"current_hp_per_floor":[57,57,57,56,56,32,32,0,0],"gold":77,"neow_bonus":"","is_daily":false,"chose_seed":false,"campfire_upgraded":0,"win_rate":0.0,"timestamp":1610036154,"path_taken":["M","M","$","M","?","E","M","E"],"items_purchased_type":["Card","Relic"],"build_version":"2020-12-22","purchased_purges":1,"victory":false,"max_hp_per_floor":[66,66,66,66,66,66,66,66,66],"relic_stats":{"Peace Pipe":0,"SsserpentHead":0,"Dream Catcher":0,"counters":[6,29],"obtain_stats":[{"Peace Pipe":3,"SsserpentHead":5,"CogitoBucket":0,"Dream Catcher":6,"LetterFromLob":1,"Ring of the Snake":0},{"Peace Pipe":2,"SsserpentHead":3,"CogitoBucket":0,"Dream Catcher":4,"LetterFromLob":1,"Ring of the Snake":0},{"Peace Pipe":7,"SsserpentHead":11,"CogitoBucket":0,"Dream Catcher":19,"LetterFromLob":4,"Ring of the Snake":0}],"Ring of the Snake":[12]},"card_choices":[{"not_picked":["Deflect","Dagger Throw"],"picked":"Deadly Poison","floor":1},{"not_picked":["BlackSwan","DreamingCurrent"],"picked":"UniverseFragment","floor":2},{"not_picked":["Dagger Throw","Slice","Well Laid Plans"],"picked":"SKIP","floor":2},{"not_picked":["All Out Attack","Sucker Punch","Backflip"],"picked":"SKIP","floor":4},{"not_picked":["OSAHOGD","Bloodbath"],"picked":"SpiderBud","floor":6},{"not_picked":["Outmaneuver","Cloak And Dagger"],"picked":"Footwork","floor":6},{"not_picked":["Mercenary","Murderer"],"picked":"CherryBlossoms","floor":7},{"not_picked":["Masterful Stab","Sucker Punch","Unload"],"picked":"SKIP","floor":7}],"player_experience":870481,"relics_obtained":[{"floor":1,"key":"LetterFromLob"},{"floor":6,"key":"Dream Catcher"}],"event_choices":[{"damage_healed":0,"gold_gain":0,"player_choice":"Trade","damage_taken":0,"relics_obtained":["SsserpentHead"],"max_hp_gain":0,"max_hp_loss":0,"event_name":"FaceTrader","floor":5,"gold_loss":0}],"is_beta":false,"boss_relics":[],"items_purged_floors":[3],"is_endless":false,"potions_floor_spawned":[2,4],"killed_by":"Gremlin Nob","ascension_level":15}}