{"host":"d2y4rmbezebiv8aj","time":1610020959,"event":{"mods":["AchievementEnabler","BaseMod","Bestiary","BetterRewards","Colored Map","Colored Powertips","Custom Start","Highlight Path","Minty Spire (QoL Compilation)","Quick Restart","Rare Cards Sparkle","Relic Sorter","Relic Stats","Shop Mod","Slay-I","StSLib","SuperFastMode"],"gold_per_floor":[118,138,149,169,179,179,198,217,243,262,262,227,227,257,257,352,352,365,348,16,33,233,233,68,103,149,161,161,177,193,207,207,302,302,316,330,257,257,26,26,26,26,51,77,77,77,90,101,101,101,101],"floor_reached":50,"playtime":3182,"items_purged":[],"score":1065,"play_id":"bf254434-cf50-45a0-9769-5db96ddf44f5","local_time":"20210107130239","is_ascension_mode":true,"campfire_choices":[{"floor":6.0,"key":"REST"},{"data":"Panache","floor":11,"key":"SMITH"},{"data":"Night Terror","floor":13,"key":"SMITH"},{"data":"Masterful Stab","floor":15,"key":"SMITH"},{"floor":23,"key":"REST"},{"floor":28,"key":"REST"},{"floor":32,"key":"REST"},{"floor":40,"key":"REST"},{"data":"Footwork","floor":42,"key":"SMITH"},{"data":"Terror","floor":46,"key":"SMITH"},{"floor":49,"key":"REST"}],"circlet_count":0,"master_deck":["Strike_G","Strike_G+1","Strike_G+1","Strike_G","Strike_G","Defend_G","Defend_G","Defend_G","Defend_G","Defend_G","Survivor","Neutralize","Panache+1","Masterful Stab+1","Outmaneuver","Dagger Spray","Masterful Stab","Cloak And Dagger","Leg Sweep","Accuracy","Night Terror+1","PiercingWail","Deflect","Die Die Die","Terror+1","Cloak And Dagger+1","Footwork+1","PiercingWail","Quick Slash+1","Prepared","Cloak And Dagger","Slice+1","CurseOfTheBell","Blade Dance+1","Infinite Blades","Metamorphosis+1","Dark Shackles+1","Dodge and Roll+1","Footwork+1","Cloak And Dagger+1"],"relics":["Ring of the Snake","PreservedInsect","Smiling Mask","Pen Nib","Happy Flower","Vajra","Membership Card","Regal Pillow","Bag of Marbles","Calling Bell","Anchor","Toxic Egg 2","Thread and Needle","Toolbox","Bronze Scales","Whetstone","Blood Vial"],"acts_visited":["Exordium","TheCity","TheBeyond"],"potions_floor_usage":[14,25,27,27,33,38,44,50],"damage_taken":[{"damage":0.0,"enemies":"Jaw Worm","floor":1.0,"turns":2.0},{"damage":8.0,"enemies":"Cultist","floor":2.0,"turns":4.0},{"damage":0.0,"enemies":"2 Louse","floor":3.0,"turns":3.0},{"damage":7.0,"enemies":"Large Slime","floor":4.0,"turns":5.0},{"damage":0.0,"enemies":"3 Louse","floor":5.0,"turns":2.0},{"damage":0.0,"enemies":"Looter","floor":7.0,"turns":1.0},{"damage":4,"enemies":"Gremlin Gang","floor":8,"turns":3},{"damage":1,"enemies":"Blue Slaver","floor":10,"turns":4},{"damage":17,"enemies":"Gremlin Nob","floor":14,"turns":4},{"damage":0,"enemies":"Slime Boss","floor":16,"turns":7},{"damage":27,"enemies":"Spheric Guardian","floor":18,"turns":4},{"damage":5,"enemies":"2 Thieves","floor":19,"turns":4},{"damage":7,"enemies":"Centurion and Healer","floor":21,"turns":7},{"damage":11,"enemies":"Gremlin Leader","floor":25,"turns":6},{"damage":19,"enemies":"Snecko","floor":27,"turns":7},{"damage":8,"enemies":"3 Cultists","floor":29,"turns":3},{"damage":0,"enemies":"Snake Plant","floor":30,"turns":3},{"damage":5,"enemies":"Cultist and Chosen","floor":31,"turns":7},{"damage":44,"enemies":"Collector","floor":33,"turns":7},{"damage":2,"enemies":"Orb Walker","floor":35,"turns":5},{"damage":24,"enemies":"3 Shapes","floor":36,"turns":8},{"damage":0,"enemies":"Maw","floor":38,"turns":4},{"damage":0,"enemies":"Nemesis","floor":44,"turns":1},{"damage":15,"enemies":"Spire Growth","floor":47,"turns":5},{"damage":0,"enemies":"3 Darklings","floor":48,"turns":4},{"damage":71,"enemies":"Awakened One","floor":50,"turns":6}],"seed_played":"3692412658556804193","potions_obtained":[{"floor":1.0,"key":"Swift Potion"},{"floor":2.0,"key":"Fire Potion"},{"floor":3.0,"key":"SkillPotion"},{"floor":10,"key":"AttackPotion"},{"floor":19,"key":"ColorlessPotion"},{"floor":27,"key":"Energy Potion"},{"floor":30,"key":"EssenceOfSteel"},{"floor":31,"key":"SmokeBomb"},{"floor":33,"key":"SpeedPotion"},{"floor":47,"key":"Poison Potion"}],"is_trial":false,"path_per_floor":["M","M","M","M","M","R","M","M","T","M","R","?","R","E","R","B",null,"M","M","$","M","?","R","$","E","T","M","R","M","M","M","R","B",null,"M","M","$","M","$","R","$","R","T","E","?","R","M","M","R","B"],"character_chosen":"THE_SILENT","items_purchased":["Panache","PreservedInsect","Masterful Stab","Happy Flower","Vajra","Footwork","Membership Card","PiercingWail","Toolbox","Bronze Scales","Metamorphosis+1","Dark Shackles+1","Dodge and Roll+1"],"campfire_rested":6,"item_purchase_floors":[0,0,0,20,20,20,24,24,37,39,39,39,39],"current_hp_per_floor":[50,42,42,35,35,56,56,52,52,51,51,68,68,51,51,51,65,38,33,33,26,26,47,47,36,36,17,53,45,45,40,70,26,59,57,33,33,33,33,69,69,69,69,69,69,69,55,57,70,0,0],"gold":101,"neow_bonus":"","is_daily":false,"chose_seed":false,"campfire_upgraded":5,"win_rate":0.0,"timestamp":1610020959,"path_taken":["M","M","M","M","M","R","M","M","T","M","R","?","R","E","R","BOSS","M","M","$","M","?","R","$","E","T","M","R","?","M","M","R","BOSS","M","M","$","M","$","R","?","R","T","E","?","R","?","M","R","BOSS"],"items_purchased_type":["Card","Relic","Card","Relic","Relic","Card","Relic","Card","Relic","Relic","Card","Card","Card"],"build_version":"2020-12-22","purchased_purges":0,"victory":false,"max_hp_per_floor":[70,70,70,70,70,70,70,70,70,70,70,70,70,70,70,70,70,70,70,70,70,70,70,70,70,70,70,70,70,70,70,70,70,70,70,70,70,70,70,70,70,70,70,70,70,70,70,70,70,70,70],"relic_stats":{"Blood Vial":3,"Regal Pillow":39,"Happy Flower":[24],"counters":[56,264],"Bronze Scales":[57],"PreservedInsect":119,"Pen Nib":[18],"Whetstone":["Strike_G","Strike_G"],"Smiling Mask":0,"obtain_stats":[{"Regal Pillow":25,"Gremlin Horn":7,"Vajra":9,"Enchiridion":22,"HoveringKite":34,"Mango":17,"Whetstone":43,"Cursed Key":17,"Smiling Mask":9,"Blood Vial":36,"Pantograph":9,"Toolbox":20,"MealTicket":20,"Red Mask":47,"Kunai":0,"Toxic Egg 2":34,"InkBottle":29,"Ring of the Snake":0,"Potion Belt":17,"Happy Flower":20,"Golden Idol":5,"Blue Candle":26,"Oddly Smooth Stone":0,"Thread and Needle":34,"PreservedInsect":0,"Pen Nib":14,"Omamori":13,"Frozen Egg 2":17,"MawBank":43,"Calling Bell":17,"Anchor":14,"Bronze Scales":7,"Bag of Marbles":26,"Membership Card":24,"Toy Ornithopter":30},{"Regal Pillow":44,"Gremlin Horn":24,"Vajra":4,"Enchiridion":9,"HoveringKite":13,"Mango":7,"Whetstone":52,"Cursed Key":26,"Smiling Mask":37,"Blood Vial":14,"Pantograph":24,"Toolbox":9,"MealTicket":28,"Red Mask":19,"Kunai":0,"Toxic Egg 2":49,"InkBottle":11,"Ring of the Snake":0,"Potion Belt":7,"Happy Flower":42,"Golden Idol":23,"Blue Candle":10,"Oddly Smooth Stone":20,"Thread and Needle":49,"PreservedInsect":0,"Pen Nib":39,"Omamori":24,"Frozen Egg 2":7,"MawBank":17,"Calling Bell":7,"Anchor":6,"Bronze Scales":4,"Bag of Marbles":44,"Membership Card":43,"Toy Ornithopter":11},{"Regal Pillow":204,"Gremlin Horn":115,"Vajra":21,"Enchiridion":49,"HoveringKite":66,"Mango":40,"Whetstone":248,"Cursed Key":129,"Smiling Mask":168,"Blood Vial":70,"Pantograph":115,"Toolbox":49,"MealTicket":138,"Red Mask":89,"Kunai":0,"Toxic Egg 2":231,"InkBottle":56,"Ring of the Snake":0,"Potion Belt":40,"Happy Flower":191,"Golden Idol":109,"Blue Candle":54,"Oddly Smooth Stone":100,"Thread and Needle":231,"PreservedInsect":0,"Pen Nib":176,"Omamori":115,"Frozen Egg 2":40,"MawBank":83,"Calling Bell":40,"Anchor":27,"Bronze Scales":21,"Bag of Marbles":204,"Membership Card":198,"Toy Ornithopter":56}],"Ring of the Snake":[112]},"card_choices":[{"not_picked":["Predator","Acrobatics"],"picked":"Outmaneuver","floor":1.0},{"not_picked":["Deadly Poison","Flechettes"],"picked":"Dagger Spray","floor":2.0},{"not_picked":["Flying Knee","Choke"],"picked":"Masterful Stab","floor":3.0},{"not_picked":["Dodge and Roll","PiercingWail"],"picked":"Cloak And Dagger","floor":4.0},{"not_picked":["Riddle With Holes","Eviscerate"],"picked":"Leg Sweep","floor":5.0},{"not_picked":["Bane","Tactician"],"picked":"Accuracy","floor":7.0},{"not_picked":["Deflect","Quick Slash"],"picked":"Night Terror","floor":8},{"not_picked":["Quick Slash","Deflect"],"picked":"PiercingWail","floor":10},{"not_picked":["Endless Agony","Skewer"],"picked":"Deflect","floor":14},{"not_picked":["Venomology","A Thousand Cuts"],"picked":"Die Die Die","floor":16},{"not_picked":["Deflect","Deadly Poison"],"picked":"Terror","floor":18},{"not_picked":["Predator","Caltrops"],"picked":"Cloak And Dagger+1","floor":19},{"not_picked":["Reflex+1","Acrobatics","Skewer"],"picked":"SKIP","floor":21},{"not_picked":["Dagger Spray","Grand Finale"],"picked":"Quick Slash+1","floor":25},{"not_picked":["Catalyst","Bane"],"picked":"Prepared","floor":27},{"not_picked":["Dagger Spray","Quick Slash+1"],"picked":"Cloak And Dagger","floor":29},{"not_picked":["PiercingWail","Caltrops","Deadly Poison"],"picked":"SKIP","floor":30},{"not_picked":["Caltrops+1","Well Laid Plans"],"picked":"Slice+1","floor":31},{"not_picked":["Slice","Cloak And Dagger+1"],"picked":"Blade Dance+1","floor":35},{"not_picked":["Catalyst+1","Prepared+1"],"picked":"Infinite Blades","floor":36},{"not_picked":["Sucker Punch+1","Caltrops+1"],"picked":"Footwork","floor":44},{"not_picked":["Flechettes+1","Doppelganger+1","Accuracy"],"picked":"SKIP","floor":47},{"not_picked":["Calculated Gamble+1","Bane"],"picked":"Cloak And Dagger+1","floor":48}],"player_experience":371575,"relics_obtained":[{"floor":9,"key":"Smiling Mask"},{"floor":14,"key":"Pen Nib"},{"floor":25,"key":"Regal Pillow"},{"floor":26,"key":"Bag of Marbles"},{"floor":34,"key":"Anchor"},{"floor":34,"key":"Toxic Egg 2"},{"floor":34,"key":"Thread and Needle"},{"floor":43,"key":"Whetstone"},{"floor":44,"key":"Blood Vial"}],"event_choices":[{"damage_healed":17,"gold_gain":0,"player_choice":"Healed","damage_taken":0,"max_hp_gain":0,"max_hp_loss":0,"event_name":"The Cleric","floor":12,"gold_loss":35},{"damage_healed":0,"gold_gain":200,"player_choice":"Gold","damage_taken":0,"max_hp_gain":0,"max_hp_loss":0,"event_name":"Wheel of Change","floor":22,"gold_loss":0},{"damage_healed":0,"gold_gain":0,"player_choice":"Forge","damage_taken":0,"max_hp_gain":0,"max_hp_loss":0,"event_name":"Accursed Blacksmith","floor":45,"gold_loss":0,"cards_upgraded":["Footwork"]}],"is_beta":false,"boss_relics":[{"not_picked":["Runic Dome","Fusion Hammer","Pandora\u0027s Box"]},{"not_picked":["Ring of the Serpent","Sozu"],"picked":"Calling Bell"}],"items_purged_floors":[],"is_endless":false,"potions_floor_spawned":[1,2,3,10,19,21,27,30,31,33,38,47],"killed_by":"Awakened One","ascension_level":8}}