{"host":"Jonboy","time":1610057782,"event":{"mods":["AchievementEnabler","BaseMod","Block Reminder","Colored Powertips","Minty Spire (QoL Compilation)","Relic Stats"],"gold_per_floor":[109,127,146,96,110,110,185,185,185,199,232,247,63,78,78,150,150,164,164,179,179,199,199,224,236,236,261,261,288,300,319,319,397,397,415,415,325,339,350,377,377,395,395,405,405,44,60,94,94,94],"floor_reached":51,"playtime":2799,"items_purged":["Strike_G"],"score":1383,"play_id":"b4605233-5d79-4db2-ba09-5b28974b901c","local_time":"20210107221622","is_ascension_mode":true,"campfire_choices":[{"data":"Bouncing Flask","floor":6.0,"key":"SMITH"},{"data":"Die Die Die","floor":15,"key":"SMITH"},{"floor":23,"key":"REST"},{"floor":28,"key":"REST"},{"floor":32,"key":"REST"},{"floor":41,"key":"REST"},{"floor":49,"key":"REST"}],"circlet_count":0,"master_deck":["AscendersBane","Defend_G+1","Defend_G+1","Defend_G+1","Defend_G+1","Defend_G+1","Survivor+1","Neutralize+1","Deadly Poison+1","Predator+1","Bouncing Flask+1","Predator+1","Die Die Die+1","Noxious Fumes+1","Predator+1","Dash+1","Wraith Form v2+1","Catalyst+1","Backflip+1","PiercingWail+1","PiercingWail+1","Well Laid Plans+1","PiercingWail+1","Dodge and Roll+1","Bullet Time+1","Leg Sweep+1","Noxious Fumes+1","Acrobatics+1","Acrobatics","Backflip"],"relics":["Snecko Eye","Lizard Tail","The Courier","Fusion Hammer","Omamori","HornCleat","Blue Candle","Oddly Smooth Stone","SlaversCollar","Happy Flower","Eternal Feather","Mark of the Bloom","Bag of Preparation","Mummified Hand","Regal Pillow"],"acts_visited":["Exordium","TheCity","TheBeyond"],"potions_floor_usage":[12,31,33,50,50],"damage_taken":[{"damage":0.0,"enemies":"2 Louse","floor":1.0,"turns":4.0},{"damage":1.0,"enemies":"Small Slimes","floor":2.0,"turns":5.0},{"damage":0.0,"enemies":"Cultist","floor":3.0,"turns":3.0},{"damage":2.0,"enemies":"2 Fungi Beasts","floor":5.0,"turns":3.0},{"damage":12,"enemies":"3 Louse","floor":10,"turns":3},{"damage":25,"enemies":"Gremlin Nob","floor":11,"turns":4},{"damage":0,"enemies":"Lots of Slimes","floor":12,"turns":2},{"damage":0,"enemies":"2 Fungi Beasts","floor":14,"turns":3},{"damage":0,"enemies":"Slime Boss","floor":16,"turns":6},{"damage":1,"enemies":"3 Byrds","floor":18,"turns":4},{"damage":0,"enemies":"Chosen","floor":20,"turns":4},{"damage":0,"enemies":"Snake Plant","floor":22,"turns":3},{"damage":7,"enemies":"Slavers","floor":24,"turns":5},{"damage":0,"enemies":"Centurion and Healer","floor":25,"turns":7},{"damage":4,"enemies":"Book of Stabbing","floor":27,"turns":4},{"damage":12,"enemies":"Slavers","floor":29,"turns":6},{"damage":0,"enemies":"3 Cultists","floor":30,"turns":4},{"damage":0,"enemies":"Snecko","floor":31,"turns":3},{"damage":15,"enemies":"Automaton","floor":33,"turns":9},{"damage":3,"enemies":"3 Darklings","floor":35,"turns":5},{"damage":0,"enemies":"Orb Walker","floor":38,"turns":3},{"damage":12,"enemies":"3 Darklings","floor":39,"turns":5},{"damage":6,"enemies":"Nemesis","floor":40,"turns":7},{"damage":0,"enemies":"Sphere and 2 Shapes","floor":42,"turns":4},{"damage":10,"enemies":"Writhing Mass","floor":44,"turns":6},{"damage":0,"enemies":"Transient","floor":47,"turns":5},{"damage":0,"enemies":"Giant Head","floor":48,"turns":6},{"damage":10,"enemies":"Awakened One","floor":50,"turns":12}],"seed_played":"-3155954529765429829","potions_obtained":[{"floor":1.0,"key":"Dexterity Potion"},{"floor":5.0,"key":"DuplicationPotion"},{"floor":16,"key":"Ancient Potion"},{"floor":18,"key":"LiquidMemories"},{"floor":21,"key":"Fruit Juice"},{"floor":31,"key":"GamblersBrew"},{"floor":33,"key":"DuplicationPotion"}],"is_trial":false,"path_per_floor":["M","M","M","?","M","R","?","?","T","M","E","M","$","M","R","B",null,"M","?","M","?","M","R","E","M","T","E","R","E","M","M","R","B",null,"M","?","?","M","M","E","R","M","T","M","?","$","M","E","R","B",null],"character_chosen":"THE_SILENT","items_purchased":["Noxious Fumes","Predator","Bag of Preparation","Mummified Hand","Acrobatics"],"campfire_rested":5,"item_purchase_floors":[13,13,46,46,46],"current_hp_per_floor":[63,62,62,62,60,60,49,42,42,30,5,5,5,5,5,5,54,53,53,53,53,53,70,63,63,63,59,70,58,58,63,75,60,71,68,68,68,68,56,50,72,72,72,62,62,62,62,62,62,52],"gold":94,"neow_bonus":"BOSS_RELIC","is_daily":false,"chose_seed":false,"campfire_upgraded":2,"win_rate":0.0,"timestamp":1610057782,"path_taken":["M","M","M","?","M","R","?","?","T","M","E","M","$","M","R","BOSS","M","?","M","?","M","R","E","M","T","E","R","E","?","M","R","BOSS","M","?","?","M","M","E","R","M","T","?","?","$","M","E","R","BOSS"],"items_purchased_type":["Card","Card","Relic","Relic","Card"],"build_version":"2020-12-18","purchased_purges":1,"victory":true,"max_hp_per_floor":[70,70,70,70,70,70,70,70,70,70,70,70,70,70,70,70,70,70,70,70,70,70,70,70,70,70,70,70,70,70,75,75,75,75,75,75,75,75,75,75,75,75,75,75,75,75,75,75,75,75],"relic_stats":{"Lizard Tail":0,"Mark of the Bloom":55,"Regal Pillow":0,"Happy Flower":[11],"counters":[28,135],"Mummified Hand":[23],"Blue Candle":[0],"Snecko Eye":[290,254,275,280],"Eternal Feather":0,"Bag of Preparation":[6],"obtain_stats":[{"Mark of the Bloom":45,"Regal Pillow":48,"Happy Flower":40,"Blue Candle":27,"Oddly Smooth Stone":29,"Eternal Feather":43,"The Courier":11,"Omamori":24,"Bag of Preparation":46,"SlaversCollar":34,"Lizard Tail":9,"HornCleat":26,"Mummified Hand":46,"Snecko Eye":0,"Fusion Hammer":17,"Ring of the Snake":0},{"Mark of the Bloom":25,"Regal Pillow":27,"Happy Flower":23,"Blue Candle":15,"Oddly Smooth Stone":16,"Eternal Feather":24,"The Courier":6,"Omamori":13,"Bag of Preparation":25,"SlaversCollar":19,"Lizard Tail":4,"HornCleat":14,"Mummified Hand":25,"Snecko Eye":0,"Fusion Hammer":9,"Ring of the Snake":0},{"Mark of the Bloom":112,"Regal Pillow":123,"Happy Flower":102,"Blue Candle":60,"Oddly Smooth Stone":66,"Eternal Feather":106,"The Courier":22,"Omamori":49,"Bag of Preparation":112,"SlaversCollar":82,"Lizard Tail":15,"HornCleat":56,"Mummified Hand":112,"Snecko Eye":0,"Fusion Hammer":33,"Ring of the Snake":0}]},"card_choices":[{"not_picked":["Distraction","Dodge and Roll"],"picked":"Deadly Poison","floor":1.0},{"not_picked":["Expertise","Cloak And Dagger"],"picked":"Predator","floor":2.0},{"not_picked":["Outmaneuver","Backstab"],"picked":"Bouncing Flask","floor":3.0},{"not_picked":["Backflip","Blade Dance","Calculated Gamble"],"picked":"SKIP","floor":5.0},{"not_picked":["Underhanded Strike","Quick Slash"],"picked":"Predator","floor":10},{"not_picked":["Distraction","Reflex"],"picked":"Die Die Die","floor":11},{"not_picked":["Dodge and Roll","Backstab","Caltrops"],"picked":"SKIP","floor":12},{"not_picked":["Deflect","Noxious Fumes"],"picked":"Dash","floor":14},{"not_picked":["Unload","Bullet Time"],"picked":"Wraith Form v2","floor":16},{"not_picked":["Flying Knee","Quick Slash"],"picked":"Catalyst","floor":18},{"not_picked":["Underhanded Strike","Backflip"],"picked":"PiercingWail","floor":20},{"not_picked":["Backflip","Footwork"],"picked":"PiercingWail","floor":22},{"not_picked":["Deadly Poison","Flying Knee"],"picked":"Well Laid Plans","floor":24},{"not_picked":["Dodge and Roll","Accuracy","Masterful Stab"],"picked":"SKIP","floor":25},{"not_picked":["Unload","Backstab+1","Deflect"],"picked":"SKIP","floor":27},{"not_picked":["Flechettes","Bane"],"picked":"Blur","floor":29},{"not_picked":["Cloak And Dagger+1","Endless Agony"],"picked":"PiercingWail+1","floor":30},{"not_picked":["Riddle With Holes","Flying Knee+1"],"picked":"Dodge and Roll+1","floor":31},{"not_picked":["A Thousand Cuts","Phantasmal Killer"],"picked":"Bullet Time","floor":33},{"not_picked":["Flechettes","Blade Dance"],"picked":"Leg Sweep","floor":35},{"not_picked":["Quick Slash+1","Underhanded Strike+1","Endless Agony+1"],"picked":"SKIP","floor":38},{"not_picked":["Backflip","Skewer"],"picked":"Noxious Fumes","floor":39},{"not_picked":["Expertise+1","Sucker Punch","Flying Knee"],"picked":"SKIP","floor":40},{"not_picked":["Endless Agony","Backflip"],"picked":"Acrobatics","floor":42},{"not_picked":["Distraction","Poisoned Stab","Finisher"],"picked":"SKIP","floor":44},{"not_picked":["Grand Finale","Flying Knee","Sucker Punch+1"],"picked":"SKIP","floor":47},{"not_picked":["Concentrate","Deflect"],"picked":"Backflip","floor":48}],"player_experience":444655,"relics_obtained":[{"floor":9.0,"key":"Lizard Tail"},{"floor":11,"key":"The Courier"},{"floor":24,"key":"Omamori"},{"floor":26,"key":"HornCleat"},{"floor":27,"key":"Blue Candle"},{"floor":29,"key":"Oddly Smooth Stone"},{"floor":40,"key":"Happy Flower"},{"floor":43,"key":"Eternal Feather"},{"floor":48,"key":"Regal Pillow"}],"event_choices":[{"cards_removed":["Strike_G"],"damage_healed":0.0,"max_hp_gain":0.0,"max_hp_loss":0.0,"gold_gain":0.0,"event_name":"The Cleric","player_choice":"Card Removal","floor":4.0,"gold_loss":50.0,"damage_taken":0.0},{"damage_healed":0.0,"max_hp_gain":0.0,"max_hp_loss":0.0,"gold_gain":75.0,"event_name":"World of Goop","player_choice":"Gather Gold","floor":7.0,"gold_loss":0.0,"damage_taken":11.0},{"cards_removed":["Strike_G"],"damage_healed":0.0,"max_hp_gain":0.0,"max_hp_loss":0.0,"gold_gain":0.0,"event_name":"Golden Wing","player_choice":"Card Removal","floor":8.0,"gold_loss":0.0,"damage_taken":7.0},{"damage_healed":0,"gold_gain":0,"cards_transformed":["Strike_G","Strike_G"],"player_choice":"Became Test Subject","damage_taken":0,"max_hp_gain":0,"max_hp_loss":0,"event_name":"Drug Dealer","floor":19,"gold_loss":0,"cards_obtained":["Backflip","Unload"]},{"damage_healed":0,"gold_gain":0,"player_choice":"Got Potions","damage_taken":0,"max_hp_gain":0,"max_hp_loss":0,"event_name":"Lab","floor":21,"gold_loss":0},{"cards_removed":["Blur"],"damage_healed":0,"gold_gain":0,"player_choice":"Removed Skill","damage_taken":0,"max_hp_gain":0,"max_hp_loss":0,"event_name":"Falling","floor":36,"gold_loss":0},{"cards_removed":["Unload"],"damage_healed":0,"gold_gain":0,"player_choice":"Upgrade and Remove","damage_taken":0,"max_hp_gain":0,"max_hp_loss":0,"event_name":"Designer","floor":37,"gold_loss":90,"cards_upgraded":["PiercingWail"]},{"damage_healed":0,"gold_gain":0,"player_choice":"Upgrade","damage_taken":0,"relics_obtained":["Mark of the Bloom"],"max_hp_gain":0,"max_hp_loss":0,"event_name":"MindBloom","floor":45,"gold_loss":0,"cards_upgraded":["Defend_G","Defend_G","Defend_G","Defend_G","Defend_G","Survivor","Neutralize","Deadly Poison","Predator","Predator","Noxious Fumes","Predator","Dash","Wraith Form v2","Catalyst","Backflip","PiercingWail","Well Laid Plans","Bullet Time","Leg Sweep","Noxious Fumes","Acrobatics"]}],"is_beta":true,"boss_relics":[{"not_picked":["Empty Cage","Calling Bell"],"picked":"Fusion Hammer"},{"not_picked":["Coffee Dripper","HoveringKite"],"picked":"SlaversCollar"}],"items_purged_floors":[13],"is_endless":false,"potions_floor_spawned":[1,5,16,18,20,24,30,31,33,40,42,48],"ascension_level":13}}