{"host":"qq27suot6m8koe0b","time":1610003265,"event":{"mods":["Act Like it!","BaseMod","CapriCore","GifTheSpireLib","Lobotomy","Minty Spire (QoL Compilation)","StSLib","Waifu the Spire"],"gold_per_floor":[110,124,143,29,41,67,86,86,86],"floor_reached":8,"playtime":405,"items_purged":[],"score":60,"play_id":"9e70199f-b424-42f0-8aa2-87d7493b86ab","local_time":"20210107150745","is_ascension_mode":false,"campfire_choices":[],"circlet_count":0,"master_deck":["Strike_B","Strike_B","Strike_B","Strike_B","Defend_B","Defend_B","Defend_B","Defend_B","Zap","Dualcast","VoidDream","Defragment","MHz","Streamline","Bloodbath","Self Repair","Capacitor","Force Field","FairyFestival","Storm","Scorched","Hello World","DreamingCurrent","Genetic Algorithm"],"relics":["Cracked Core","CogitoBucket","Ginger","Theresia"],"acts_visited":["Exordium"],"potions_floor_usage":[],"damage_taken":[{"damage":1,"enemies":"2 Louse","floor":1,"turns":2},{"damage":1,"enemies":"Cultist","floor":2,"turns":3},{"damage":0,"enemies":"Small Slimes","floor":3,"turns":3},{"damage":11,"enemies":"2 Fungi Beasts","floor":5,"turns":5},{"damage":22,"enemies":"Gremlin Nob","floor":6,"turns":5},{"damage":30,"enemies":"Red Slaver","floor":7,"turns":1},{"damage":65,"enemies":"Lagavulin","floor":8,"turns":3}],"seed_played":"3690493446131357158","potions_obtained":[{"floor":1,"key":"SkillPotion"},{"floor":6,"key":"SkillPotion"},{"floor":7,"key":"PowerPotion"}],"is_trial":false,"path_per_floor":["M","M","M","$","M","E","M","E"],"character_chosen":"DEFECT","items_purchased":["Capacitor","Force Field"],"campfire_rested":0,"item_purchase_floors":[4,4],"current_hp_per_floor":[74,73,73,73,70,61,31,0,0],"gold":86,"neow_bonus":"","is_daily":false,"chose_seed":false,"campfire_upgraded":0,"win_rate":0.0,"timestamp":1610003265,"path_taken":["M","M","M","$","M","E","M","E"],"items_purchased_type":["Card","Card"],"build_version":"2020-12-22","purchased_purges":0,"victory":false,"max_hp_per_floor":[75,75,75,75,75,75,75,75,75],"card_choices":[{"not_picked":["HeroicMonk","PunishingBird"],"picked":"VoidDream","floor":1},{"not_picked":["Tempest","Go for the Eyes"],"picked":"Defragment","floor":1},{"not_picked":["Yin","Murderer"],"picked":"MHz","floor":2},{"not_picked":["Rip and Tear","Skim"],"picked":"Streamline","floor":2},{"not_picked":["MeatLantern","QueenBee"],"picked":"Bloodbath","floor":3},{"not_picked":["Leap","Gash"],"picked":"Self Repair","floor":3},{"not_picked":["UniverseFragment","PunishingBird"],"picked":"FairyFestival","floor":5},{"not_picked":["Glacier","Ball Lightning"],"picked":"Storm","floor":5},{"not_picked":["ShyLook","WallGazer"],"picked":"Scorched","floor":6},{"not_picked":["Redo","Turbo"],"picked":"Hello World","floor":6},{"not_picked":["ShyLook","Variant"],"picked":"DreamingCurrent","floor":7},{"not_picked":["Thunder Strike","Doom and Gloom"],"picked":"Genetic Algorithm","floor":7}],"player_experience":247317,"relics_obtained":[{"floor":6,"key":"Ginger"}],"event_choices":[],"is_beta":false,"boss_relics":[],"items_purged_floors":[],"is_endless":false,"potions_floor_spawned":[1,6,7],"killed_by":"Lagavulin","ascension_level":0}}