{"host":"oeddu058k4r8wzo0","time":1610009062,"event":{"mods":["BaseMod","Better Third Choice","BetterRewards","Colored Map","Colored Powertips","Evolution","Highlight Path","Minty Spire (QoL Compilation)","Quick Restart","Reworked Bosses","Shop Mod","StSLib","Wandering Minibosses"],"gold_per_floor":[113,131,131,131,142,176,191,191,191,218,28,28,64,64,64,194,194,163,163,6,6,26,60,129,129,129],"floor_reached":25,"playtime":1488,"items_purged":["Strike_P"],"score":368,"play_id":"382d7479-e696-494a-9c04-2f0fcc4dd360","local_time":"20210107004422","is_ascension_mode":true,"campfire_choices":[{"data":"Conclude","floor":8,"key":"SMITH"},{"floor":15,"key":"REST"}],"circlet_count":0,"master_deck":["Strike_P","Strike_P","Defend_P","Defend_P","Defend_P","Defend_P","Eruption+1","Vigilance","FearNoEvil","FollowUp+1","FlurryOfBlows","Wireheading","Conclude+1","Tantrum","LikeWater","EmptyBody","Ragnarok","ClearTheMind","Ghostly","Ghostly","Ghostly","Ghostly","Ghostly","MentalFortress","ReachHeaven+1","MentalFortress+1"],"relics":["PureWater","EVO:Axolotl","NeowsBlessing","The Courier","Golden Idol","Pen Nib","Turnip","Coffee Dripper","MerchantsRug","Whetstone","TeardropLocket","Smiling Mask","wanderingMiniBosses:ThiefScarf","Vajra","CaptainsWheel"],"acts_visited":["Exordium","TheCity"],"potions_floor_usage":[6,10,12,22,23,23],"damage_taken":[{"damage":0,"enemies":"Cultist","floor":1,"turns":1},{"damage":0,"enemies":"Jaw Worm","floor":2,"turns":1},{"damage":0,"enemies":"2 Louse","floor":5,"turns":2},{"damage":16,"enemies":"Gremlin Nob","floor":6,"turns":3},{"damage":9,"enemies":"2 Fungi Beasts","floor":7,"turns":3},{"damage":0,"enemies":"Lagavulin","floor":10,"turns":3},{"damage":4,"enemies":"Gremlin Nob","floor":13,"turns":3},{"damage":61,"enemies":"Hexaghost","floor":16,"turns":8},{"damage":26,"enemies":"3 Byrds","floor":18,"turns":6},{"damage":2,"enemies":"Shell Parasite","floor":22,"turns":3},{"damage":3,"enemies":"Book of Stabbing","floor":23,"turns":5},{"damage":0,"enemies":"Centurion and Healer","floor":24,"turns":8},{"damage":28,"enemies":"Snake Plant","floor":25,"turns":2}],"seed_played":"-1607837260612021372","potions_obtained":[{"floor":5,"key":"DuplicationPotion"},{"floor":6,"key":"Explosive Potion"},{"floor":10,"key":"Ancient Potion"},{"floor":13,"key":"FairyPotion"},{"floor":18,"key":"GamblersBrew"},{"floor":22,"key":"Weak Potion"}],"is_trial":false,"path_per_floor":["M","M","?","?","M","E","M","R","T","E","$","?","E","T","R","B",null,"M","?","$","?","M","E","M","M"],"character_chosen":"WATCHER","items_purchased":["Fruit Juice","LikeWater","MerchantsRug","AttackPotion"],"campfire_rested":1,"item_purchase_floors":[11,11,20,20],"current_hp_per_floor":[65,65,58,58,58,42,33,33,33,33,33,38,34,34,55,21,59,33,33,33,33,31,28,28,0,0],"gold":129,"neow_bonus":"THREE_ENEMY_KILL","is_daily":false,"chose_seed":false,"campfire_upgraded":1,"win_rate":0.0,"timestamp":1610009062,"path_taken":["M","?","?","?","M","E","M","R","T","E","$","?","E","?","R","BOSS","M","?","$","?","M","E","M","M"],"items_purchased_type":["Potion","Card","Relic","Potion"],"build_version":"2020-12-22","purchased_purges":1,"victory":false,"max_hp_per_floor":[72,72,72,72,72,72,72,72,72,72,72,72,72,72,72,72,72,72,36,36,36,36,36,36,36,36],"card_choices":[{"not_picked":["Crescendo","Prostrate"],"picked":"FearNoEvil","floor":1},{"not_picked":["CrushJoints","EmptyFist"],"picked":"FollowUp","floor":2},{"not_picked":["Evaluate","DeceiveReality"],"picked":"FlurryOfBlows","floor":5},{"not_picked":["Crescendo","Weave"],"picked":"Wireheading","floor":6},{"not_picked":["Halt","Vengeance"],"picked":"Conclude","floor":7},{"not_picked":["FlyingSleeves","SpiritShield"],"picked":"Tantrum","floor":10},{"not_picked":["ThirdEye","FollowUp"],"picked":"EmptyBody","floor":13},{"not_picked":["SpiritShield","DeusExMachina"],"picked":"Ragnarok","floor":16},{"not_picked":["EmptyBody","Consecrate"],"picked":"ClearTheMind","floor":18},{"not_picked":["FollowUp","Evaluate"],"picked":"ReachHeaven","floor":22},{"not_picked":["FearNoEvil","ThirdEye","Halt"],"picked":"SKIP","floor":23},{"not_picked":["FearNoEvil","ThirdEye","Halt"],"picked":"SKIP","floor":23},{"not_picked":["Swivel","ClearTheMind"],"picked":"MentalFortress+1","floor":24}],"player_experience":1345316,"relics_obtained":[{"floor":6,"key":"Smiling Mask"},{"floor":9,"key":"The Courier"},{"floor":10,"key":"TeardropLocket"},{"floor":13,"key":"Pen Nib"},{"floor":14,"key":"Turnip"},{"floor":23,"key":"Whetstone"},{"floor":24,"key":"TeardropLocket"},{"floor":24,"key":"Smiling Mask"},{"floor":24,"key":"wanderingMiniBosses:ThiefScarf"}],"event_choices":[{"cards_removed":["Strike_P"],"damage_healed":0,"gold_gain":0,"player_choice":"Card Removal","damage_taken":7,"max_hp_gain":0,"max_hp_loss":0,"event_name":"Golden Wing","floor":3,"gold_loss":0},{"damage_healed":0,"gold_gain":0,"player_choice":"Grow","damage_taken":0,"max_hp_gain":0,"max_hp_loss":0,"event_name":"Living Wall","floor":4,"gold_loss":0,"cards_upgraded":["Eruption"]},{"damage_healed":0,"gold_gain":0,"player_choice":"Lose Max HP","damage_taken":0,"relics_obtained":["Golden Idol"],"max_hp_gain":0,"max_hp_loss":5,"event_name":"Golden Idol","floor":12,"gold_loss":0},{"damage_healed":0,"gold_gain":0,"player_choice":"Became a Ghost","damage_taken":0,"max_hp_gain":0,"max_hp_loss":36,"event_name":"Ghosts","floor":19,"gold_loss":0,"cards_obtained":["Ghostly","Ghostly","Ghostly","Ghostly","Ghostly"]},{"damage_healed":0,"gold_gain":0,"player_choice":"Read","damage_taken":0,"max_hp_gain":0,"max_hp_loss":0,"event_name":"The Library","floor":21,"gold_loss":0,"cards_obtained":["MentalFortress"]}],"is_beta":false,"boss_relics":[{"not_picked":["Busted Crown","Calling Bell"],"picked":"Coffee Dripper"}],"items_purged_floors":[11],"is_endless":false,"potions_floor_spawned":[5,6,10,13,18,22],"killed_by":"Snake Plant","ascension_level":6}}