{"host":"Timothy","time":1610009368,"event":{"mods":["AchievementEnabler","BaseMod","Bestiary","Highlight Path","Minty Spire (QoL Compilation)","Quick Restart","Slay-I"],"gold_per_floor":[99,99,99,99,49,49,49,49,49,49,49,49,49,49,49,49,49,49,0,0,0,0,0,0,0,0,0,0,0,0,0,0,0,0,0,0,0,0,0,0,0,0,0,0,0,0,0,0,0,0,0,0,0,0,0],"floor_reached":56,"playtime":3733,"items_purged":[],"score":1424,"play_id":"7990b66f-5b78-460c-aed8-c0dbac492d58","local_time":"20210107004928","is_ascension_mode":false,"campfire_choices":[{"data":"Eruption","floor":15.0,"key":"SMITH"},{"data":"Prostrate","floor":23.0,"key":"SMITH"},{"data":"Prostrate","floor":25.0,"key":"SMITH"},{"data":"Prostrate","floor":32.0,"key":"SMITH"},{"data":"Establishment","floor":40.0,"key":"SMITH"},{"data":"Ghostly","floor":45.0,"key":"SMITH"},{"floor":49.0,"key":"RECALL"},{"data":"BattleHymn","floor":52.0,"key":"SMITH"}],"circlet_count":0,"master_deck":["Strike_P+1","Strike_P+1","Defend_P+1","Defend_P+1","Defend_P+1","Defend_P+1","Eruption+1","Vigilance","Wallop+1","Study","BattleHymn","Prostrate+1","Prostrate+1","Vault","CrushJoints+1","ClearTheMind+1","Ghostly+1","Ghostly","Ghostly","Ghostly","Ghostly","Prostrate+1","SandsOfTime+1","Establishment+1","JustLucky+1","Consecrate+1","Protect+1","CutThroughFate+1","SandsOfTime+1","Worship+1","BattleHymn+1"],"relics":["Ectoplasm","GoldenEye","Anchor","Meat on the Bone","Happy Flower","Regal Pillow","Philosopher\u0027s Stone","Molten Egg 2","Bottled Flame","Sundial","Black Star","Omamori","Whetstone","Lizard Tail","Thread and Needle","Ornamental Fan","Blue Candle","Bottled Lightning","Red Mask","Gambling Chip","Bag of Marbles"],"acts_visited":["Exordium","TheCity","TheBeyond","TheEnding"],"potions_floor_usage":[55,55],"damage_taken":[{"damage":0.0,"enemies":"Small Slimes","floor":1.0,"turns":4.0},{"damage":0.0,"enemies":"Jaw Worm","floor":4.0,"turns":2.0},{"damage":39.0,"enemies":"Gremlin Nob","floor":6.0,"turns":4.0},{"damage":0.0,"enemies":"Cultist","floor":7.0,"turns":3.0},{"damage":2.0,"enemies":"Large Slime","floor":8.0,"turns":5.0},{"damage":5.0,"enemies":"Lagavulin","floor":10.0,"turns":6.0},{"damage":0.0,"enemies":"2 Fungi Beasts","floor":12.0,"turns":3.0},{"damage":0.0,"enemies":"Red Slaver","floor":13.0,"turns":3.0},{"damage":14.0,"enemies":"Gremlin Nob","floor":14.0,"turns":4.0},{"damage":1.0,"enemies":"The Guardian","floor":16.0,"turns":7.0},{"damage":4.0,"enemies":"Chosen","floor":18.0,"turns":5.0},{"damage":4.0,"enemies":"2 Thieves","floor":19.0,"turns":5.0},{"damage":19.0,"enemies":"Chosen and Byrds","floor":20.0,"turns":6.0},{"damage":0.0,"enemies":"Centurion and Healer","floor":21.0,"turns":6.0},{"damage":13.0,"enemies":"Sentry and Sphere","floor":27.0,"turns":6.0},{"damage":5.0,"enemies":"Book of Stabbing","floor":28.0,"turns":6.0},{"damage":0.0,"enemies":"Slavers","floor":30.0,"turns":8.0},{"damage":4.0,"enemies":"Snake Plant","floor":31.0,"turns":5.0},{"damage":0.0,"enemies":"Automaton","floor":33.0,"turns":7.0},{"damage":0.0,"enemies":"3 Darklings","floor":35.0,"turns":4.0},{"damage":0.0,"enemies":"Orb Walker","floor":36.0,"turns":4.0},{"damage":0.0,"enemies":"Sphere and 2 Shapes","floor":37.0,"turns":6.0},{"damage":0.0,"enemies":"Writhing Mass","floor":38.0,"turns":6.0},{"damage":0.0,"enemies":"Spire Growth","floor":39.0,"turns":6.0},{"damage":0.0,"enemies":"Giant Head","floor":41.0,"turns":7.0},{"damage":0.0,"enemies":"2 Orb Walkers","floor":42.0,"turns":5.0},{"damage":0.0,"enemies":"Nemesis","floor":44.0,"turns":5.0},{"damage":16.0,"enemies":"Reptomancer","floor":46.0,"turns":5.0},{"damage":18.0,"enemies":"Donu and Deca","floor":50.0,"turns":7.0},{"damage":0.0,"enemies":"Shield and Spear","floor":54.0,"turns":4.0},{"damage":30,"enemies":"The Heart","floor":55,"turns":8}],"seed_played":"4614507960054178903","potions_obtained":[{"floor":8.0,"key":"Fruit Juice"},{"floor":11.0,"key":"Ambrosia"},{"floor":11.0,"key":"BottledMiracle"},{"floor":11.0,"key":"Weak Potion"},{"floor":12.0,"key":"PowerPotion"},{"floor":14.0,"key":"PowerPotion"},{"floor":35.0,"key":"CultistPotion"},{"floor":46.0,"key":"CultistPotion"}],"is_trial":false,"path_per_floor":["M","?","?","M","?","E","M","M","T","E","?","M","M","E","R","B",null,"M","M","M","M","?","R","?","R","T","M","E","?","E","M","R","B",null,"M","M","M","M","M","R","E","?","T","E","R","E","?","?","R","B",null,"R","$","E","B",null],"character_chosen":"WATCHER","items_purchased":[],"campfire_rested":0,"item_purchase_floors":[],"current_hp_per_floor":[72,60,60,60,60,21,21,19,19,26,31,43,43,41,41,40,77,73,69,50,50,36,36,36,36,36,23,30,30,30,26,26,26,41,41,41,41,41,41,41,41,41,41,41,41,25,25,25,25,19,41,41,41,41,23],"gold":0,"neow_bonus":"BOSS_RELIC","is_daily":false,"chose_seed":false,"campfire_upgraded":7,"win_rate":0.0,"timestamp":1610009368,"path_taken":["M","?","?","?","?","E","M","M","T","E","?","?","M","E","R","BOSS","M","M","M","M","?","R","?","R","T","M","E","?","E","M","R","BOSS","M","M","M","M","M","R","E","?","T","E","R","E","?","?","R","BOSS","R","$","E","BOSS"],"items_purchased_type":[],"build_version":"2020-12-18","purchased_purges":0,"victory":true,"max_hp_per_floor":[72,72,72,72,72,72,72,72,72,72,77,77,77,77,77,77,77,77,77,77,77,82,82,41,41,41,41,41,41,41,41,41,41,41,41,41,41,41,41,41,41,41,41,41,41,41,41,41,41,41,41,41,41,41,41],"card_choices":[{"not_picked":["SashWhip","FlyingSleeves"],"picked":"Wallop","floor":1.0},{"not_picked":["Consecrate","JustLucky"],"picked":"Study","floor":4.0},{"not_picked":["Indignation","Halt","Crescendo"],"picked":"SKIP","floor":6.0},{"not_picked":["FollowUp","Wireheading"],"picked":"BattleHymn","floor":7.0},{"not_picked":["ClearTheMind","Scrawl","MentalFortress"],"picked":"SKIP","floor":8.0},{"not_picked":["Evaluate","SignatureMove"],"picked":"Prostrate","floor":10.0},{"not_picked":["Wireheading","Crescendo"],"picked":"Prostrate","floor":12.0},{"not_picked":["Protect","Tantrum","CrushJoints"],"picked":"SKIP","floor":13.0},{"not_picked":["Scrawl","JustLucky","EmptyFist"],"picked":"SKIP","floor":14.0},{"not_picked":["Ragnarok","Wish"],"picked":"Vault","floor":16.0},{"not_picked":["CrushJoints+1","SashWhip","TalkToTheHand"],"picked":"SKIP","floor":18.0},{"not_picked":["Fasting2+1","MentalFortress+1","Indignation+1"],"picked":"SKIP","floor":19.0},{"not_picked":["FollowUp","ReachHeaven"],"picked":"CrushJoints+1","floor":20.0},{"not_picked":["Protect","BowlingBash"],"picked":"ClearTheMind+1","floor":21.0},{"not_picked":["MasterReality","Crescendo"],"picked":"Prostrate","floor":27.0},{"not_picked":["ReachHeaven+1","FlyingSleeves+1","Crescendo"],"picked":"SKIP","floor":28.0},{"not_picked":["Wallop+1","FlurryOfBlows+1"],"picked":"Consecrate+1","floor":30.0},{"not_picked":["JustLucky+1","EmptyFist+1"],"picked":"SandsOfTime+1","floor":31.0},{"not_picked":["Scrawl","SpiritShield"],"picked":"Establishment","floor":33.0},{"not_picked":["FearNoEvil+1","Meditate+1"],"picked":"JustLucky+1","floor":35.0},{"not_picked":["CrushJoints+1","FlurryOfBlows+1"],"picked":"Consecrate+1","floor":36.0},{"not_picked":["SpiritShield","JustLucky+1"],"picked":"Protect+1","floor":37.0},{"not_picked":["Consecrate+1","FollowUp+1"],"picked":"CutThroughFate+1","floor":38.0},{"not_picked":["PathToVictory+1","InnerPeace"],"picked":"SandsOfTime+1","floor":39.0},{"not_picked":["Establishment","Crescendo","PathToVictory+1"],"picked":"SKIP","floor":41.0},{"not_picked":["WaveOfTheHand+1","EmptyMind+1"],"picked":"Worship+1","floor":42.0},{"not_picked":["ReachHeaven+1","Halt+1","FlyingSleeves+1"],"picked":"SKIP","floor":44.0},{"not_picked":["EmptyMind+1","Indignation+1"],"picked":"BattleHymn","floor":46.0},{"not_picked":["Weave+1","Judgement","CarveReality+1"],"picked":"SKIP","floor":54.0}],"player_experience":762399,"relics_obtained":[{"floor":6.0,"key":"Anchor"},{"floor":9.0,"key":"Meat on the Bone"},{"floor":10.0,"key":"Happy Flower"},{"floor":14.0,"key":"Regal Pillow"},{"floor":26.0,"key":"Molten Egg 2"},{"floor":28.0,"key":"Bottled Flame"},{"floor":30.0,"key":"Sundial"},{"floor":41.0,"key":"Omamori"},{"floor":41.0,"key":"Whetstone"},{"floor":42.0,"key":"Lizard Tail"},{"floor":44.0,"key":"Thread and Needle"},{"floor":44.0,"key":"Ornamental Fan"},{"floor":46.0,"key":"Blue Candle"},{"floor":46.0,"key":"Bottled Lightning"},{"floor":54.0,"key":"Gambling Chip"},{"floor":54.0,"key":"Bag of Marbles"}],"event_choices":[{"damage_healed":0.0,"max_hp_gain":0.0,"max_hp_loss":0.0,"gold_gain":0.0,"event_name":"Scrap Ooze","player_choice":"Success","floor":2.0,"gold_loss":0.0,"damage_taken":12.0,"relics_obtained":["GoldenEye"]},{"cards_removed":["Strike_P"],"damage_healed":0.0,"max_hp_gain":0.0,"max_hp_loss":0.0,"gold_gain":0.0,"event_name":"Purifier","player_choice":"Purged","floor":3.0,"gold_loss":0.0,"damage_taken":0.0},{"cards_removed":["Strike_P"],"damage_healed":0.0,"max_hp_gain":0.0,"max_hp_loss":0.0,"gold_gain":0.0,"event_name":"The Cleric","player_choice":"Card Removal","floor":5.0,"gold_loss":50.0,"damage_taken":0.0},{"damage_healed":0.0,"max_hp_gain":0.0,"max_hp_loss":0.0,"gold_gain":0.0,"event_name":"Lab","player_choice":"Got Potions","floor":11.0,"gold_loss":0.0,"damage_taken":0.0},{"damage_healed":0.0,"max_hp_gain":5.0,"max_hp_loss":0.0,"gold_gain":0.0,"event_name":"Forgotten Altar","player_choice":"Shed Blood","floor":22.0,"gold_loss":0.0,"damage_taken":19.0},{"damage_healed":0.0,"max_hp_gain":0.0,"max_hp_loss":41.0,"gold_gain":0.0,"event_name":"Ghosts","player_choice":"Became a Ghost","floor":24.0,"gold_loss":0.0,"damage_taken":0.0,"cards_obtained":["Ghostly","Ghostly","Ghostly","Ghostly","Ghostly"]},{"damage_healed":0.0,"max_hp_gain":0.0,"max_hp_loss":0.0,"gold_gain":0.0,"event_name":"Back to Basics","player_choice":"Simplicity","floor":29.0,"gold_loss":0.0,"damage_taken":0.0,"cards_upgraded":["Strike_P","Strike_P","Defend_P","Defend_P","Defend_P","Defend_P"]},{"damage_healed":0.0,"max_hp_gain":0.0,"max_hp_loss":0.0,"gold_gain":0.0,"event_name":"Mysterious Sphere","player_choice":"Fight","floor":42.0,"gold_loss":0.0,"damage_taken":0.0},{"damage_healed":0.0,"max_hp_gain":0.0,"max_hp_loss":0.0,"gold_gain":0.0,"event_name":"Tomb of Lord Red Mask","player_choice":"Paid","floor":47.0,"gold_loss":0.0,"damage_taken":0.0,"relics_obtained":["Red Mask"]},{"cards_removed":["Consecrate"],"damage_healed":0.0,"max_hp_gain":0.0,"max_hp_loss":0.0,"gold_gain":0.0,"event_name":"Falling","player_choice":"Removed Attack","floor":48.0,"gold_loss":0.0,"damage_taken":0.0}],"is_beta":true,"boss_relics":[{"not_picked":["Fusion Hammer","Astrolabe"],"picked":"Philosopher\u0027s Stone"},{"not_picked":["SacredBark","Runic Dome"],"picked":"Black Star"}],"items_purged_floors":[],"is_endless":false,"potions_floor_spawned":[8,12,13,14,18,27,30,35,36,38,41,46],"ascension_level":0}}