{"host":"ig7tc0uedzltt2sr","time":1610059982,"event":{"mods":["BaseMod","Better Twitch Integration","Block Reminder","Colored Map","Colored Powertips","Communication Mod","Current Relic Mod","GifTheSpireLib","HexUI Lib","Minty Spire (QoL Compilation)","Quick Restart","Random Character Button","Rare Cards Sparkle","Relic Sorter","Relic Stats","Slay the Relics Exporter","StSLib","SuperFastMode","Synergy Search","Twitch Decklist","Twitch Utils","everything is the same but u backflip on backflip","slay the spire mod where everything is the same but ironclad has a cowboy hat"],"gold_per_floor":[116,116,133,147,147,147,164,164,164,176,196,196,211,171,171,171,171],"floor_reached":16,"playtime":92,"items_purged":[],"score":94,"play_id":"be688939-ce87-4edd-af1d-301ceee12742","local_time":"20210107145302","is_ascension_mode":false,"campfire_choices":[{"floor":6,"key":"REST"},{"floor":15,"key":"REST"}],"circlet_count":0,"master_deck":["Strike_R","Strike_R","Strike_R","Strike_R","Strike_R","Defend_R","Defend_R","Defend_R","Defend_R","Bash","Dual Wield","Wild Strike","Rupture","True Grit","Carnage","Spot Weakness","Evolve"],"relics":["Burning Blood","NeowsBlessing","Champion Belt"],"acts_visited":["Exordium"],"potions_floor_usage":[],"damage_taken":[{"damage":0,"enemies":"2 Louse","floor":1,"turns":2},{"damage":0,"enemies":"Jaw Worm","floor":3,"turns":2},{"damage":0,"enemies":"Cultist","floor":4,"turns":1},{"damage":12,"enemies":"Looter","floor":7,"turns":4},{"damage":48,"enemies":"Exordium Thugs","floor":10,"turns":9},{"damage":25,"enemies":"Large Slime","floor":11,"turns":12},{"damage":14,"enemies":"Blue Slaver","floor":13,"turns":6},{"damage":48,"enemies":"Slime Boss","floor":16,"turns":6}],"seed_played":"-3870002871070037977","potions_obtained":[{"floor":3,"key":"ColorlessPotion"},{"floor":4,"key":"LiquidBronze"},{"floor":7,"key":"Explosive Potion"},{"floor":13,"key":"Ancient Potion"}],"is_trial":false,"path_per_floor":["M","?","M","M","T","R","M","?","T","M","M","$","M","$","R","B"],"character_chosen":"IRONCLAD","items_purchased":["Evolve"],"campfire_rested":2,"item_purchase_floors":[14],"current_hp_per_floor":[80,85,85,85,85,85,79,76,76,34,15,15,7,7,32,0,0],"gold":171,"neow_bonus":"THREE_ENEMY_KILL","is_daily":false,"chose_seed":false,"campfire_upgraded":0,"win_rate":0.0,"timestamp":1610059982,"path_taken":["M","?","M","M","?","R","M","?","T","M","?","?","M","$","R","BOSS"],"items_purchased_type":["Card"],"build_version":"2020-12-22","purchased_purges":0,"victory":false,"max_hp_per_floor":[80,85,85,85,85,85,85,85,85,85,85,85,85,85,85,85,85],"relic_stats":{"counters":[8,42],"Champion Belt":[0],"obtain_stats":[{"NeowsBlessing":0,"Champion Belt":9,"Burning Blood":0},{"NeowsBlessing":0,"Champion Belt":4,"Burning Blood":0},{"NeowsBlessing":0,"Champion Belt":9,"Burning Blood":0}],"Burning Blood":24},"card_choices":[{"not_picked":["Sword Boomerang","Clothesline"],"picked":"Dual Wield","floor":1},{"not_picked":["True Grit","Body Slam"],"picked":"Wild Strike","floor":3},{"not_picked":["Iron Wave","Hemokinesis"],"picked":"Rupture","floor":4},{"not_picked":["Immolate","Metallicize"],"picked":"True Grit","floor":7},{"not_picked":["Anger","Clash","Flame Barrier"],"picked":"SKIP","floor":10},{"not_picked":["Iron Wave","Perfected Strike"],"picked":"Carnage","floor":11},{"not_picked":["Clash","Combust"],"picked":"Spot Weakness","floor":13}],"player_experience":1459282,"relics_obtained":[{"floor":9,"key":"Champion Belt"}],"event_choices":[{"damage_healed":0,"gold_gain":0,"player_choice":"Donut","damage_taken":0,"max_hp_gain":5,"max_hp_loss":0,"event_name":"Big Fish","floor":2,"gold_loss":0},{"damage_healed":0,"gold_gain":0,"player_choice":"Fled","damage_taken":3,"max_hp_gain":0,"max_hp_loss":0,"event_name":"Scrap Ooze","floor":8,"gold_loss":0}],"is_beta":false,"boss_relics":[],"items_purged_floors":[],"is_endless":false,"potions_floor_spawned":[3,4,7,13],"killed_by":"Slime Boss","ascension_level":0}}