{"host":"981nlwu0905dw1bz","time":1610022927,"event":{"mods":["AchievementEnabler","BaseMod","DeckTracker","Minty Spire (QoL Compilation)","Rare Cards Sparkle","SuperFastMode"],"gold_per_floor":[110,125,125,50,62,62,83,1,1,19,19,19,31,31,31,135,135,145,145,70,0,20,20,32,32,32],"floor_reached":25,"playtime":815,"items_purged":["Strike_G"],"score":296,"play_id":"181038cc-4e3f-498b-898b-e448f9357121","local_time":"20210107213527","is_ascension_mode":true,"campfire_choices":[{"data":"Deadly Poison","floor":6.0,"key":"SMITH"},{"floor":11.0,"key":"REST"},{"floor":15.0,"key":"REST"},{"data":"Adrenaline","floor":23,"key":"SMITH"}],"circlet_count":0,"master_deck":["AscendersBane","Defend_G","Defend_G","Defend_G","Defend_G","Defend_G","Survivor","Neutralize","Deadly Poison+1","Quick Slash","Acrobatics","Footwork","Escape Plan","Bane","Deflect","Adrenaline+1","Tools of the Trade+1","A Thousand Cuts+1","Endless Agony+1","Cloak And Dagger","Catalyst"],"relics":["Ring of the Snake","Odd Mushroom","Letter Opener","Astrolabe","Nilry\u0027s Codex"],"acts_visited":["Exordium","TheCity"],"potions_floor_usage":[22,25],"damage_taken":[{"damage":3.0,"enemies":"Jaw Worm","floor":1.0,"turns":5.0},{"damage":0.0,"enemies":"Small Slimes","floor":2.0,"turns":3.0},{"damage":1.0,"enemies":"Cultist","floor":5.0,"turns":4.0},{"damage":23.0,"enemies":"The Mushroom Lair","floor":7.0,"turns":5.0},{"damage":19.0,"enemies":"Lots of Slimes","floor":10.0,"turns":6.0},{"damage":5.0,"enemies":"Exordium Wildlife","floor":13.0,"turns":4.0},{"damage":9.0,"enemies":"The Guardian","floor":16.0,"turns":12.0},{"damage":10.0,"enemies":"Spheric Guardian","floor":18.0,"turns":5.0},{"damage":10,"enemies":"3 Byrds","floor":22,"turns":3},{"damage":19,"enemies":"Snecko","floor":24,"turns":7},{"damage":27,"enemies":"Book of Stabbing","floor":25,"turns":5}],"seed_played":"915135067474669895","potions_obtained":[{"floor":1.0,"key":"SkillPotion"},{"floor":2.0,"key":"FearPotion"},{"floor":7.0,"key":"Poison Potion"},{"floor":10.0,"key":"EntropicBrew"},{"floor":18.0,"key":"GamblersBrew"},{"floor":22,"key":"LiquidBronze"}],"is_trial":false,"path_per_floor":["M","M","?","$","M","R","?","$","T","M","R","$","M","?","R","B",null,"M","?","?","?","M","R","M","E"],"character_chosen":"THE_SILENT","items_purchased":["Escape Plan"],"campfire_rested":2,"item_purchase_floors":[8],"current_hp_per_floor":[60,60,65,65,64,64,41,41,41,22,44,44,39,39,61,52,69,59,43,43,43,42,42,23,0,0],"gold":32,"neow_bonus":"THREE_CARDS","is_daily":false,"chose_seed":false,"campfire_upgraded":2,"win_rate":0.0,"timestamp":1610022927,"path_taken":["M","M","?","$","M","R","?","?","T","?","R","$","?","?","R","BOSS","M","?","?","?","M","R","M","E"],"items_purchased_type":["Card"],"build_version":"2020-12-22","purchased_purges":1,"victory":false,"max_hp_per_floor":[70,70,75,75,75,75,75,75,75,75,75,75,75,75,75,75,75,75,75,75,75,75,75,75,75,75],"card_choices":[{"not_picked":["Sucker Punch","Dagger Throw"],"picked":"Deadly Poison","floor":0.0},{"not_picked":["Choke","Blade Dance"],"picked":"Quick Slash","floor":1.0},{"not_picked":["Deadly Poison","Poisoned Stab"],"picked":"Acrobatics","floor":2.0},{"not_picked":["Calculated Gamble","Flying Knee","Quick Slash"],"picked":"SKIP","floor":5.0},{"not_picked":["Deflect","Flechettes"],"picked":"Footwork","floor":7.0},{"not_picked":["Prepared","Deflect"],"picked":"Bane","floor":10.0},{"not_picked":["Footwork","Escape Plan"],"picked":"Deflect","floor":13.0},{"not_picked":["Bullet Time","A Thousand Cuts"],"picked":"Adrenaline","floor":16.0},{"not_picked":["Backflip","Dodge and Roll"],"picked":"Cloak And Dagger","floor":18.0},{"not_picked":["Quick Slash","Dodge and Roll"],"picked":"Catalyst","floor":22},{"not_picked":["Caltrops","Riddle With Holes","Catalyst"],"picked":"SKIP","floor":24}],"player_experience":533449,"relics_obtained":[{"floor":7.0,"key":"Odd Mushroom"},{"floor":9.0,"key":"Letter Opener"},{"floor":19,"key":"Nilry\u0027s Codex"}],"event_choices":[{"damage_healed":0.0,"max_hp_gain":5.0,"max_hp_loss":0.0,"gold_gain":0.0,"event_name":"Big Fish","player_choice":"Donut","floor":3.0,"gold_loss":0.0,"damage_taken":0.0},{"damage_healed":0.0,"max_hp_gain":0.0,"max_hp_loss":0.0,"gold_gain":0.0,"event_name":"Mushrooms","player_choice":"Fought Mushrooms","floor":7.0,"gold_loss":0.0,"damage_taken":0.0},{"damage_healed":0.0,"max_hp_gain":0.0,"max_hp_loss":0.0,"gold_gain":0.0,"event_name":"Golden Wing","player_choice":"Ignored","floor":14.0,"gold_loss":0.0,"damage_taken":0.0},{"damage_healed":0,"gold_gain":0,"player_choice":"Obtained Book","damage_taken":16,"max_hp_gain":0,"max_hp_loss":0,"event_name":"Cursed Tome","floor":19,"gold_loss":0},{"cards_removed":["Strike_G"],"damage_healed":0,"gold_gain":0,"player_choice":"Gave Gold","damage_taken":0,"max_hp_gain":0,"max_hp_loss":0,"event_name":"Beggar","floor":20,"gold_loss":75},{"damage_healed":0,"gold_gain":0,"player_choice":"Paid Fearfully","damage_taken":0,"max_hp_gain":0,"max_hp_loss":0,"event_name":"Masked Bandits","floor":21,"gold_loss":70}],"is_beta":false,"boss_relics":[{"not_picked":["Runic Pyramid","Velvet Choker"],"picked":"Astrolabe"}],"items_purged_floors":[4],"is_endless":false,"potions_floor_spawned":[1,2,7,10,18,22,24],"killed_by":"Book of Stabbing","ascension_level":11}}