{"host":"bbld1ic1uj90ldt9","time":1610028796,"event":{"mods":["2.2 Compatiblity","AchievementEnabler","Act Like it!","BaseMod","Better Third Choice","Conspire","Downfall","Emptier Cage","Gensokyo","Hallownest","Hermit","Highlight Path","Hubris","Marisa????????","Minty Spire (QoL Compilation)","Random Character Button","Replay The Spire","StSLib","The Animator","The Bug Knight","The Cursed","The Disciple","The Hierophant","The Jungle","The Runesmith","The Servant 0.9.4"],"gold_per_floor":[116,129,129,29,97,122,29,99,122,122,25,25,94,541,541,547,547,503,503,423,423,332,278,278,224,224,224,169,18,18,18,18,180,180,181,26,148,148,120,128,128,128,128,128,104,104],"floor_reached":45,"playtime":12626,"items_purged":["Injury"],"score":725,"play_id":"e23ca994-db7f-4f90-bebe-1e32f3798250","local_time":"20210107151316","is_ascension_mode":true,"campfire_choices":[{"data":"hierophant:AuricForm","floor":15,"key":"SMITH"},{"floor":24,"key":"REST"},{"floor":27,"key":"REST"},{"floor":30,"key":"RECALL"},{"data":"hierophant:Invocation","floor":32,"key":"SMITH"},{"data":"hierophant:WrathOfGod","floor":42,"key":"SMITH"},{"data":"hierophant:Determination","floor":44,"key":"SMITH"}],"circlet_count":0,"master_deck":["hierophant:Strike_Hierophant","hierophant:Strike_Hierophant","hierophant:Punish","hierophant:Defend_Hierophant","hierophant:Defend_Hierophant","hierophant:Defend_Hierophant","hierophant:Defend_Hierophant","hierophant:ChurchCoffers","hierophant:Encroach","hierophant:Doubloon","hierophant:Doubloon","hierophant:Remorse","hierophant:Martyrdom","hierophant:Shelter","hierophant:AuricForm+1","hierophant:Sermon","hierophant:Invocation+1","hierophant:AuricBeam","hierophant:FieryStrike","hierophant:SealAway","hierophant:Doubloon","hierophant:Cornucopia","hierophant:Community","hierophant:Repentance","hierophant:Determination+1","hierophant:Flagellation","hierophant:WrathOfGod+1","hierophant:Embezzle","hierophant:Flagellation+1","hierophant:Endure","hubris:Gluttony"],"relics":["Sozu","Gensokyo:Mercy","hierophant:DonationBoxRelic","hubris:SphereOfDissonance","hubris:TenFootPole","Gremlin Horn","hubris:Towel","Pet Ghost","Lantern","Replay:Bronze Core","PreservedInsect","Bottled Tornado","OrangePellets","Cursed Key","Regal Pillow","Omamori"],"acts_visited":["Gensokyo:Gensokyo","TheCity","TheBeyond"],"potions_floor_usage":[],"damage_taken":[{"damage":0,"enemies":"Gensokyo:2_Kodama","floor":1,"turns":4},{"damage":0,"enemies":"Gensokyo:3_Fairies","floor":2,"turns":2},{"damage":0,"enemies":"Gensokyo:Python","floor":5,"turns":3},{"damage":0,"enemies":"Gensokyo:Cirno","floor":6,"turns":2},{"damage":0,"enemies":"Gensokyo:5_Fairies","floor":8,"turns":3},{"damage":2,"enemies":"Gensokyo:Gryphon_and_Rabbit","floor":13,"turns":5},{"damage":6,"enemies":"Gensokyo:Mamizou","floor":14,"turns":6},{"damage":0,"enemies":"Gensokyo:Reimu","floor":16,"turns":3},{"damage":2,"enemies":"3 Byrds","floor":18,"turns":4},{"damage":5,"enemies":"conspire:FuzzyDice","floor":20,"turns":3},{"damage":11,"enemies":"Cultist and Chosen","floor":22,"turns":5},{"damage":5,"enemies":"Centurion and Healer","floor":23,"turns":3},{"damage":27,"enemies":"Gremlin Leader","floor":25,"turns":8},{"damage":1,"enemies":"Snake Plant","floor":28,"turns":3},{"damage":68,"enemies":"Pondfish","floor":33,"turns":18},{"damage":16,"enemies":"Orb Walker","floor":35,"turns":5},{"damage":10,"enemies":"3 Darklings","floor":37,"turns":2},{"damage":5,"enemies":"Jaw Worm Horde","floor":39,"turns":1},{"damage":0,"enemies":"4 Shapes","floor":40,"turns":3},{"damage":92,"enemies":"Giant Head","floor":45,"turns":7}],"seed_played":"-8724276731429737456","potions_obtained":[],"is_trial":false,"path_per_floor":["M","M","?","?","M","E","COS","M","T","?","$","?","M","E","R","B",null,"M","?","M","?","M","M","R","E","T","R","M","$","R","$","R","B",null,"M","$","M","?","M","M","?","R","T","R","E"],"character_chosen":"HIEROPHANT","items_purchased":["hierophant:Shelter","OrangePellets","Regal Pillow"],"campfire_rested":2,"item_purchase_floors":[11,29,36],"current_hp_per_floor":[75,75,75,75,75,75,75,75,75,75,75,75,73,67,67,67,75,73,73,68,68,57,52,74,47,47,69,71,71,71,71,71,11,75,59,59,49,49,44,75,75,75,75,75,0,0],"gold":104,"neow_bonus":"BOSS_RELIC","is_daily":false,"chose_seed":false,"campfire_upgraded":4,"win_rate":0.0,"timestamp":1610028796,"path_taken":["M","M","?","?","M","E","COS","?","T","?","$","?","?","E","R","BOSS","M","?","?","?","M","M","R","E","T","R","?","$","R","$","R","BOSS","M","$","M","?","M","M","?","R","T","R","E"],"items_purchased_type":["Card","Relic","Relic"],"build_version":"2020-12-22","purchased_purges":1,"victory":false,"max_hp_per_floor":[75,75,75,75,75,75,75,75,75,75,75,75,75,75,75,75,75,75,75,75,75,75,75,75,75,75,75,75,75,75,75,75,75,75,75,75,75,75,75,75,75,75,75,75,75,75],"card_choices":[{"not_picked":["hierophant:Mercenaries","hierophant:RustyCrate"],"picked":"hierophant:Zeal","floor":1},{"not_picked":["hierophant:Smite","hierophant:Doomsaying"],"picked":"hierophant:Encroach","floor":2},{"not_picked":["hierophant:Doomsaying","hierophant:EyeForCoin"],"picked":"hierophant:Doubloon","floor":5},{"not_picked":["hierophant:SealAway","hierophant:MorningPrayer"],"picked":"hierophant:Remorse","floor":6},{"not_picked":["hierophant:FieryStrike","hierophant:DisplayOfPower"],"picked":"hierophant:Martyrdom","floor":8},{"not_picked":["hierophant:Repentance","hierophant:ArchangelShield"],"picked":"hierophant:AuricForm","floor":13},{"not_picked":["hierophant:RustyCrate","hierophant:Embezzle"],"picked":"hierophant:Sermon","floor":14},{"not_picked":["hierophant:DivineIntervention","hierophant:WrathOfGod"],"picked":"hierophant:Invocation","floor":16},{"not_picked":["hierophant:ConvertCurrency","hierophant:Zeal"],"picked":"hierophant:AuricBeam","floor":18},{"not_picked":["hierophant:OrnateJavelin","hierophant:FlamingChariot"],"picked":"hierophant:Doubloon","floor":20},{"not_picked":["hierophant:Smite","hierophant:ThreeLashes"],"picked":"hierophant:Community","floor":22},{"not_picked":["hierophant:FieryStrike","hierophant:HammerAndAnvil"],"picked":"hierophant:Repentance","floor":23},{"not_picked":["hierophant:Shelter","hierophant:Remorse+1"],"picked":"hierophant:Determination","floor":25},{"not_picked":["hierophant:RepressedViolence+1","hierophant:Zeal"],"picked":"hierophant:Flagellation","floor":28},{"not_picked":["hierophant:Kindle","hierophant:DivineIntervention"],"picked":"hierophant:WrathOfGod","floor":33},{"not_picked":["hierophant:MirrorShield","hierophant:Dazzle"],"picked":"hierophant:Embezzle","floor":35},{"not_picked":["hierophant:EyeForCoin+1","hierophant:Doubloon+1"],"picked":"hierophant:Flagellation+1","floor":37},{"not_picked":["hierophant:Zeal","hierophant:Glossolalia+1"],"picked":"hierophant:Endure","floor":39},{"not_picked":["hierophant:DeathKnell","hierophant:FieryStrike+1","hierophant:PassingBell+1"],"picked":"SKIP","floor":40}],"player_experience":2208845,"relics_obtained":[{"floor":6,"key":"hubris:SphereOfDissonance"},{"floor":9,"key":"hubris:TenFootPole"},{"floor":14,"key":"Lantern"},{"floor":25,"key":"PreservedInsect"},{"floor":26,"key":"Bottled Tornado"},{"floor":43,"key":"Omamori"}],"event_choices":[{"damage_healed":0,"gold_gain":0,"player_choice":"2 cards matched","damage_taken":0,"max_hp_gain":0,"max_hp_loss":0,"event_name":"Match and Keep!","floor":19,"gold_loss":0,"cards_obtained":["hierophant:FieryStrike","hierophant:SealAway"]},{"damage_healed":0,"gold_gain":0,"cards_transformed":["hierophant:Strike_Hierophant"],"player_choice":"Transformed","damage_taken":0,"max_hp_gain":0,"max_hp_loss":0,"event_name":"Transmorgrifier","floor":21,"gold_loss":0,"cards_obtained":["hierophant:Cornucopia"]},{"cards_removed":["hierophant:Strike_Hierophant"],"damage_healed":0,"gold_gain":0,"player_choice":"Purged","damage_taken":0,"max_hp_gain":0,"max_hp_loss":0,"event_name":"Purifier","floor":41,"gold_loss":0}],"is_beta":false,"boss_relics":[{"not_picked":["Ring of Chaos","Philosopher\u0027s Stone"],"picked":"Replay:Bronze Core"},{"not_picked":["Velvet Choker","Coffee Dripper"],"picked":"Cursed Key"}],"items_purged_floors":[11],"is_endless":false,"potions_floor_spawned":[5,6,16,18,23,25,35],"killed_by":"Giant Head","ascension_level":1}}