{"host":"kjehzzhcyp0nyrrl","time":1610035976,"event":{"mods":["AchievementEnabler","BaseMod","Custom Start","Hermit","Keyboard Shortcuts","Koishi","Minty Spire (QoL Compilation)","StSLib","SuperFastMode","The Dragon Tamer","The Hierophant","everything is the same but u backflip on backflip"],"gold_per_floor":[111,111,125,50,61,93,93,93,93,106,124,135,35,54,54,158,158,171,191,191,191,42,42,72,84,84,84,95,95,0,0,0],"floor_reached":31,"playtime":588,"items_purged":["Strike_B","Strike_B","Dualcast"],"score":414,"play_id":"1829e42f-c265-4c78-811a-f888643130a5","local_time":"20210108011256","is_ascension_mode":true,"campfire_choices":[{"data":"Sunder","floor":7,"key":"SMITH"},{"floor":15,"key":"REST"},{"data":"Fusion","floor":23,"key":"SMITH"}],"circlet_count":0,"master_deck":["Defend_B","Defend_B","Defend_B","Zap","Beam Cell","Skim","Sunder+1","Gash","Gash","Streamline","Undo","Seek","Hologram","Fusion+1","Conserve Battery","Streamline","Necronomicurse","Coolheaded"],"relics":["Cracked Core","Regal Pillow","Question Card","Bronze Scales","Torii","Cursed Key","Necronomicon","Tiny Chest"],"acts_visited":["Exordium","TheCity"],"potions_floor_usage":[6,16,24,25,31],"damage_taken":[{"damage":5.0,"enemies":"Small Slimes","floor":1.0,"turns":3.0},{"damage":7,"enemies":"Jaw Worm","floor":3,"turns":3},{"damage":0,"enemies":"Cultist","floor":5,"turns":3},{"damage":16,"enemies":"Gremlin Nob","floor":6,"turns":3},{"damage":0,"enemies":"Exordium Wildlife","floor":10,"turns":2},{"damage":1,"enemies":"Looter","floor":11,"turns":2},{"damage":0,"enemies":"2 Fungi Beasts","floor":12,"turns":2},{"damage":9,"enemies":"Large Slime","floor":14,"turns":3},{"damage":0,"enemies":"Slime Boss","floor":16,"turns":5},{"damage":0,"enemies":"3 Byrds","floor":18,"turns":3},{"damage":7,"enemies":"Chosen","floor":19,"turns":3},{"damage":11,"enemies":"Gremlin Leader","floor":24,"turns":4},{"damage":17,"enemies":"Snake Plant","floor":25,"turns":2},{"damage":15,"enemies":"Cultist and Chosen","floor":28,"turns":5},{"damage":8,"enemies":"Shelled Parasite and Fungi","floor":31,"turns":1}],"seed_played":"-2910230811699787420","potions_obtained":[{"floor":1.0,"key":"Fire Potion"},{"floor":6,"key":"SneckoOil"},{"floor":14,"key":"ColorlessPotion"},{"floor":16,"key":"DistilledChaos"},{"floor":24,"key":"SteroidPotion"},{"floor":28,"key":"AttackPotion"}],"is_trial":false,"path_per_floor":["M","?","M","$","M","E","R","?","T","M","M","M","$","M","R","B",null,"M","M","?","?","$","R","E","M","T","$","M","?","?","M"],"character_chosen":"DEFECT","items_purchased":["Coolheaded"],"campfire_rested":1,"item_purchase_floors":[22],"current_hp_per_floor":[63,56,49,49,49,33,33,33,33,33,32,32,32,23,60,60,71,71,64,64,48,48,48,37,20,20,20,5,5,5,0,0],"gold":0,"neow_bonus":"RANDOM_COMMON_RELIC","is_daily":false,"chose_seed":false,"campfire_upgraded":2,"win_rate":0.0,"timestamp":1610035976,"path_taken":["M","?","M","$","M","E","R","?","T","M","?","M","$","M","R","BOSS","M","M","?","?","$","R","E","M","T","?","M","?","?","M"],"items_purchased_type":["Card"],"build_version":"2020-12-22","purchased_purges":3,"victory":false,"max_hp_per_floor":[75,75,75,75,75,75,75,75,75,75,75,75,75,75,75,75,75,75,75,75,75,75,75,75,75,75,75,75,72,72,72,72],"card_choices":[{"not_picked":["Steam Power","Steam"],"picked":"Beam Cell","floor":1.0},{"not_picked":["Stack","Conserve Battery","Undo"],"picked":"Skim","floor":3},{"not_picked":["Conserve Battery","Hologram","Glacier"],"picked":"Sunder","floor":5},{"not_picked":["Coolheaded","Hello World","Reprogram"],"picked":"Gash","floor":6},{"not_picked":["Leap","Barrage","Ball Lightning"],"picked":"Gash","floor":10},{"not_picked":["Lockon","Beam Cell","Turbo"],"picked":"Streamline","floor":11},{"not_picked":["Ball Lightning","Capacitor","Coolheaded","Blizzard"],"picked":"SKIP","floor":12},{"not_picked":["Sweeping Beam","Doom and Gloom","Auto Shields"],"picked":"Undo","floor":14},{"not_picked":["Core Surge","Amplify","Multi-Cast"],"picked":"Seek","floor":16},{"not_picked":["Barrage","Stack+1","Cold Snap"],"picked":"Hologram","floor":18},{"not_picked":["Lockon","Gash","Redo"],"picked":"Fusion","floor":19},{"not_picked":["Beam Cell","Static Discharge","Conserve Battery","Skim"],"picked":"SKIP","floor":24},{"not_picked":["Coolheaded","Rebound","Conserve Battery","Leap"],"picked":"SKIP","floor":25},{"not_picked":["Barrage","Compile Driver","Coolheaded","Reinforced Body"],"picked":"SKIP","floor":28}],"player_experience":387267,"relics_obtained":[{"floor":6,"key":"Bronze Scales"},{"floor":9,"key":"Torii"},{"floor":21,"key":"Necronomicon"},{"floor":24,"key":"Tiny Chest"}],"event_choices":[{"damage_healed":0,"gold_gain":0,"player_choice":"Success","damage_taken":7,"relics_obtained":["Question Card"],"max_hp_gain":0,"max_hp_loss":0,"event_name":"Scrap Ooze","floor":2,"gold_loss":0},{"cards_removed":["Strike_B"],"damage_healed":0,"gold_gain":0,"player_choice":"Offered Basic","damage_taken":0,"max_hp_gain":0,"max_hp_loss":0,"event_name":"Bonfire Elementals","floor":8,"gold_loss":0},{"damage_healed":0,"gold_gain":0,"cards_transformed":["Strike_B","Defend_B"],"player_choice":"Became Test Subject","damage_taken":0,"max_hp_gain":0,"max_hp_loss":0,"event_name":"Drug Dealer","floor":20,"gold_loss":0,"cards_obtained":["Conserve Battery","Streamline"]},{"damage_healed":0,"gold_gain":0,"player_choice":"Obtained Book","damage_taken":16,"max_hp_gain":0,"max_hp_loss":0,"event_name":"Cursed Tome","floor":21,"gold_loss":0},{"cards_removed":["Parasite"],"damage_healed":0,"gold_gain":0,"player_choice":"Elegance","damage_taken":0,"max_hp_gain":0,"max_hp_loss":0,"event_name":"Back to Basics","floor":29,"gold_loss":0},{"damage_healed":0,"gold_gain":0,"player_choice":"Paid Fearfully","damage_taken":0,"max_hp_gain":0,"max_hp_loss":0,"event_name":"Masked Bandits","floor":30,"gold_loss":95}],"is_beta":false,"boss_relics":[{"not_picked":["Snecko Eye","Calling Bell"],"picked":"Cursed Key"}],"items_purged_floors":[4,13,22],"is_endless":false,"potions_floor_spawned":[1,6,14,16,24,28],"killed_by":"Shelled Parasite and Fungi","ascension_level":7}}