{"host":"c3lc60y5x60jlt1y","time":1610035358,"event":{"mods":["AchievementEnabler","BaseMod","Bestiary","Colored Map","Minty Spire (QoL Compilation)","Quick Restart","StSLib","ojb\u0027s Info Mod"],"gold_per_floor":[114,137,212,212,225,225,256,256,256,273,90,104,163,192,192,296,296,312,312,330,6,23,50,50,61,61,61,90,109,135,135,135,236,236,253,253,266,36,53,85,85,120,120,120,120,0,50,76,76,76,76],"floor_reached":50,"playtime":8396,"items_purged":["Strike_B"],"score":674,"play_id":"319d7505-5a21-46bf-bb37-4bcfdd87a4c0","local_time":"20210107180238","is_ascension_mode":true,"campfire_choices":[{"data":"Zap","floor":6,"key":"SMITH"},{"data":"White Noise","floor":8,"key":"SMITH"},{"floor":15,"key":"REST"},{"floor":24,"key":"REST"},{"floor":32,"key":"REST"},{"floor":41,"key":"REST"},{"floor":44,"key":"REST"},{"floor":49,"key":"RECALL"}],"circlet_count":0,"master_deck":["Strike_B","Defend_B","Defend_B","Defend_B","Zap+1","Dualcast","All For One","Glacier","Force Field","White Noise+1","Coolheaded","Doom and Gloom","Capacitor","Steam","Loop","Self Repair","Electrodynamics","Beam Cell+1","Dramatic Entrance","Creative AI","Beam Cell+1","Storm","Steam Power","Capacitor+1","Ball Lightning","Glacier+1","Undo+1","Machine Learning+1","Defragment+1","Amplify","Blizzard","Beam Cell+1","Storm+1","Ball Lightning","Machine Learning+1","Ball Lightning","Madness","Madness","Ball Lightning+1","Creative AI+1"],"relics":["Cracked Core","Vajra","Boot","Shuriken","White Beast Statue","Torii","Nuclear Battery","Cables","Ornamental Fan","HornCleat","Frozen Egg 2","Bag of Preparation","Gambling Chip","Fusion Hammer","Membership Card","Incense Burner","The Courier","Red Mask","Girya","Smiling Mask"],"acts_visited":["Exordium","TheCity","TheBeyond"],"potions_floor_usage":[14,16,23,30,42,50,50,50,50,50],"damage_taken":[{"damage":1,"enemies":"Cultist","floor":1,"turns":3},{"damage":0,"enemies":"Small Slimes","floor":5,"turns":4},{"damage":8,"enemies":"3 Sentries","floor":7,"turns":5},{"damage":0,"enemies":"2 Louse","floor":10,"turns":2},{"damage":6,"enemies":"Red Slaver","floor":12,"turns":4},{"damage":15,"enemies":"Gremlin Nob","floor":13,"turns":5},{"damage":15,"enemies":"Gremlin Nob","floor":14,"turns":5},{"damage":5,"enemies":"Hexaghost","floor":16,"turns":9},{"damage":10,"enemies":"2 Thieves","floor":18,"turns":3},{"damage":10,"enemies":"Shell Parasite","floor":20,"turns":6},{"damage":1,"enemies":"Cultist and Chosen","floor":22,"turns":4},{"damage":28,"enemies":"Slavers","floor":23,"turns":3},{"damage":13,"enemies":"Snake Plant","floor":25,"turns":4},{"damage":7,"enemies":"Book of Stabbing","floor":28,"turns":3},{"damage":0,"enemies":"3 Cultists","floor":29,"turns":4},{"damage":69,"enemies":"Gremlin Leader","floor":30,"turns":7},{"damage":11,"enemies":"Automaton","floor":33,"turns":6},{"damage":0,"enemies":"3 Darklings","floor":35,"turns":3},{"damage":0,"enemies":"Orb Walker","floor":37,"turns":4},{"damage":0,"enemies":"Transient","floor":39,"turns":5},{"damage":19,"enemies":"Nemesis","floor":40,"turns":5},{"damage":42,"enemies":"Reptomancer","floor":42,"turns":4},{"damage":0,"enemies":"Mind Bloom Boss Battle","floor":47,"turns":7},{"damage":12,"enemies":"Giant Head","floor":48,"turns":6},{"damage":50,"enemies":"Awakened One","floor":50,"turns":5}],"seed_played":"8407408374845104163","potions_obtained":[{"floor":1,"key":"Fire Potion"},{"floor":5,"key":"AttackPotion"},{"floor":13,"key":"DistilledChaos"},{"floor":14,"key":"PowerPotion"},{"floor":16,"key":"PowerPotion"},{"floor":23,"key":"EssenceOfDarkness"},{"floor":28,"key":"FairyPotion"},{"floor":30,"key":"SmokeBomb"},{"floor":33,"key":"SpeedPotion"},{"floor":35,"key":"AttackPotion"},{"floor":39,"key":"LiquidBronze"},{"floor":42,"key":"Dexterity Potion"},{"floor":47,"key":"EntropicBrew"}],"is_trial":false,"path_per_floor":["M","T","?","?","M","R","E","R","T","M","$","M","?","E","R","B",null,"M","?","M","$","M","E","R","M","T","?","E","M","E","?","R","B",null,"M","?","M","$","M","E","R","E","T","R","?","?","?","E","R","B"],"character_chosen":"DEFECT","items_purchased":["Doom and Gloom","Capacitor","Cables","Storm","Storm+1","Membership Card"],"campfire_rested":5,"item_purchase_floors":[11,11,21,21,38,38],"current_hp_per_floor":[74,74,63,63,63,63,55,55,55,55,55,49,34,19,41,43,75,65,65,62,62,61,33,55,49,49,49,42,42,14,14,36,32,75,75,75,75,75,75,63,75,33,33,55,46,46,53,41,41,0,0],"gold":76,"neow_bonus":"ONE_RANDOM_RARE_CARD","is_daily":false,"chose_seed":false,"campfire_upgraded":2,"win_rate":0.0,"timestamp":1610035358,"path_taken":["M","?","?","?","?","R","E","R","T","M","$","M","?","E","R","BOSS","M","?","M","$","?","E","R","M","T","?","E","M","E","?","R","BOSS","M","?","M","$","M","E","R","E","T","R","?","?","?","E","R","BOSS"],"items_purchased_type":["Card","Card","Relic","Card","Card","Relic"],"build_version":"2020-12-22","purchased_purges":1,"victory":false,"max_hp_per_floor":[75,75,75,75,75,75,75,75,75,75,75,75,75,75,75,75,75,75,75,75,75,75,75,75,75,75,75,75,75,75,75,75,75,75,75,75,75,75,75,75,75,75,75,75,75,75,75,75,75,75,75],"card_choices":[{"not_picked":["Loop","Tempest"],"picked":"Glacier","floor":1},{"not_picked":["Stack","Leap"],"picked":"White Noise","floor":5},{"not_picked":["Beam Cell","Turbo"],"picked":"Coolheaded","floor":7},{"not_picked":["Sweeping Beam","Genetic Algorithm"],"picked":"Beam Cell","floor":10},{"not_picked":["Conserve Battery","Rebound"],"picked":"Steam","floor":12},{"not_picked":["Rainbow","Recycle"],"picked":"Loop","floor":13},{"not_picked":["Sunder","Rebound"],"picked":"Self Repair","floor":14},{"not_picked":["Creative AI","Fission"],"picked":"Electrodynamics","floor":16},{"not_picked":["Streamline+1","Genetic Algorithm"],"picked":"Beam Cell+1","floor":18},{"not_picked":["Barrage+1","Go for the Eyes"],"picked":"Beam Cell+1","floor":20},{"not_picked":["Rebound","Rip and Tear"],"picked":"Steam Power","floor":22},{"not_picked":["Streamline","Aggregate+1"],"picked":"Capacitor+1","floor":23},{"not_picked":["Sweeping Beam","Rebound"],"picked":"Ball Lightning","floor":25},{"not_picked":["Darkness","Turbo"],"picked":"Glacier+1","floor":28},{"not_picked":["Streamline","Rebound","Steam"],"picked":"SKIP","floor":29},{"not_picked":["Redo+1","Coolheaded"],"picked":"Undo+1","floor":30},{"not_picked":["Core Surge","Rainbow"],"picked":"Amplify","floor":33},{"not_picked":["Cold Snap+1","Gash"],"picked":"Blizzard","floor":35},{"not_picked":["Chaos+1","Leap"],"picked":"Beam Cell+1","floor":37},{"not_picked":["Turbo+1","Stack+1"],"picked":"Ball Lightning","floor":39},{"not_picked":["Force Field","Doom and Gloom+1"],"picked":"Machine Learning+1","floor":40},{"not_picked":["Doom and Gloom","Compile Driver"],"picked":"Ball Lightning","floor":42},{"not_picked":["Recycle","Redo+1"],"picked":"Ball Lightning+1","floor":47},{"not_picked":["Cold Snap","Skim+1"],"picked":"Creative AI+1","floor":48}],"player_experience":7618237,"relics_obtained":[{"floor":2,"key":"Vajra"},{"floor":7,"key":"Boot"},{"floor":9,"key":"Shuriken"},{"floor":13,"key":"White Beast Statue"},{"floor":14,"key":"Torii"},{"floor":23,"key":"Ornamental Fan"},{"floor":26,"key":"HornCleat"},{"floor":28,"key":"Bag of Preparation"},{"floor":30,"key":"Gambling Chip"},{"floor":40,"key":"Incense Burner"},{"floor":42,"key":"The Courier"},{"floor":47,"key":"Girya"},{"floor":48,"key":"Smiling Mask"}],"event_choices":[{"damage_healed":0,"gold_gain":75,"player_choice":"Gather Gold","damage_taken":11,"max_hp_gain":0,"max_hp_loss":0,"event_name":"World of Goop","floor":3,"gold_loss":0},{"damage_healed":0,"gold_gain":0,"cards_transformed":["Strike_B"],"player_choice":"Transformed","damage_taken":0,"max_hp_gain":0,"max_hp_loss":0,"event_name":"Transmorgrifier","floor":4,"gold_loss":0,"cards_obtained":["Force Field"]},{"damage_healed":0,"gold_gain":30,"player_choice":"Searched \u00273\u0027 times","damage_taken":0,"max_hp_gain":0,"max_hp_loss":0,"event_name":"Dead Adventurer","floor":13,"gold_loss":0},{"damage_healed":0,"gold_gain":0,"player_choice":"2 cards matched","damage_taken":0,"max_hp_gain":0,"max_hp_loss":0,"event_name":"Match and Keep!","floor":19,"gold_loss":0,"cards_obtained":["Dramatic Entrance","Creative AI"]},{"damage_healed":0,"gold_gain":0,"player_choice":"Opened","damage_taken":0,"relics_obtained":["Frozen Egg 2"],"max_hp_gain":0,"max_hp_loss":0,"event_name":"The Mausoleum","floor":27,"gold_loss":0},{"damage_healed":0,"gold_gain":0,"cards_transformed":["Strike_B","Defend_B"],"player_choice":"Became Test Subject","damage_taken":0,"max_hp_gain":0,"max_hp_loss":0,"event_name":"Drug Dealer","floor":31,"gold_loss":0,"cards_obtained":["Machine Learning","Defragment"]},{"cards_removed":["Beam Cell"],"damage_healed":0,"gold_gain":0,"player_choice":"Removed Attack","damage_taken":0,"max_hp_gain":0,"max_hp_loss":0,"event_name":"Falling","floor":36,"gold_loss":0},{"damage_healed":0,"gold_gain":0,"player_choice":"Embrace Madness","damage_taken":9,"max_hp_gain":0,"max_hp_loss":0,"event_name":"Winding Halls","floor":45,"gold_loss":0,"cards_obtained":["Madness","Madness"]},{"damage_healed":0,"gold_gain":0,"player_choice":"Paid","damage_taken":0,"relics_obtained":["Red Mask"],"max_hp_gain":0,"max_hp_loss":0,"event_name":"Tomb of Lord Red Mask","floor":46,"gold_loss":120},{"damage_healed":0,"gold_gain":0,"player_choice":"Fight","damage_taken":0,"max_hp_gain":0,"max_hp_loss":0,"event_name":"MindBloom","floor":47,"gold_loss":0}],"is_beta":false,"boss_relics":[{"not_picked":["Runic Dome","Coffee Dripper"],"picked":"Nuclear Battery"},{"not_picked":["Astrolabe","SlaversCollar"],"picked":"Fusion Hammer"}],"items_purged_floors":[11],"is_endless":false,"potions_floor_spawned":[1,5,13,14,16,18,20,22,23,25,28,29,30,33,35,37,39,40,42,47,48],"killed_by":"Awakened One","ascension_level":1}}