{"host":"raxmxgtw2nbiczxd","time":1610021548,"event":{"mods":["AchievementEnabler","Aspiration","BaseMod","Beaked The Cultist","BetterRewards","Challenge The Spire","Conspire","Friendly Minions","Halation","Hubris","Infinite Spire","Jedi Mod","Mimic Mod","Minty Spire (QoL Compilation)","Quick Restart","Relic Stats","Replay The Spire","Shop Mod","Spikes Relics","StSLib","SuperFastMode","The Animator","The Blackbeard","The Necromancer","The Servant 0.9.4","Yuri Mod","vexMod","????"],"gold_per_floor":[735,597,711,825,938,938,517,517,628,747,861,861,861,377,495,607,717,986],"floor_reached":19,"playtime":1167,"items_purged":["yuri:yuriDefend","yuri:yuriDefend","yuri:yuriDefend"],"score":2765,"play_id":"db14b8c4-d3d8-444b-98ff-f8a456a735cf","local_time":"20210107191228","daily_mods":["challengethespire:Bronze Difficulty","challengethespire:Boss Rush","Uncertain Future"],"is_ascension_mode":true,"campfire_choices":[{"data":"yuri:yuriStab","floor":13,"key":"SMITH"}],"circlet_count":0,"master_deck":["yuri:yuriDefend","yuri:yuriDefend+1","yuri:Oolong+1","yuri:yuriStab+1","yuri:BookRed+1","yuri:BookGreen+1","yuri:DuplicateCode+1","yuri:Stalk+1","yuri:BookGreen+1","yuri:BookGreen+1","yuri:SturdyUniform+1","yuri:SeeingDouble+1","yuri:BookBlue+1","yuri:Stalk+1","yuri:GrowingInsanity+1","yuri:SturdyUniform+1","yuri:BookRed+1","yuri:SturdyUniform+1","yuri:BookRed+1","yuri:SturdyUniform+1","conspire:Banana+1","ReplayUltimateDefense+1","yuri:GlitchRemove+1","yuri:BookRed+1","yuri:BookRed+1","yuri:BookBlue+1"],"relics":["yuri:yuriKnife","The Courier","Molten Egg 2","Toxic Egg 2","Frozen Egg 2","yuri:BloodyKnife","yuri:BookOfBooks","yuri:GlassOfWater","yuri:GlassOfWine","yuri:GlitchPowder","yuri:PortableGlitches","Quantum Egg","Ice Cream","Mummified Hand","ReplayTheSpireMod:Ninjato","jedi:HeartOfTheCards","Replay:Wax Seal","Sozu","War Paint","Replay:Rubber Ducky","infinitespire:PuzzleCube","infinitespire:CursedDice","jedi:crownofsimplicity","SacredBark","Blue Doll","halation:IllGainedPizza","Centennial Puzzle"],"acts_visited":["Exordium"],"potions_floor_usage":[],"damage_taken":[{"damage":0,"enemies":"Hexaghost","floor":3,"turns":7},{"damage":10,"enemies":"The Guardian","floor":4,"turns":7},{"damage":2,"enemies":"Slime Boss","floor":5,"turns":7},{"damage":0,"enemies":"Automaton","floor":9,"turns":6},{"damage":0,"enemies":"Collector","floor":10,"turns":6},{"damage":0,"enemies":"Champ","floor":11,"turns":7},{"damage":0,"enemies":"Donu and Deca","floor":15,"turns":6},{"damage":10,"enemies":"Time Eater","floor":16,"turns":8},{"damage":0,"enemies":"Awakened One","floor":17,"turns":9},{"damage":0,"enemies":"The Heart","floor":18,"turns":14}],"seed_played":"3663107224307409283","potions_obtained":[],"is_trial":true,"path_per_floor":["$","$","M","M","M","T","R","$","M","M","M","T","R","$","M","M","M","M",null],"character_chosen":"YURI","items_purchased":["yuri:BookGreen+1","yuri:DuplicateCode+1","yuri:Stalk+1","yuri:BookGreen+1","War Paint","yuri:BookBlue+1","yuri:Stalk+1","yuri:GrowingInsanity+1","yuri:SturdyUniform+1","Replay:Rubber Ducky","yuri:SturdyUniform+1","Blue Doll","conspire:Banana+1","ReplayUltimateDefense+1"],"campfire_rested":0,"item_purchase_floors":[1,1,1,2,7,7,7,7,7,7,14,14,14,14],"current_hp_per_floor":[80,80,80,80,80,80,80,80,80,80,80,80,80,80,86,88,90,92],"gold":986,"neow_bonus":"","is_daily":false,"chose_seed":false,"campfire_upgraded":1,"win_rate":0.0,"timestamp":1610021548,"path_taken":["$","$","M","M","M","T","R","$","M","M","M","T","R","$","M","M","M","M"],"items_purchased_type":["Card","Card","Card","Card","Relic","Card","Card","Card","Card","Relic","Card","Relic","Card","Card"],"build_version":"2020-12-22","purchased_purges":3,"victory":true,"max_hp_per_floor":[80,80,80,80,80,80,80,80,80,80,80,80,80,80,86,88,90,92],"relic_stats":{"Sozu":1,"Centennial Puzzle":[0],"counters":[10,77],"Mummified Hand":[100],"War Paint":["yuri:Oolong","yuri:yuriDefend"],"obtain_stats":[{"Ice Cream":2,"SacredBark":12,"Blue Doll":14,"Replay:Rubber Ducky":7,"Sozu":6,"Centennial Puzzle":18,"yuri:GlitchPowder":0,"Mummified Hand":2,"yuri:GlassOfWater":0,"Toxic Egg 2":0,"Replay:Wax Seal":5,"yuri:BookOfBooks":0,"ReplayTheSpireMod:Ninjato":3,"infinitespire:CursedDice":10,"Quantum Egg":2,"yuri:yuriKnife":0,"yuri:BloodyKnife":0,"halation:IllGainedPizza":17,"The Courier":0,"jedi:crownofsimplicity":11,"Frozen Egg 2":0,"War Paint":7,"jedi:HeartOfTheCards":4,"yuri:GlassOfWine":0,"Molten Egg 2":0,"yuri:PortableGlitches":0,"infinitespire:PuzzleCube":9},{"Ice Cream":0,"SacredBark":6,"Blue Doll":6,"Replay:Rubber Ducky":3,"Sozu":3,"Centennial Puzzle":10,"yuri:GlitchPowder":0,"Mummified Hand":0,"yuri:GlassOfWater":0,"Toxic Egg 2":0,"Replay:Wax Seal":3,"yuri:BookOfBooks":0,"ReplayTheSpireMod:Ninjato":1,"infinitespire:CursedDice":5,"Quantum Egg":0,"yuri:yuriKnife":0,"yuri:BloodyKnife":0,"halation:IllGainedPizza":9,"The Courier":0,"jedi:crownofsimplicity":6,"Frozen Egg 2":0,"War Paint":3,"jedi:HeartOfTheCards":2,"yuri:GlassOfWine":0,"Molten Egg 2":0,"yuri:PortableGlitches":0,"infinitespire:PuzzleCube":4},{"Ice Cream":0,"SacredBark":40,"Blue Doll":40,"Replay:Rubber Ducky":21,"Sozu":21,"Centennial Puzzle":77,"yuri:GlitchPowder":0,"Mummified Hand":0,"yuri:GlassOfWater":0,"Toxic Egg 2":0,"Replay:Wax Seal":21,"yuri:BookOfBooks":0,"ReplayTheSpireMod:Ninjato":7,"infinitespire:CursedDice":33,"Quantum Egg":0,"yuri:yuriKnife":0,"yuri:BloodyKnife":0,"halation:IllGainedPizza":63,"The Courier":0,"jedi:crownofsimplicity":40,"Frozen Egg 2":0,"War Paint":21,"jedi:HeartOfTheCards":14,"yuri:GlassOfWine":0,"Molten Egg 2":0,"yuri:PortableGlitches":0,"infinitespire:PuzzleCube":27}]},"card_choices":[{"not_picked":["yuri:BookGreen+1","yuri:BookBlue+1","yuri:BookPurple+1"],"picked":"yuri:BookRed+1","floor":0}],"player_experience":126713,"relics_obtained":[{"floor":3,"key":"ReplayTheSpireMod:Ninjato"},{"floor":4,"key":"jedi:HeartOfTheCards"},{"floor":5,"key":"Replay:Wax Seal"},{"floor":9,"key":"infinitespire:PuzzleCube"},{"floor":10,"key":"infinitespire:CursedDice"},{"floor":11,"key":"jedi:crownofsimplicity"},{"floor":17,"key":"halation:IllGainedPizza"},{"floor":18,"key":"Centennial Puzzle"}],"event_choices":[],"is_beta":false,"boss_relics":[{"not_picked":["Painkiller Herb","halation:MonkeysPaw"],"picked":"Sozu"},{"not_picked":["hubris:VirtuousBlindfold","hubris:Stopwatch"],"picked":"SacredBark"}],"items_purged_floors":[1,2,14],"is_endless":false,"potions_floor_spawned":[10,11,15,17],"ascension_level":0}}