{"host":"urcd10ipogtopotm","time":1610050007,"event":{"mods":["2.2 Compatiblity","AchievementEnabler","Act Like it!","Bard","BaseMod","Beaked The Cultist","Better Third Choice","Block Reminder","Colored Map","Colored Powertips","Downfall","Hallownest","Hermit","Highlight Path","Infinite Spire","Minty Spire (QoL Compilation)","Permanent Neow","Quick Restart","Random Character Button","Relic Stats","Replay The Spire","Shade Mod","Shop Mod","StSLib","The Blackbeard","The Bug Knight","The Construct","The Cursed","The Disciple","The Forsaken","The Hierophant","The Necromancer","The Runesmith","The Senshi","The Servant 0.9.4"],"gold_per_floor":[111,154,154,154,198,211,229,229,275,275,275,275,311,349,349,490,490,541,543,543],"floor_reached":19,"playtime":2111,"items_purged":[],"score":202,"play_id":"1b790889-bdd7-4d7e-9395-7740edb6e672","local_time":"20210107150647","is_ascension_mode":false,"campfire_choices":[{"data":"hierophant:MirrorShield","floor":8.0,"key":"SMITH"},{"data":"hierophant:RustyCrate","floor":10.0,"key":"SMITH"},{"data":"hierophant:Doubloon","floor":12.0,"key":"SMITH"},{"data":"hierophant:Punish","floor":15.0,"key":"SMITH"}],"circlet_count":0,"master_deck":["hierophant:Strike_Hierophant","hierophant:Strike_Hierophant","hierophant:Strike_Hierophant","hierophant:Strike_Hierophant","hierophant:Punish+1","hierophant:Defend_Hierophant","hierophant:Defend_Hierophant","hierophant:Defend_Hierophant","hierophant:Defend_Hierophant","hierophant:ChurchCoffers+1","hierophant:RustyCrate+1","hierophant:Doubloon","hierophant:Doubloon+1","hierophant:Bribe","hierophant:MirrorShield+1","hierophant:HolyVerse","hierophant:Determination","CurseOfTheBell","hierophant:TollTheBells"],"relics":["Runesmith:BrokenRuby","Golden Idol","infinitespire:Cubic Diamond","infinitespire:WardingShard","Replay:Bandana","Anchor","Replay:Grab Bag","Busted Crown","ChewingGum","Calling Bell","theForsaken:Lifeblossom","Replay:Bottled Steam","Prayer Wheel"],"acts_visited":["Exordium","TheCity"],"potions_floor_usage":[],"damage_taken":[{"damage":0.0,"enemies":"Small Slimes","floor":1.0,"turns":3.0},{"damage":1.0,"enemies":"Jaw Worm","floor":2.0,"turns":5.0},{"damage":0.0,"enemies":"Cultist","floor":5.0,"turns":4.0},{"damage":2.0,"enemies":"3 Sentries","floor":6.0,"turns":10.0},{"damage":4.0,"enemies":"Exordium Thugs","floor":7.0,"turns":4.0},{"damage":4.0,"enemies":"Gremlin Nob","floor":13.0,"turns":4.0},{"damage":0.0,"enemies":"Blue Slaver","floor":14.0,"turns":3.0},{"damage":6.0,"enemies":"The Guardian","floor":16.0,"turns":11.0},{"damage":74,"enemies":"Chosen","floor":18,"turns":13},{"damage":31,"enemies":"Shell Parasite","floor":19,"turns":15}],"seed_played":"9171424420169825814","potions_obtained":[{"floor":2.0,"key":"Dexterity Potion"},{"floor":5.0,"key":"Toxic Potion"},{"floor":6.0,"key":"EntropicBrew"},{"floor":11.0,"key":"Doom Potion"},{"floor":13.0,"key":"Weak Potion"}],"is_trial":false,"path_per_floor":["M","M","?","?","M","E","M","R","T","R","?","R","E","M","R","B",null,"M","M"],"character_chosen":"HIEROPHANT","items_purchased":[],"campfire_rested":0,"item_purchase_floors":[],"current_hp_per_floor":[75,74,56,56,56,54,50,50,50,50,50,50,46,46,46,40,75,1,0,0],"gold":543,"neow_bonus":"UPGRADE_CARD","is_daily":false,"chose_seed":false,"campfire_upgraded":4,"win_rate":0.0,"timestamp":1610050007,"path_taken":["M","M","?","?","M","E","M","R","T","R","?","R","E","M","R","BOSS","M","M"],"items_purchased_type":[],"build_version":"2020-12-22","purchased_purges":0,"victory":false,"max_hp_per_floor":[75,75,75,75,75,75,75,75,75,75,75,75,75,75,75,75,75,75,75,75],"relic_stats":{"Busted Crown":8,"counters":[10,71],"Golden Idol":55,"Prayer Wheel":1,"obtain_stats":[{"Runesmith:BrokenRuby":4,"Golden Idol":3,"hierophant:PropheticMaskRelic":0,"Replay:Grab Bag":17,"theForsaken:Lifeblossom":17,"infinitespire:Cubic Diamond":4,"Calling Bell":17,"Replay:Bandana":9,"Anchor":13,"Busted Crown":17,"infinitespire:WardingShard":6,"ChewingGum":17,"Prayer Wheel":17,"Replay:Bottled Steam":17},{"Runesmith:BrokenRuby":2,"Golden Idol":2,"hierophant:PropheticMaskRelic":0,"Replay:Grab Bag":8,"theForsaken:Lifeblossom":8,"infinitespire:Cubic Diamond":2,"Calling Bell":8,"Replay:Bandana":5,"Anchor":6,"Busted Crown":8,"infinitespire:WardingShard":4,"ChewingGum":8,"Prayer Wheel":8,"Replay:Bottled Steam":8},{"Runesmith:BrokenRuby":8,"Golden Idol":8,"hierophant:PropheticMaskRelic":0,"Replay:Grab Bag":43,"theForsaken:Lifeblossom":43,"infinitespire:Cubic Diamond":8,"Calling Bell":43,"Replay:Bandana":26,"Anchor":30,"Busted Crown":43,"infinitespire:WardingShard":22,"ChewingGum":43,"Prayer Wheel":43,"Replay:Bottled Steam":43}]},"card_choices":[{"not_picked":["hierophant:AuricShield","hierophant:ThreeLashes"],"picked":"hierophant:RustyCrate","floor":1.0},{"not_picked":["hierophant:Remorse","hierophant:Encroach"],"picked":"hierophant:Bribe","floor":2.0},{"not_picked":["hierophant:Doubloon","hierophant:Kindle","hierophant:FaithHealing"],"picked":"SKIP","floor":5.0},{"not_picked":["hierophant:Upheaval","hierophant:AuricForm"],"picked":"hierophant:MirrorShield","floor":6.0},{"not_picked":["hierophant:FieryStrike","hierophant:OrnateBuckler"],"picked":"hierophant:HolyVerse","floor":7.0},{"not_picked":["hierophant:RustyCrate","hierophant:AuricBeam","hierophant:MorningPrayer"],"picked":"SKIP","floor":13.0},{"not_picked":["hierophant:TollTheBells","hierophant:Doubloon","hierophant:RepressedViolence"],"picked":"SKIP","floor":14.0},{"not_picked":["hierophant:LocustPlague","hierophant:MintersHammer"],"picked":"hierophant:Determination","floor":16.0},{"not_picked":[],"picked":"hierophant:TollTheBells","floor":18},{"not_picked":["hierophant:Purify"],"picked":"SKIP","floor":18}],"player_experience":121143,"relics_obtained":[{"floor":6.0,"key":"infinitespire:WardingShard"},{"floor":9.0,"key":"Replay:Bandana"},{"floor":13.0,"key":"Anchor"},{"floor":17,"key":"theForsaken:Lifeblossom"},{"floor":17,"key":"Replay:Bottled Steam"},{"floor":17,"key":"Prayer Wheel"}],"event_choices":[{"damage_healed":0.0,"max_hp_gain":0.0,"max_hp_loss":0.0,"gold_gain":0.0,"event_name":"Golden Idol","player_choice":"Take Damage","floor":3.0,"gold_loss":0.0,"damage_taken":18.0,"relics_obtained":["Golden Idol"]},{"damage_healed":0.0,"max_hp_gain":0.0,"max_hp_loss":0.0,"gold_gain":0.0,"event_name":"Lab","player_choice":"Got Potions","floor":11.0,"gold_loss":0.0,"damage_taken":0.0}],"is_beta":false,"boss_relics":[{"not_picked":["beaked:SacredDeck","Black Star"],"picked":"Replay:Grab Bag"},{"not_picked":["Abe\u0027s Treasure","Coffee Dripper"],"picked":"Busted Crown"},{"not_picked":["Runesmith:UraniumAnvil","Fusion Hammer"],"picked":"ChewingGum"},{"not_picked":["Replay:Drink Me","Kintsugi"],"picked":"Calling Bell"}],"items_purged_floors":[],"is_endless":false,"potions_floor_spawned":[2,5,6,13],"killed_by":"Shell Parasite","ascension_level":0}}