{"host":"bf1tnxyvjw6wp3cl","time":1610037719,"event":{"mods":["AchievementEnabler","BaseMod","Better Third Choice","Block Reminder","Colored Powertips","Curses Come First","Minty Spire (QoL Compilation)","Quick Restart","Relic Stats","StSLib","SuperFastMode"],"gold_per_floor":[360,360,36,46,59,59,69,69,93,124,141,157,157,171,171,266,266,278,293,62,0,0,0],"floor_reached":22,"playtime":606,"items_purged":[],"score":216,"play_id":"eea9d9ab-1104-424b-8828-1580fb6694ab","local_time":"20210107114159","is_ascension_mode":true,"campfire_choices":[{"floor":6,"key":"REST"},{"data":"Capacitor","floor":8,"key":"SMITH"},{"floor":13,"key":"REST"},{"data":"Capacitor","floor":15,"key":"SMITH"}],"circlet_count":0,"master_deck":["Strike_B","Strike_B","Strike_B","Strike_B","Defend_B","Defend_B","Defend_B","Defend_B","Zap","Dualcast","Leap","Burn","Capacitor+1","Cold Snap","Capacitor","Ball Lightning","Reboot","Steam","Static Discharge","Capacitor+1","Amplify","Skim","Beam Cell","Chill","Meteor Strike"],"relics":["Cracked Core","Cables","Happy Flower","Oddly Smooth Stone","Philosopher\u0027s Stone"],"acts_visited":["Exordium","TheCity"],"potions_floor_usage":[7,16,19],"damage_taken":[{"damage":10,"enemies":"Small Slimes","floor":1,"turns":3},{"damage":4,"enemies":"Jaw Worm","floor":4,"turns":3},{"damage":6,"enemies":"Cultist","floor":5,"turns":3},{"damage":6,"enemies":"Gremlin Gang","floor":7,"turns":4},{"damage":20,"enemies":"3 Sentries","floor":10,"turns":7},{"damage":10,"enemies":"Red Slaver","floor":11,"turns":3},{"damage":1,"enemies":"Looter","floor":12,"turns":3},{"damage":0,"enemies":"Exordium Thugs","floor":14,"turns":4},{"damage":16,"enemies":"Hexaghost","floor":16,"turns":9},{"damage":14,"enemies":"Spheric Guardian","floor":18,"turns":4},{"damage":18,"enemies":"3 Byrds","floor":19,"turns":4},{"damage":46,"enemies":"Centurion and Healer","floor":22,"turns":8}],"seed_played":"2904793405837658347","potions_obtained":[{"floor":1,"key":"PowerPotion"},{"floor":10,"key":"AttackPotion"},{"floor":14,"key":"SneckoOil"}],"is_trial":false,"path_per_floor":["M","?","$","M","M","R","M","R","T","E","M","M","R","M","R","B",null,"M","M","$","?","M"],"character_chosen":"DEFECT","items_purchased":["Cables","Capacitor","Chill","Meteor Strike"],"campfire_rested":2,"item_purchase_floors":[3,3,20,20],"current_hp_per_floor":[44,44,44,40,34,56,50,50,50,30,20,19,41,41,41,25,75,61,43,43,43,0,0],"gold":0,"neow_bonus":"TWO_FIFTY_GOLD","is_daily":false,"chose_seed":false,"campfire_upgraded":2,"win_rate":0.0,"timestamp":1610037719,"path_taken":["M","?","?","M","M","R","M","R","T","E","M","?","R","M","R","BOSS","M","?","?","?","?"],"items_purchased_type":["Relic","Card","Card","Card"],"build_version":"2020-12-22","purchased_purges":0,"victory":false,"max_hp_per_floor":[75,75,75,75,75,75,75,75,75,75,75,75,75,75,75,75,75,75,75,75,75,75,75],"relic_stats":{"Happy Flower":[14],"counters":[12,55],"obtain_stats":[{"Happy Flower":9,"Oddly Smooth Stone":10,"Philosopher\u0027s Stone":17,"Cracked Core":0,"Cables":3},{"Happy Flower":4,"Oddly Smooth Stone":5,"Philosopher\u0027s Stone":9,"Cracked Core":0,"Cables":1},{"Happy Flower":13,"Oddly Smooth Stone":20,"Philosopher\u0027s Stone":39,"Cracked Core":0,"Cables":3}],"Cables":[46,36,10,0,0]},"card_choices":[{"not_picked":["Genetic Algorithm","Doom and Gloom"],"picked":"Leap","floor":1},{"not_picked":["Sweeping Beam","Steam Power"],"picked":"Cold Snap","floor":4},{"not_picked":["Hologram","Coolheaded"],"picked":"Capacitor","floor":5},{"not_picked":["Stack","Reprogram"],"picked":"Ball Lightning","floor":7},{"not_picked":["Ball Lightning","Hologram"],"picked":"Reboot","floor":10},{"not_picked":["Sweeping Beam","Rebound"],"picked":"Steam","floor":11},{"not_picked":["Stack","Reprogram"],"picked":"Static Discharge","floor":12},{"not_picked":["Cold Snap","Storm"],"picked":"Capacitor","floor":14},{"not_picked":["Fission","Seek"],"picked":"Amplify","floor":16},{"not_picked":["Compile Driver+1","Blizzard"],"picked":"Skim","floor":18},{"not_picked":["Go for the Eyes+1","Genetic Algorithm"],"picked":"Beam Cell","floor":19}],"player_experience":163945,"relics_obtained":[{"floor":9,"key":"Happy Flower"},{"floor":10,"key":"Oddly Smooth Stone"}],"event_choices":[{"damage_healed":44,"gold_gain":0,"player_choice":"Embrace Burn","damage_taken":0,"max_hp_gain":0,"max_hp_loss":75,"event_name":"betterThird:BetterShining","floor":2,"gold_loss":0},{"damage_healed":0,"gold_gain":0,"player_choice":"Paid Fearfully","damage_taken":0,"max_hp_gain":0,"max_hp_loss":0,"event_name":"Masked Bandits","floor":21,"gold_loss":62}],"is_beta":false,"boss_relics":[{"not_picked":["Runic Dome","Fusion Hammer"],"picked":"Philosopher\u0027s Stone"}],"items_purged_floors":[],"is_endless":false,"potions_floor_spawned":[1,10,14],"killed_by":"Centurion and Healer","ascension_level":3}}