{"host":"hgkb2zpbo2dcws21","time":1610030973,"event":{"mods":["AchievementEnabler","BaseMod","Colored Map","Colored Powertips","Custom Start","DeckTracker","KOR Keyword Fix","Minty Spire (QoL Compilation)","Relic Stats","StSLib","SuperFastMode"],"gold_per_floor":[115,115,132,132,132,157,173,173,196,196,216,248,348,110,110,183,183,195,195,245,263,80,112,112,112,112,132,169,169,269,288,288,372,372,400,208,222,72,90,124,124,158,184,20,75,75,100,111,111,111,111,111],"floor_reached":51,"playtime":1232,"items_purged":["Strike_R","Strike_R","Clash+1","Strike_R"],"score":1588,"play_id":"7e644024-08a8-46a4-b58e-7ed088cdcfd6","local_time":"20210107234933","is_ascension_mode":true,"campfire_choices":[{"data":"Dark Embrace","floor":8.0,"key":"SMITH"},{"data":"Second Wind","floor":10.0,"key":"SMITH"},{"data":"Fire Breathing","floor":15.0,"key":"SMITH"},{"floor":24.0,"key":"REST"},{"floor":29.0,"key":"REST"},{"floor":32.0,"key":"REST"},{"data":"Evolve","floor":41.0,"key":"SMITH"},{"floor":46.0,"key":"RECALL"},{"data":"Barricade","floor":49.0,"key":"SMITH"}],"circlet_count":0,"master_deck":["AscendersBane","Defend_R","Defend_R","Defend_R","Bash+1","Second Wind+1","Wild Strike+1","Dark Embrace+1","Rampage+1","Reckless Charge+1","Fire Breathing+1","Offering+1","Metallicize","Metallicize","Offering+1","Metallicize","Warcry+1","Sentinel","Fiend Fire+1","Battle Trance+1","Evolve+1","Madness","Madness","Barricade+1","Parasite"],"relics":["Burning Blood","Strawberry","Molten Egg 2","Happy Flower","Juzu Bracelet","Runic Pyramid","Red Skull","Ancient Tea Set","CeramicFish","Incense Burner","Bottled Tornado","SlaversCollar","Whetstone","Du-Vu Doll","Oddly Smooth Stone","Gambling Chip"],"acts_visited":["Exordium","TheCity","TheBeyond"],"potions_floor_usage":[],"damage_taken":[{"damage":7.0,"enemies":"Jaw Worm","floor":1.0,"turns":3.0},{"damage":7.0,"enemies":"Cultist","floor":3.0,"turns":4.0},{"damage":32.0,"enemies":"Gremlin Nob","floor":6.0,"turns":4.0},{"damage":4.0,"enemies":"Small Slimes","floor":7.0,"turns":4.0},{"damage":12.0,"enemies":"Exordium Wildlife","floor":11.0,"turns":3.0},{"damage":16.0,"enemies":"Lagavulin","floor":12.0,"turns":6.0},{"damage":12.0,"enemies":"The Guardian","floor":16.0,"turns":7.0},{"damage":17.0,"enemies":"Spheric Guardian","floor":18.0,"turns":3.0},{"damage":34.0,"enemies":"Shell Parasite","floor":21.0,"turns":3.0},{"damage":16.0,"enemies":"Book of Stabbing","floor":23.0,"turns":4.0},{"damage":27.0,"enemies":"Centurion and Healer","floor":27.0,"turns":2.0},{"damage":17.0,"enemies":"Slavers","floor":28.0,"turns":3.0},{"damage":12.0,"enemies":"Colosseum Slavers","floor":30.0,"turns":2.0},{"damage":24.0,"enemies":"Colosseum Nobs","floor":30.0,"turns":3.0},{"damage":18.0,"enemies":"Snecko","floor":31.0,"turns":5.0},{"damage":12.0,"enemies":"Automaton","floor":33.0,"turns":6.0},{"damage":2.0,"enemies":"3 Darklings","floor":35.0,"turns":3.0},{"damage":10.0,"enemies":"Orb Walker","floor":37.0,"turns":3.0},{"damage":12.0,"enemies":"Giant Head","floor":40.0,"turns":4.0},{"damage":12.0,"enemies":"Mind Bloom Boss Battle","floor":42.0,"turns":2.0},{"damage":7.0,"enemies":"2 Orb Walkers","floor":45.0,"turns":2.0},{"damage":14.0,"enemies":"Writhing Mass","floor":47.0,"turns":5.0},{"damage":12.0,"enemies":"3 Darklings","floor":48.0,"turns":2.0},{"damage":12,"enemies":"Donu and Deca","floor":50,"turns":4},{"damage":40,"enemies":"Awakened One","floor":51,"turns":3}],"seed_played":"1022618957656296197","potions_obtained":[{"floor":1.0,"key":"Fruit Juice"},{"floor":6.0,"key":"Weak Potion"},{"floor":16.0,"key":"AttackPotion"},{"floor":21.0,"key":"BlessingOfTheForge"},{"floor":27.0,"key":"Dexterity Potion"},{"floor":28.0,"key":"BloodPotion"},{"floor":33.0,"key":"Swift Potion"},{"floor":35.0,"key":"Fruit Juice"},{"floor":40.0,"key":"Swift Potion"},{"floor":47.0,"key":"Explosive Potion"}],"is_trial":false,"path_per_floor":["M","?","M","?","T","E","M","R","T","R","M","E","?","$","R","B",null,"M","?","?","M","$","E","R","?","T","M","E","R","?","M","R","B",null,"M","$","M","$","?","E","R","?","T","$","?","R","M","M","R","B","B"],"character_chosen":"IRONCLAD","items_purchased":["Reckless Charge+1","Fire Breathing","Metallicize","Evolve","Oddly Smooth Stone"],"campfire_rested":3,"item_purchase_floors":[14,14,22,36,44],"current_hp_per_floor":[49,49,48,48,55,29,31,31,31,31,30,20,20,20,20,14,69,58,58,58,30,30,20,46,46,46,25,31,57,33,21,47,41,76,85,85,81,81,64,58,58,52,52,52,51,51,43,37,37,31,0,0],"gold":111,"neow_bonus":"REMOVE_TWO","is_daily":false,"chose_seed":false,"campfire_upgraded":5,"win_rate":0.0,"timestamp":1610030973,"path_taken":["M","?","?","?","?","E","M","R","T","R","M","E","?","$","R","BOSS","M","?","?","M","$","E","R","?","T","M","E","R","?","M","R","BOSS","M","$","M","$","?","E","R","?","T","?","?","R","M","M","R","BOSS","BOSS"],"items_purchased_type":["Card","Card","Card","Card","Relic"],"build_version":"2020-12-22","purchased_purges":4,"victory":false,"max_hp_per_floor":[75,75,75,75,82,82,82,82,82,82,87,87,87,87,87,87,87,87,87,87,87,87,87,87,87,87,87,87,87,87,87,87,87,87,92,92,92,92,92,92,92,92,92,92,92,92,92,92,92,92,92,92],"relic_stats":{"Happy Flower":[25],"counters":[25,90],"CeramicFish":81,"Gambling Chip":[10],"Juzu Bracelet":3,"Whetstone":["Bash"],"obtain_stats":[{"Happy Flower":9,"CeramicFish":28,"Oddly Smooth Stone":44,"Juzu Bracelet":12,"Incense Burner":30,"Whetstone":40,"Bottled Tornado":30,"Ancient Tea Set":26,"Burning Blood":0,"Du-Vu Doll":42,"SlaversCollar":34,"Strawberry":5,"Gambling Chip":45,"Molten Egg 2":6,"Red Skull":23,"Runic Pyramid":17},{"Happy Flower":4,"CeramicFish":12,"Oddly Smooth Stone":20,"Juzu Bracelet":6,"Incense Burner":14,"Whetstone":19,"Bottled Tornado":14,"Ancient Tea Set":10,"Burning Blood":0,"Du-Vu Doll":20,"SlaversCollar":16,"Strawberry":2,"Gambling Chip":21,"Molten Egg 2":3,"Red Skull":10,"Runic Pyramid":7},{"Happy Flower":15,"CeramicFish":46,"Oddly Smooth Stone":74,"Juzu Bracelet":24,"Incense Burner":51,"Whetstone":72,"Bottled Tornado":51,"Ancient Tea Set":41,"Burning Blood":0,"Du-Vu Doll":74,"SlaversCollar":62,"Strawberry":7,"Gambling Chip":76,"Molten Egg 2":11,"Red Skull":41,"Runic Pyramid":31}],"Burning Blood":144},"card_choices":[{"not_picked":["Flame Barrier","Twin Strike"],"picked":"Second Wind","floor":1.0},{"not_picked":["Twin Strike","Thunderclap"],"picked":"Wild Strike","floor":3.0},{"not_picked":["Pummel+1","Infernal Blade"],"picked":"Dark Embrace","floor":6.0},{"not_picked":["Sentinel","Rupture"],"picked":"Clash+1","floor":7.0},{"not_picked":["Iron Wave+1","Intimidate","Dual Wield"],"picked":"SKIP","floor":11.0},{"not_picked":["Twin Strike+1","Sentinel"],"picked":"Rampage+1","floor":12.0},{"not_picked":["Exhume","Double Tap"],"picked":"Offering","floor":16.0},{"not_picked":["Cleave+1","Clash+1","Twin Strike+1"],"picked":"SKIP","floor":18.0},{"not_picked":["Pommel Strike+1","Clash+1"],"picked":"Metallicize","floor":21.0},{"not_picked":["Demon Form","Burning Pact","Shockwave"],"picked":"SKIP","floor":23.0},{"not_picked":["Uppercut+1","Heavy Blade+1"],"picked":"Metallicize","floor":27.0},{"not_picked":["Fiend Fire+1","Infernal Blade"],"picked":"Warcry+1","floor":28.0},{"not_picked":["Pommel Strike+1","Twin Strike+1"],"picked":"Sentinel","floor":31.0},{"not_picked":["Corruption","Double Tap"],"picked":"Fiend Fire+1","floor":33.0},{"not_picked":["Pommel Strike+1","Thunderclap+1"],"picked":"Battle Trance+1","floor":35.0},{"not_picked":["Dual Wield","Perfected Strike+1","Heavy Blade+1"],"picked":"SKIP","floor":37.0},{"not_picked":["Rupture","Flex","Carnage+1"],"picked":"SKIP","floor":40.0},{"not_picked":["Blood for Blood+1","Twin Strike+1"],"picked":"Barricade","floor":42.0},{"not_picked":["Anger+1","True Grit","Armaments"],"picked":"SKIP","floor":47.0},{"not_picked":["Perfected Strike+1","Warcry+1","Armaments+1"],"picked":"SKIP","floor":48.0}],"player_experience":1133872,"relics_obtained":[{"floor":5.0,"key":"Strawberry"},{"floor":6.0,"key":"Molten Egg 2"},{"floor":9.0,"key":"Happy Flower"},{"floor":12.0,"key":"Juzu Bracelet"},{"floor":23.0,"key":"Red Skull"},{"floor":26.0,"key":"Ancient Tea Set"},{"floor":28.0,"key":"CeramicFish"},{"floor":30.0,"key":"Incense Burner"},{"floor":30.0,"key":"Bottled Tornado"},{"floor":40.0,"key":"Whetstone"},{"floor":42.0,"key":"Du-Vu Doll"},{"floor":45.0,"key":"Gambling Chip"}],"event_choices":[{"cards_removed":["Strike_R"],"damage_healed":0.0,"max_hp_gain":0.0,"max_hp_loss":0.0,"gold_gain":0.0,"event_name":"Bonfire Elementals","player_choice":"Offered Basic","floor":2.0,"gold_loss":0.0,"damage_taken":0.0},{"damage_healed":0.0,"max_hp_gain":0.0,"max_hp_loss":0.0,"gold_gain":0.0,"event_name":"Living Wall","player_choice":"Grow","floor":4.0,"gold_loss":0.0,"damage_taken":0.0,"cards_upgraded":["Wild Strike"]},{"damage_healed":0.0,"max_hp_gain":0.0,"max_hp_loss":0.0,"gold_gain":100.0,"event_name":"Wheel of Change","player_choice":"Gold","floor":13.0,"gold_loss":0.0,"damage_taken":0.0},{"damage_healed":0.0,"max_hp_gain":0.0,"max_hp_loss":0.0,"gold_gain":0.0,"event_name":"Upgrade Shrine","player_choice":"Upgraded","floor":19.0,"gold_loss":0.0,"damage_taken":0.0,"cards_upgraded":["Offering"]},{"damage_healed":0.0,"max_hp_gain":0.0,"max_hp_loss":0.0,"gold_gain":50.0,"event_name":"Nest","player_choice":"Stole From Cult","floor":20.0,"gold_loss":0.0,"damage_taken":0.0},{"damage_healed":0.0,"max_hp_gain":0.0,"max_hp_loss":0.0,"gold_gain":0.0,"event_name":"Duplicator","player_choice":"Copied","floor":25.0,"gold_loss":0.0,"damage_taken":0.0,"cards_obtained":["Offering"]},{"damage_healed":0.0,"max_hp_gain":0.0,"max_hp_loss":0.0,"gold_gain":0.0,"event_name":"Colosseum","player_choice":"Fight","floor":30.0,"gold_loss":0.0,"damage_taken":0.0},{"damage_healed":0.0,"max_hp_gain":0.0,"max_hp_loss":0.0,"gold_gain":0.0,"event_name":"Colosseum","player_choice":"Fought Nobs","floor":30.0,"gold_loss":0.0,"damage_taken":0.0},{"damage_healed":0.0,"max_hp_gain":0.0,"max_hp_loss":0.0,"gold_gain":0.0,"event_name":"Winding Halls","player_choice":"Embrace Madness","floor":39.0,"gold_loss":0.0,"damage_taken":17.0,"cards_obtained":["Madness","Madness"]},{"damage_healed":0.0,"max_hp_gain":0.0,"max_hp_loss":0.0,"gold_gain":0.0,"event_name":"MindBloom","player_choice":"Fight","floor":42.0,"gold_loss":0.0,"damage_taken":0.0},{"damage_healed":0.0,"max_hp_gain":0.0,"max_hp_loss":0.0,"gold_gain":0.0,"event_name":"Mysterious Sphere","player_choice":"Fight","floor":45.0,"gold_loss":0.0,"damage_taken":0.0}],"is_beta":false,"boss_relics":[{"not_picked":["Sozu","Fusion Hammer"],"picked":"Runic Pyramid"},{"not_picked":["Snecko Eye","Black Star"],"picked":"SlaversCollar"}],"items_purged_floors":[14,22,36,38],"is_endless":false,"potions_floor_spawned":[1,6,16,18,21,27,28,33,35,40,47],"killed_by":"Awakened One","ascension_level":20}}