{"host":"vumwfieg2b2mnrfl","time":1610045159,"event":{"mods":["AchievementEnabler","BaseMod","Minty Spire (QoL Compilation)","Rare Cards Sparkle","Relic Stats"],"gold_per_floor":[119,119,394,405,405,437,437,452,504,504,29,60,79,44,44,117,117,100,100,117,117,117,148,148,148,148],"floor_reached":25,"playtime":791,"items_purged":["Regret"],"score":397,"play_id":"2bf55b34-8248-4d4d-a1f1-6b97f22861b2","local_time":"20210107124559","is_ascension_mode":true,"campfire_choices":[{"floor":7,"key":"REST"},{"data":"Berserk","floor":10,"key":"SMITH"},{"data":"Armaments","floor":15,"key":"SMITH"},{"floor":24,"key":"REST"}],"circlet_count":0,"master_deck":["AscendersBane","Strike_R","Strike_R","Strike_R","Defend_R","Defend_R","Defend_R","Bash+1","Shrug It Off+1","Carnage","Berserk+1","Inflame","Uppercut","Battle Trance","Hemokinesis","Armaments+1","Reaper","Corruption+1","Demon Form+1","Cleave+1","Whirlwind"],"relics":["Burning Blood","Centennial Puzzle","Pen Nib","Matryoshka","Lizard Tail","Astrolabe","HornCleat"],"acts_visited":["Exordium","TheCity"],"potions_floor_usage":[6,23,23],"damage_taken":[{"damage":8,"enemies":"2 Louse","floor":1,"turns":4},{"damage":11,"enemies":"Cultist","floor":4,"turns":4},{"damage":32,"enemies":"Lagavulin","floor":6,"turns":5},{"damage":20,"enemies":"Small Slimes","floor":8,"turns":5},{"damage":22,"enemies":"3 Sentries","floor":12,"turns":8},{"damage":2,"enemies":"Blue Slaver","floor":13,"turns":2},{"damage":27,"enemies":"Hexaghost","floor":16,"turns":10},{"damage":23,"enemies":"2 Thieves","floor":18,"turns":4},{"damage":2,"enemies":"Spheric Guardian","floor":20,"turns":3},{"damage":69,"enemies":"Slavers","floor":23,"turns":6},{"damage":102,"enemies":"Book of Stabbing","floor":25,"turns":7}],"seed_played":"-2469560027584647791","potions_obtained":[{"floor":4,"key":"LiquidMemories"},{"floor":16,"key":"LiquidMemories"},{"floor":18,"key":"SneckoOil"}],"is_trial":false,"path_per_floor":["M","$","?","M","?","E","R","M","T","R","$","E","M","?","R","B",null,"M","?","M","?","$","E","R","E"],"character_chosen":"IRONCLAD","items_purchased":["Matryoshka","Uppercut","Battle Trance"],"campfire_rested":2,"item_purchase_floors":[11,11,11],"current_hp_per_floor":[66,66,66,61,61,35,57,43,43,43,43,27,31,49,49,28,63,46,46,57,72,72,39,61,0,0],"gold":148,"neow_bonus":"UPGRADE_CARD","is_daily":false,"chose_seed":false,"campfire_upgraded":2,"win_rate":0.0,"timestamp":1610045159,"path_taken":["M","$","?","?","?","E","R","?","T","R","$","E","M","?","R","BOSS","M","?","M","?","$","E","R","E"],"items_purchased_type":["Relic","Card","Card"],"build_version":"2020-12-22","purchased_purges":1,"victory":false,"max_hp_per_floor":[75,75,75,75,75,75,75,75,75,75,75,75,75,75,75,75,75,75,75,75,75,75,75,75,75,75],"relic_stats":{"Centennial Puzzle":[24],"Lizard Tail":37,"counters":[11,58],"Astrolabe":["Corruption","Demon Form","Cleave"],"Pen Nib":[5],"obtain_stats":[{"Centennial Puzzle":6,"Lizard Tail":12,"Matryoshka":11,"HornCleat":23,"Astrolabe":17,"Pen Nib":9,"Burning Blood":0},{"Centennial Puzzle":3,"Lizard Tail":5,"Matryoshka":4,"HornCleat":10,"Astrolabe":7,"Pen Nib":4,"Burning Blood":0},{"Centennial Puzzle":13,"Lizard Tail":26,"Matryoshka":18,"HornCleat":51,"Astrolabe":38,"Pen Nib":18,"Burning Blood":0}],"Burning Blood":60},"card_choices":[{"not_picked":["Reckless Charge","Perfected Strike"],"picked":"Shrug It Off","floor":1},{"not_picked":["Twin Strike","Pommel Strike"],"picked":"Carnage","floor":4},{"not_picked":["Dropkick","Havoc"],"picked":"Berserk","floor":6},{"not_picked":["Havoc","Perfected Strike"],"picked":"Inflame","floor":8},{"not_picked":["True Grit","Warcry"],"picked":"Hemokinesis","floor":12},{"not_picked":["Rupture","Shockwave"],"picked":"Armaments","floor":13},{"not_picked":["Corruption","Exhume"],"picked":"Reaper","floor":16},{"not_picked":["Havoc","Iron Wave","Clothesline"],"picked":"SKIP","floor":18},{"not_picked":["Intimidate","Havoc"],"picked":"Whirlwind","floor":20},{"not_picked":["Warcry","Clothesline","Dark Embrace"],"picked":"SKIP","floor":23}],"player_experience":381295,"relics_obtained":[{"floor":6,"key":"Centennial Puzzle"},{"floor":9,"key":"Pen Nib"},{"floor":12,"key":"Lizard Tail"},{"floor":23,"key":"HornCleat"}],"event_choices":[{"damage_healed":0,"gold_gain":275,"player_choice":"Desecrate","damage_taken":0,"max_hp_gain":0,"max_hp_loss":0,"event_name":"Golden Shrine","floor":3,"gold_loss":0,"cards_obtained":["Regret"]},{"damage_healed":0,"gold_gain":0,"player_choice":"Upgraded","damage_taken":0,"max_hp_gain":0,"max_hp_loss":0,"event_name":"Upgrade Shrine","floor":5,"gold_loss":0,"cards_upgraded":["Shrug It Off"]},{"damage_healed":18,"gold_gain":0,"player_choice":"Healed","damage_taken":0,"max_hp_gain":0,"max_hp_loss":0,"event_name":"The Cleric","floor":14,"gold_loss":35},{"damage_healed":0,"gold_gain":0,"player_choice":"Ignored","damage_taken":0,"max_hp_gain":0,"max_hp_loss":0,"event_name":"The Mausoleum","floor":19,"gold_loss":0},{"damage_healed":15,"gold_gain":0,"player_choice":"Heal","damage_taken":0,"max_hp_gain":0,"max_hp_loss":0,"event_name":"The Library","floor":21,"gold_loss":0}],"is_beta":false,"boss_relics":[{"not_picked":["Busted Crown","Sozu"],"picked":"Astrolabe"}],"items_purged_floors":[11],"is_endless":false,"potions_floor_spawned":[4,16,18],"killed_by":"Book of Stabbing","ascension_level":15}}