{"host":"w3x3n9s6mrz4xpf0","time":1610029520,"event":{"mods":["BaseMod","Minty Spire (QoL Compilation)","StSLib","SuperFastMode"],"gold_per_floor":[116,41,57,57,132,132,147,180,180,180,195,195,120,146,146,224,224,237,237,248,268,193,193,208,208,208,239,239,266,266,595,595,673,673,686,473,492,492,507,507,540,540,540,216,216,249,266,47,47,47,47,47],"floor_reached":51,"playtime":2273,"items_purged":["Strike_G","Slice+1","Survivor","Defend_G"],"score":1588,"play_id":"33e41d12-294f-4ed9-b2ea-2ba135768217","local_time":"20210107232520","is_ascension_mode":true,"campfire_choices":[{"data":"Cloak And Dagger","floor":6.0,"key":"SMITH"},{"data":"Blade Dance","floor":10.0,"key":"SMITH"},{"data":"Neutralize","floor":12.0,"key":"SMITH"},{"data":"Crippling Poison","floor":15.0,"key":"SMITH"},{"data":"Venomology","floor":23.0,"key":"SMITH"},{"data":"Finisher","floor":25.0,"key":"SMITH"},{"floor":32.0,"key":"REST"},{"data":"Burst","floor":40.0,"key":"SMITH"},{"data":"Well Laid Plans","floor":42.0,"key":"SMITH"},{"floor":49,"key":"REST"}],"circlet_count":0,"master_deck":["AscendersBane","Defend_G","Defend_G","Neutralize+1","Cloak And Dagger+1","Blade Dance+1","PiercingWail","Crippling Poison+1","Venomology+1","Deflect+1","Prepared+1","Finisher+1","Burst+1","CurseOfTheBell","Accuracy","Well Laid Plans+1","Backflip+1"],"relics":["Cursed Key","Bronze Scales","Pantograph","Astrolabe","Ginger","MutagenicStrength","Juzu Bracelet","Old Coin","Calling Bell","Blood Vial","Question Card","Thread and Needle","Smiling Mask","TheAbacus","Anchor","Medical Kit"],"acts_visited":["Exordium","TheCity","TheBeyond"],"potions_floor_usage":[46,47,50,50,51,51],"damage_taken":[{"damage":4.0,"enemies":"Small Slimes","floor":1.0,"turns":4.0},{"damage":2.0,"enemies":"2 Louse","floor":3.0,"turns":4.0},{"damage":0.0,"enemies":"Jaw Worm","floor":7.0,"turns":5.0},{"damage":17.0,"enemies":"Lagavulin","floor":8.0,"turns":4.0},{"damage":2.0,"enemies":"Looter","floor":11.0,"turns":2.0},{"damage":8.0,"enemies":"Gremlin Nob","floor":14.0,"turns":4.0},{"damage":12.0,"enemies":"Hexaghost","floor":16.0,"turns":11.0},{"damage":8.0,"enemies":"Shell Parasite","floor":18.0,"turns":5.0},{"damage":0.0,"enemies":"3 Byrds","floor":20.0,"turns":3.0},{"damage":11.0,"enemies":"3 Cultists","floor":21.0,"turns":5.0},{"damage":3.0,"enemies":"Centurion and Healer","floor":24.0,"turns":8.0},{"damage":0.0,"enemies":"Gremlin Leader","floor":27.0,"turns":5.0},{"damage":10.0,"enemies":"Book of Stabbing","floor":29.0,"turns":5.0},{"damage":13.0,"enemies":"Gremlin Leader","floor":31.0,"turns":5.0},{"damage":4.0,"enemies":"Champ","floor":33.0,"turns":9.0},{"damage":0.0,"enemies":"3 Shapes","floor":35.0,"turns":7.0},{"damage":1.0,"enemies":"3 Darklings","floor":37.0,"turns":5.0},{"damage":7.0,"enemies":"Maw","floor":39.0,"turns":7.0},{"damage":47.0,"enemies":"Nemesis","floor":41.0,"turns":7.0},{"damage":0,"enemies":"Giant Head","floor":46,"turns":4},{"damage":8,"enemies":"Spire Growth","floor":47,"turns":4},{"damage":15,"enemies":"Donu and Deca","floor":50,"turns":11},{"damage":77,"enemies":"Time Eater","floor":51,"turns":12}],"seed_played":"9196514966954526767","potions_obtained":[{"floor":3.0,"key":"Strength Potion"},{"floor":7.0,"key":"SteroidPotion"},{"floor":11.0,"key":"EntropicBrew"},{"floor":14.0,"key":"GamblersBrew"},{"floor":24.0,"key":"SkillPotion"},{"floor":30.0,"key":"EssenceOfSteel"},{"floor":30.0,"key":"CultistPotion"},{"floor":35.0,"key":"Weak Potion"}],"is_trial":false,"path_per_floor":["M","?","M","?","?","R","M","E","T","R","M","R","$","E","R","B",null,"M","?","M","M","?","R","M","R","T","E","?","E","?","E","R","B",null,"M","$","M","?","M","R","E","R","T","$","?","E","M","$","R","B","B"],"character_chosen":"THE_SILENT","items_purchased":["Fruit Juice","TheAbacus","GhostInAJar","Medical Kit"],"campfire_rested":2,"item_purchase_floors":[36,44,44,48],"current_hp_per_floor":[55,55,53,46,35,35,35,18,18,18,16,16,16,8,8,21,55,47,47,47,36,36,36,33,33,33,33,33,23,23,10,29,50,62,64,69,70,70,67,67,22,22,22,22,22,24,18,18,39,51,0,0],"gold":47,"neow_bonus":"BOSS_RELIC","is_daily":false,"chose_seed":false,"campfire_upgraded":8,"win_rate":0.0,"timestamp":1610029520,"path_taken":["M","?","M","?","?","R","M","E","T","R","M","R","?","E","R","BOSS","M","?","M","M","?","R","M","R","T","E","?","E","?","E","R","BOSS","M","$","M","?","M","R","E","R","T","$","?","E","M","$","R","BOSS","BOSS"],"items_purchased_type":["Potion","Relic","Potion","Relic"],"build_version":"2020-12-22","purchased_purges":4,"victory":false,"max_hp_per_floor":[66,66,66,66,66,66,66,66,66,66,66,66,66,66,66,66,66,66,66,66,66,66,66,66,66,66,66,66,66,66,66,66,66,66,66,71,71,71,71,71,71,71,71,71,71,71,71,71,71,71,71,71],"card_choices":[{"not_picked":["Prepared","Escape Plan"],"picked":"Sucker Punch","floor":1.0},{"not_picked":["Blur","Sucker Punch"],"picked":"Cloak And Dagger","floor":3.0},{"not_picked":["Outmaneuver","Setup","Cloak And Dagger"],"picked":"SKIP","floor":7.0},{"not_picked":["Storm of Steel","PiercingWail"],"picked":"Blade Dance","floor":8.0},{"not_picked":["Slice","Masterful Stab"],"picked":"PiercingWail","floor":11.0},{"not_picked":["Prepared","Riddle With Holes"],"picked":"Crippling Poison","floor":14.0},{"not_picked":["Envenom","Tools of the Trade"],"picked":"Venomology","floor":16.0},{"not_picked":["Leg Sweep","Eviscerate","Expertise"],"picked":"SKIP","floor":18.0},{"not_picked":["Deadly Poison+1","Dagger Throw","Prepared"],"picked":"SKIP","floor":20.0},{"not_picked":["Underhanded Strike","PiercingWail","Choke"],"picked":"SKIP","floor":21.0},{"not_picked":["Cloak And Dagger","Acrobatics"],"picked":"Finisher","floor":24.0},{"not_picked":["All Out Attack","Tools of the Trade","Bouncing Flask"],"picked":"SKIP","floor":27.0},{"not_picked":["Quick Slash","Flying Knee","Slice"],"picked":"SKIP","floor":29.0},{"not_picked":["Deadly Poison","Slice","Outmaneuver"],"picked":"SKIP","floor":31.0},{"not_picked":["Malaise","Unload"],"picked":"Burst","floor":33.0},{"not_picked":["Endless Agony","Outmaneuver","Setup"],"picked":"Accuracy","floor":35.0},{"not_picked":["Acrobatics+1","Calculated Gamble","Malaise"],"picked":"Well Laid Plans","floor":37.0},{"not_picked":["Flying Knee+1","Leg Sweep","Deflect","Bane"],"picked":"SKIP","floor":39.0},{"not_picked":["Caltrops","Dash","Concentrate+1"],"picked":"Backflip+1","floor":41.0},{"not_picked":["Outmaneuver","Bane+1","Adrenaline","Riddle With Holes"],"picked":"SKIP","floor":46},{"not_picked":["Caltrops+1","Poisoned Stab","Masterful Stab","Prepared+1"],"picked":"SKIP","floor":47}],"player_experience":118177,"relics_obtained":[{"floor":8.0,"key":"Bronze Scales"},{"floor":14.0,"key":"Pantograph"},{"floor":27.0,"key":"Ginger"},{"floor":29.0,"key":"Juzu Bracelet"},{"floor":31.0,"key":"Old Coin"},{"floor":34.0,"key":"Blood Vial"},{"floor":34.0,"key":"Question Card"},{"floor":34.0,"key":"Thread and Needle"},{"floor":41.0,"key":"Smiling Mask"},{"floor":46,"key":"Anchor"}],"event_choices":[{"cards_removed":["Strike_G"],"damage_healed":0.0,"max_hp_gain":0.0,"max_hp_loss":0.0,"gold_gain":0.0,"event_name":"The Cleric","player_choice":"Card Removal","floor":2.0,"gold_loss":75.0,"damage_taken":0.0},{"cards_removed":["Defend_G"],"damage_healed":0.0,"max_hp_gain":0.0,"max_hp_loss":0.0,"gold_gain":0.0,"event_name":"Golden Wing","player_choice":"Card Removal","floor":4.0,"gold_loss":0.0,"damage_taken":7.0},{"damage_healed":0.0,"max_hp_gain":0.0,"max_hp_loss":0.0,"gold_gain":75.0,"event_name":"World of Goop","player_choice":"Gather Gold","floor":5.0,"gold_loss":0.0,"damage_taken":11.0},{"cards_removed":["Strike_G"],"damage_healed":0.0,"max_hp_gain":0.0,"max_hp_loss":0.0,"gold_gain":0.0,"event_name":"Back to Basics","player_choice":"Elegance","floor":19.0,"gold_loss":0.0,"damage_taken":0.0},{"cards_removed":["Sucker Punch"],"damage_healed":0.0,"max_hp_gain":0.0,"max_hp_loss":0.0,"gold_gain":0.0,"event_name":"Beggar","player_choice":"Gave Gold","floor":22.0,"gold_loss":75.0,"damage_taken":0.0},{"damage_healed":0.0,"max_hp_gain":0.0,"max_hp_loss":0.0,"gold_gain":0.0,"event_name":"Drug Dealer","player_choice":"Inject Mutagens","floor":28.0,"gold_loss":0.0,"damage_taken":0.0,"relics_obtained":["MutagenicStrength"]},{"damage_healed":0.0,"max_hp_gain":0.0,"max_hp_loss":0.0,"gold_gain":0.0,"event_name":"Lab","player_choice":"Got Potions","floor":30.0,"gold_loss":0.0,"damage_taken":0.0},{"damage_healed":0.0,"max_hp_gain":0.0,"max_hp_loss":0.0,"gold_gain":0.0,"event_name":"Mysterious Sphere","player_choice":"Ignored","floor":38.0,"gold_loss":0.0,"damage_taken":0.0},{"damage_healed":0.0,"max_hp_gain":0.0,"max_hp_loss":0.0,"gold_gain":0.0,"event_name":"Tomb of Lord Red Mask","player_choice":"Ignored","floor":45.0,"gold_loss":0.0,"damage_taken":0.0}],"is_beta":false,"boss_relics":[{"not_picked":["Velvet Choker","Snecko Eye"],"picked":"Astrolabe"},{"not_picked":["Runic Dome","HoveringKite"],"picked":"Calling Bell"}],"items_purged_floors":[13,36,44,48],"is_endless":false,"potions_floor_spawned":[3,7,11,14,20,21,24,27,31,35],"killed_by":"Time Eater","ascension_level":20}}