{"host":"hxmfoq77054plnuw","time":1610033854,"event":{"mods":["BaseMod","Colored Map","Colored Powertips","Downfall","Highlight Path","Minty Spire (QoL Compilation)","Quick Restart","Replay The Spire","Shop Mod","StSLib","SuperFastMode","[功能]功能增强和修复MOD","vexMod","【遗物卡牌】REMEMod","篝火指南"],"gold_per_floor":[199,209,226,240,82,82,82,101,115,32,132,160,10,39,59,59,59],"floor_reached":16,"playtime":1026,"items_purged":["sneckomod:Strike","sneckomod:Strike","sneckomod:Strike","sneckomod:Defend","sneckomod:Defend","sneckomod:Defend","sneckomod:SnekBite","sneckomod:SoulRoll","sneckomod:TailWhip"],"score":112,"play_id":"cc27ab2a-d2d7-496b-8797-be922f4dfff6","local_time":"20210107163734","is_ascension_mode":false,"campfire_choices":[{"floor":1,"key":"DIG"},{"floor":6,"key":"RECALL"},{"floor":13,"key":"REST"}],"circlet_count":0,"master_deck":["sneckomod:Unknown","sneckomod:WideSting","sneckomod:UnknownBlock","sneckomod:SoulRoll","sneckomod:UnknownRareAttack","sneckomod:QuickBite","sneckomod:UnknownExhaust","sneckomod:Unknown3Cost","sneckomod:DiceBoulder+1","sneckomod:UnknownBlock","sneckomod:IronFang","sneckomod:QuickBite","sneckomod:UnknownUncommonAttack","sneckomod:MixItUp","sneckomod:DiceBoulder","sneckomod:UnknownEthereal","sneckomod:Nope","sneckomod:UnknownUncommonPower","sneckomod:UnknownCommonSkill","sneckomod:UnknownStrength"],"relics":["sneckomod:SneckoSoul","REME_ComplimentaryCards","Shuriken","Prayer Wheel","Matryoshka","downfall:HeartBlessingRed","downfall:HeartBlessingGreen","vexMod:ScavengeHelm"],"acts_visited":["Exordium"],"potions_floor_usage":[16,16],"damage_taken":[{"damage":6,"enemies":"Cultist","floor":2,"turns":3},{"damage":3,"enemies":"Jaw Worm","floor":3,"turns":5},{"damage":5,"enemies":"2 Louse","floor":4,"turns":3},{"damage":1,"enemies":"downfall:FleeingMerchant","floor":5,"turns":4},{"damage":13,"enemies":"Red Slaver","floor":8,"turns":2},{"damage":28,"enemies":"Gremlin Gang","floor":9,"turns":5},{"damage":1,"enemies":"downfall:FleeingMerchant","floor":10,"turns":4},{"damage":14,"enemies":"downfall:Heads","floor":11,"turns":4},{"damage":12,"enemies":"Lagavulin","floor":12,"turns":6},{"damage":15,"enemies":"Gremlin Nob","floor":14,"turns":4},{"damage":2,"enemies":"Exordium Wildlife","floor":15,"turns":2},{"damage":52,"enemies":"downfall:Watcher","floor":16,"turns":7}],"seed_played":"-4632141810051095131","potions_obtained":[{"floor":3,"key":"PowerPotion"},{"floor":11,"key":"SpeedPotion"},{"floor":12,"key":"Strength Potion"}],"is_trial":false,"path_per_floor":["R_BF","M","M","M","$","R","T","M","M","$","?","E","R","E","M","B"],"character_chosen":"THE_SNECKO","items_purchased":["sneckomod:DiceBoulder","sneckomod:SoulRoll","sneckomod:MixItUp"],"campfire_rested":1,"item_purchase_floors":[5,5,10],"current_hp_per_floor":[90,85,83,79,79,79,79,68,50,50,37,25,54,40,42,0,0],"gold":59,"neow_bonus":"HUNDRED_GOLD","is_daily":false,"chose_seed":false,"campfire_upgraded":0,"win_rate":0.0,"timestamp":1610033854,"path_taken":["R_BF","M","M","M","$","R","T","M","M","$","?","E","R","E","M","BOSS"],"items_purchased_type":["Card","Card","Card"],"build_version":"2020-12-22","purchased_purges":9,"victory":false,"max_hp_per_floor":[90,91,92,93,94,94,94,96,96,97,98,98,98,99,103,103,103],"card_choices":[{"not_picked":["sneckomod:Unknown0Cost","sneckomod:UnknownBlock"],"picked":"sneckomod:WideSting","floor":2},{"not_picked":["sneckomod:WideSting","sneckomod:RainOfDice"],"picked":"sneckomod:UnknownBlock","floor":2},{"not_picked":["sneckomod:UnknownVulnerable","sneckomod:UnknownClassTHE_CHAMP_GRAY"],"picked":"sneckomod:SoulRoll","floor":3},{"not_picked":["sneckomod:UnknownStrike","sneckomod:Unknown1Cost"],"picked":"sneckomod:UnknownRareAttack","floor":3},{"not_picked":["sneckomod:SnekBeam","sneckomod:SoulCleanse"],"picked":"sneckomod:QuickBite","floor":4},{"not_picked":["sneckomod:SoulDraw","sneckomod:QuickMove"],"picked":"sneckomod:UnknownExhaust","floor":4},{"not_picked":["sneckomod:UnknownWeak","sneckomod:UnknownCommonSkill"],"picked":"sneckomod:Unknown3Cost","floor":5},{"not_picked":["sneckomod:UnknownCommonAttack","sneckomod:SoulRoll"],"picked":"sneckomod:UnknownBlock","floor":8},{"not_picked":["sneckomod:SoulDraw","sneckomod:UnknownClassPURPLE"],"picked":"sneckomod:UnknownClassBLUE","floor":8},{"not_picked":["sneckomod:SoulRoll","sneckomod:SerpentIdol"],"picked":"sneckomod:IronFang","floor":9},{"not_picked":["sneckomod:SnakeSap","sneckomod:DiceBlock"],"picked":"sneckomod:QuickBite","floor":9},{"not_picked":["sneckomod:IronFang","sneckomod:QuickMove"],"picked":"sneckomod:UnknownUncommonAttack","floor":10},{"not_picked":["sneckomod:QuickBite","sneckomod:SoulCleanse"],"picked":"sneckomod:UnknownEthereal","floor":11},{"not_picked":["sneckomod:SoulDraw","sneckomod:TrashToTreasure"],"picked":"sneckomod:Nope","floor":12},{"not_picked":["sneckomod:Nope","sneckomod:UnknownCommonAttack"],"picked":"sneckomod:UnknownUncommonPower","floor":14},{"not_picked":["sneckomod:WideSting","sneckomod:RainOfDice"],"picked":"sneckomod:UnknownCommonSkill","floor":15},{"not_picked":["sneckomod:UnknownClassGUARDIAN","sneckomod:Unknown1Cost"],"picked":"sneckomod:UnknownStrength","floor":15}],"player_experience":322637,"relics_obtained":[{"floor":1,"key":"Shuriken"},{"floor":12,"key":"Matryoshka"},{"floor":14,"key":"vexMod:ScavengeHelm"}],"event_choices":[],"is_beta":false,"boss_relics":[],"items_purged_floors":[5,5,5,10,10,10,10,10,10],"is_endless":false,"potions_floor_spawned":[3,11,12,14],"killed_by":"downfall:Watcher","ascension_level":0}}