{"host":"dmdprxj8bosbz96f","time":1610062711,"event":{"mods":["AchievementEnabler","BaseMod","Colored Map","DeckTracker","Minty Spire (QoL Compilation)","Permanent Neow","Quick Restart","SuperFastMode","everything is the same but u backflip on backflip"],"gold_per_floor":[112,62,36,36,53,53,53,128,128,128,143,176,176,201,201,201,201],"floor_reached":16,"playtime":474,"items_purged":[],"score":133,"play_id":"b46a0eb0-db54-4072-9019-33da1c5acd99","local_time":"20210108083831","is_ascension_mode":true,"campfire_choices":[{"data":"Calculated Gamble","floor":6,"key":"SMITH"},{"floor":10,"key":"REST"},{"floor":13,"key":"REST"},{"floor":15,"key":"REST"}],"circlet_count":0,"master_deck":["Strike_G","Strike_G","Strike_G","Strike_G","Strike_G","Defend_G","Defend_G","Defend_G","Survivor","Neutralize+1","After Image","Footwork+1","PiercingWail","Calculated Gamble+1","Outmaneuver","Tactician"],"relics":["Ring of the Snake","Orichalcum","Juzu Bracelet","Bottled Tornado"],"acts_visited":["Exordium"],"potions_floor_usage":[12,14],"damage_taken":[{"damage":1,"enemies":"Small Slimes","floor":1,"turns":5},{"damage":0,"enemies":"2 Louse","floor":5,"turns":4},{"damage":0,"enemies":"Jaw Worm","floor":11,"turns":6},{"damage":41,"enemies":"3 Sentries","floor":12,"turns":14},{"damage":11,"enemies":"Lagavulin","floor":14,"turns":11},{"damage":39,"enemies":"The Guardian","floor":16,"turns":15}],"seed_played":"-8462007585194715724","potions_obtained":[{"floor":11,"key":"LiquidMemories"},{"floor":12,"key":"FearPotion"}],"is_trial":false,"path_per_floor":["M","?","$","?","M","R","?","?","T","R","M","E","R","E","R","B"],"character_chosen":"THE_SILENT","items_purchased":["PiercingWail"],"campfire_rested":3,"item_purchase_floors":[3],"current_hp_per_floor":[69,69,69,69,69,69,55,44,44,65,65,24,45,34,55,16,16],"gold":201,"neow_bonus":"ONE_RANDOM_RARE_CARD","is_daily":false,"chose_seed":false,"campfire_upgraded":1,"win_rate":0.0,"timestamp":1610062711,"path_taken":["M","?","$","?","M","R","?","?","T","R","?","E","R","E","R","BOSS"],"items_purchased_type":["Card"],"build_version":"2020-12-22","purchased_purges":0,"victory":false,"max_hp_per_floor":[70,70,70,70,70,70,70,70,70,70,70,70,70,70,70,70,70],"card_choices":[{"not_picked":["Prepared","Blade Dance"],"picked":"Footwork","floor":1},{"not_picked":["Catalyst","Predator"],"picked":"Calculated Gamble","floor":5},{"not_picked":["Sucker Punch","Slice"],"picked":"Outmaneuver","floor":11},{"not_picked":["Venomology","Sucker Punch"],"picked":"Tactician","floor":12},{"not_picked":["Quick Slash","Cloak And Dagger","Masterful Stab"],"picked":"SKIP","floor":14}],"player_experience":172012,"relics_obtained":[{"floor":9,"key":"Orichalcum"},{"floor":12,"key":"Juzu Bracelet"},{"floor":14,"key":"Bottled Tornado"}],"event_choices":[{"cards_removed":["Defend_G"],"damage_healed":0,"gold_gain":0,"player_choice":"Card Removal","damage_taken":0,"max_hp_gain":0,"max_hp_loss":0,"event_name":"The Cleric","floor":2,"gold_loss":50},{"cards_removed":["Defend_G"],"damage_healed":0,"gold_gain":0,"player_choice":"Forget","damage_taken":0,"max_hp_gain":0,"max_hp_loss":0,"event_name":"Living Wall","floor":4,"gold_loss":0},{"damage_healed":0,"gold_gain":0,"player_choice":"Entered Light","damage_taken":14,"max_hp_gain":0,"max_hp_loss":0,"event_name":"Shining Light","floor":7,"gold_loss":0,"cards_upgraded":["Neutralize","Footwork"]},{"damage_healed":0,"gold_gain":75,"player_choice":"Gather Gold","damage_taken":11,"max_hp_gain":0,"max_hp_loss":0,"event_name":"World of Goop","floor":8,"gold_loss":0}],"is_beta":false,"boss_relics":[],"items_purged_floors":[],"is_endless":false,"potions_floor_spawned":[11,12],"killed_by":"The Guardian","ascension_level":5}}