{"host":"daa8jqyg4gqfaysm","time":1610027529,"event":{"mods":["BaseMod","Colored Powertips","Minty Spire (QoL Compilation)","StSLib"],"gold_per_floor":[119,136,136,147,31,60,60,60,60,76,106,106,31,60,60,132,132,149,199,199,209,227,227,259,259,259,277,277,177,219,240,240,323,382,399,289,302,1319,377,377,377],"floor_reached":40,"playtime":1422,"items_purged":["Strike_G","Strike_G","Normality"],"score":909,"play_id":"7ac34dd8-9ac5-4a36-b625-9abb9820e1e6","local_time":"20210107215209","is_ascension_mode":true,"campfire_choices":[{"floor":7,"key":"REST"},{"floor":12,"key":"REST"},{"data":"Neutralize","floor":15,"key":"SMITH"},{"data":"Phantasmal Killer","floor":23,"key":"SMITH"},{"floor":25,"key":"REST"},{"floor":32,"key":"REST"}],"circlet_count":0,"master_deck":["AscendersBane","Strike_G","Strike_G","Defend_G","Defend_G","Defend_G","Defend_G+1","Defend_G+1","Survivor","Neutralize+1","Accuracy","Dagger Spray+1","Dagger Throw","Backstab+1","Poisoned Stab","Blade Dance","Deflect","Cloak And Dagger","Phantasmal Killer+1","Backflip+1","Burst+1","Slice","Wraith Form v2","Cloak And Dagger+1","Normality","Blade Dance","Apotheosis","PiercingWail","Infinite Blades"],"relics":["Ring of the Snake","NeowsBlessing","Gambling Chip","War Paint","Pantograph","Gremlin Horn","Bronze Scales","WristBlade","CeramicFish","Bottled Lightning","PreservedInsect","Tiny House","Regal Pillow","Mummified Hand"],"acts_visited":["Exordium","TheCity","TheBeyond"],"potions_floor_usage":[6,14,21,24,33,33,40,40],"damage_taken":[{"damage":0,"enemies":"Small Slimes","floor":1,"turns":1},{"damage":0,"enemies":"2 Louse","floor":2,"turns":1},{"damage":0,"enemies":"Cultist","floor":4,"turns":1},{"damage":32,"enemies":"Gremlin Nob","floor":6,"turns":4},{"damage":0,"enemies":"Exordium Thugs","floor":10,"turns":3},{"damage":12,"enemies":"3 Sentries","floor":11,"turns":7},{"damage":25,"enemies":"Lagavulin","floor":14,"turns":6},{"damage":41,"enemies":"Hexaghost","floor":16,"turns":10},{"damage":4,"enemies":"Chosen","floor":18,"turns":5},{"damage":1,"enemies":"3 Byrds","floor":21,"turns":4},{"damage":2,"enemies":"Snecko","floor":22,"turns":4},{"damage":1,"enemies":"Gremlin Leader","floor":24,"turns":4},{"damage":8,"enemies":"3 Cultists","floor":27,"turns":5},{"damage":37,"enemies":"Book of Stabbing","floor":30,"turns":5},{"damage":3,"enemies":"Centurion and Healer","floor":31,"turns":5},{"damage":43,"enemies":"Collector","floor":33,"turns":7},{"damage":1,"enemies":"3 Shapes","floor":35,"turns":2},{"damage":16,"enemies":"Orb Walker","floor":37,"turns":3},{"damage":51,"enemies":"Giant Head","floor":40,"turns":5}],"seed_played":"-6755542237859546519","potions_obtained":[{"floor":2,"key":"ColorlessPotion"},{"floor":4,"key":"LiquidMemories"},{"floor":16,"key":"Swift Potion"},{"floor":21,"key":"CultistPotion"},{"floor":22,"key":"Strength Potion"},{"floor":27,"key":"PowerPotion"},{"floor":34,"key":"DistilledChaos"}],"is_trial":false,"path_per_floor":["M","M","?","M","$","E","R","?","T","M","E","R","$","E","R","B",null,"M","?","?","M","M","R","E","R","T","M","T","$","E","M","R","B",null,"M","?","M","?","$","E"],"character_chosen":"THE_SILENT","items_purchased":["Backstab","Poisoned Stab","Blade Dance","Regal Pillow","Fire Potion","Apotheosis","PiercingWail","Mummified Hand","Infinite Blades"],"campfire_rested":4,"item_purchase_floors":[5,5,39,39,39,39,39,39,39],"current_hp_per_floor":[59,59,48,48,48,16,35,35,35,35,23,42,42,17,17,1,50,46,46,46,45,43,43,42,61,61,53,53,53,16,13,32,14,58,57,57,41,41,41,0,0],"gold":377,"neow_bonus":"THREE_ENEMY_KILL","is_daily":false,"chose_seed":false,"campfire_upgraded":2,"win_rate":0.0,"timestamp":1610027529,"path_taken":["M","M","?","M","$","E","R","?","T","M","E","R","$","E","R","BOSS","M","?","?","M","M","R","E","R","T","?","?","$","E","M","R","BOSS","M","?","?","?","$","E"],"items_purchased_type":["Card","Card","Card","Relic","Potion","Card","Card","Relic","Card"],"build_version":"2020-12-22","purchased_purges":3,"victory":false,"max_hp_per_floor":[66,66,66,66,66,66,66,66,66,66,66,66,66,66,66,66,66,66,66,66,66,66,66,66,66,66,66,66,66,66,66,66,66,71,71,71,71,71,71,71,71],"card_choices":[{"not_picked":["Prepared","Well Laid Plans"],"picked":"Accuracy","floor":1},{"not_picked":["Distraction","Sucker Punch"],"picked":"Dagger Spray","floor":2},{"not_picked":["Backflip","Bane"],"picked":"Dagger Throw","floor":4},{"not_picked":["Calculated Gamble","Dodge and Roll","Distraction"],"picked":"SKIP","floor":6},{"not_picked":["PiercingWail","Flying Knee"],"picked":"Blade Dance","floor":10},{"not_picked":["Doppelganger","Deadly Poison"],"picked":"Deflect","floor":11},{"not_picked":["Concentrate","Calculated Gamble"],"picked":"Cloak And Dagger","floor":14},{"not_picked":["Malaise","Adrenaline"],"picked":"Phantasmal Killer","floor":16},{"not_picked":["Bouncing Flask","Flying Knee+1","Setup"],"picked":"SKIP","floor":18},{"not_picked":["Prepared","Dodge and Roll","Cloak And Dagger"],"picked":"SKIP","floor":21},{"not_picked":["Dagger Throw","Blur"],"picked":"Backflip+1","floor":22},{"not_picked":["Concentrate+1","Malaise","Deflect"],"picked":"SKIP","floor":24},{"not_picked":["Crippling Poison","Tactician+1","Outmaneuver"],"picked":"SKIP","floor":27},{"not_picked":["Prepared","Caltrops"],"picked":"Burst","floor":30},{"not_picked":["Flying Knee","Concentrate"],"picked":"Slice","floor":31},{"not_picked":["Glass Knife","Envenom"],"picked":"Wraith Form v2","floor":33},{"not_picked":["Blade Dance","Sucker Punch"],"picked":"Cloak And Dagger+1","floor":34},{"not_picked":["Deadly Poison","Bouncing Flask+1","Concentrate"],"picked":"SKIP","floor":35},{"not_picked":["Backflip","Deadly Poison+1","Heel Hook"],"picked":"SKIP","floor":37}],"player_experience":786427,"relics_obtained":[{"floor":6,"key":"War Paint"},{"floor":9,"key":"Pantograph"},{"floor":11,"key":"Gremlin Horn"},{"floor":14,"key":"Bronze Scales"},{"floor":24,"key":"CeramicFish"},{"floor":26,"key":"Bottled Lightning"},{"floor":30,"key":"PreservedInsect"}],"event_choices":[{"damage_healed":0,"gold_gain":0,"player_choice":"Success","damage_taken":11,"relics_obtained":["Gambling Chip"],"max_hp_gain":0,"max_hp_loss":0,"event_name":"Scrap Ooze","floor":3,"gold_loss":0},{"damage_healed":0,"gold_gain":0,"player_choice":"Grow","damage_taken":0,"max_hp_gain":0,"max_hp_loss":0,"event_name":"Living Wall","floor":8,"gold_loss":0,"cards_upgraded":["Dagger Spray"]},{"damage_healed":0,"gold_gain":50,"player_choice":"Stole From Cult","damage_taken":0,"max_hp_gain":0,"max_hp_loss":0,"event_name":"Nest","floor":19,"gold_loss":0},{"damage_healed":0,"gold_gain":0,"cards_transformed":["Strike_G"],"player_choice":"Transformed","damage_taken":0,"max_hp_gain":0,"max_hp_loss":0,"event_name":"Transmorgrifier","floor":20,"gold_loss":0,"cards_obtained":["Grand Finale"]},{"cards_removed":["Grand Finale"],"damage_healed":0,"gold_gain":0,"player_choice":"Upgrade and Remove","damage_taken":0,"max_hp_gain":0,"max_hp_loss":0,"event_name":"Designer","floor":36,"gold_loss":110,"cards_upgraded":["Backstab"]},{"damage_healed":0,"gold_gain":999,"player_choice":"Gold","damage_taken":0,"max_hp_gain":0,"max_hp_loss":0,"event_name":"MindBloom","floor":38,"gold_loss":0,"cards_obtained":["Normality","Normality"]}],"is_beta":false,"boss_relics":[{"not_picked":["Calling Bell","SacredBark"],"picked":"WristBlade"},{"not_picked":["Ring of the Serpent","Black Star"],"picked":"Tiny House"}],"items_purged_floors":[13,29,39],"is_endless":false,"potions_floor_spawned":[2,4,16,21,22,27,30],"killed_by":"Giant Head","ascension_level":20}}