{"host":"zjc1tzo4ovig5lll","time":1610038922,"event":{"mods":["AchievementEnabler","Aspiration","BaseMod","Beaked The Cultist","Better Altar","Better Match","Better Note","Better Sensory Stone","Colored Map","Colored Powertips","Conspire","Energized Spire","Friendly Minions","GifTheSpireLib","Halation","Hermit","Hubris","Minty Spire (QoL Compilation)","Rare Cards Sparkle","Replay The Spire","StSLib","The Blue Laboratory","The Bug Knight","The Construct","The Jungle","everything is the same but u backflip on backflip","vexMod"],"gold_per_floor":[109,109,109,28,28,57,57,69,95,112,37,57,75,105,105,105,105],"floor_reached":16,"playtime":466,"items_purged":[],"score":120,"play_id":"b3828225-a6ee-420e-b751-646fb3445644","local_time":"20210107190202","is_ascension_mode":true,"campfire_choices":[{"floor":15,"key":"REST"}],"circlet_count":0,"master_deck":["Strike_B","Strike_B","Defend_B","Defend_B","Defend_B","Defend_B","Zap+1","Dualcast","Crystallizer+1","Go for the Eyes","Self Repair","Leap"],"relics":["Cracked Core","Replay:Multitool","Blue Doll","Odd Mushroom"],"acts_visited":["Exordium"],"potions_floor_usage":[],"damage_taken":[{"damage":0,"enemies":"conspire:RoseBush","floor":1,"turns":2},{"damage":40,"enemies":"3 Sentries","floor":6,"turns":11},{"damage":3,"enemies":"Small Slimes","floor":8,"turns":2},{"damage":0,"enemies":"Cultist","floor":10,"turns":3},{"damage":5,"enemies":"2 Fungi Beasts","floor":12,"turns":4},{"damage":24,"enemies":"Large Slime","floor":13,"turns":6},{"damage":6,"enemies":"The Mushroom Lair","floor":14,"turns":6},{"damage":41,"enemies":"Hexaghost","floor":16,"turns":11}],"seed_played":"-6161899443031352921","potions_obtained":[],"is_trial":false,"path_per_floor":["M","?","?","$","?","E","R","M","T","M","$","M","M","?","R","B"],"character_chosen":"DEFECT","items_purchased":["Crystallizer","Self Repair"],"campfire_rested":1,"item_purchase_floors":[4,11],"current_hp_per_floor":[54,54,47,47,47,7,29,26,26,26,26,28,11,12,34,0,0],"gold":105,"neow_bonus":"REMOVE_TWO","is_daily":false,"chose_seed":false,"campfire_upgraded":0,"win_rate":0.0,"timestamp":1610038922,"path_taken":["M","?","?","$","?","E","R","M","T","?","$","M","M","?","R","BOSS"],"items_purchased_type":["Card","Card"],"build_version":"2020-12-22","purchased_purges":0,"victory":false,"max_hp_per_floor":[75,75,75,75,75,75,75,75,75,75,75,75,75,75,75,75,75],"card_choices":[{"not_picked":["Gash","conspire:Rain"],"picked":"Tempest","floor":1},{"not_picked":["Ball Lightning","Barrage"],"picked":"Go for the Eyes","floor":6},{"not_picked":["Go for the Eyes","Compile Driver","Hologram"],"picked":"SKIP","floor":8},{"not_picked":["Rebound","Steam","Melter"],"picked":"SKIP","floor":10},{"not_picked":["Genetic Algorithm","Fusion"],"picked":"Leap","floor":12},{"not_picked":["Streamline","Hello World","Reprogram"],"picked":"SKIP","floor":13}],"player_experience":630939,"relics_obtained":[{"floor":6,"key":"Blue Doll"},{"floor":14,"key":"Odd Mushroom"}],"event_choices":[{"damage_healed":0,"gold_gain":0,"player_choice":"Success","damage_taken":7,"relics_obtained":["Replay:Multitool"],"max_hp_gain":0,"max_hp_loss":0,"event_name":"Scrap Ooze","floor":3,"gold_loss":0},{"damage_healed":0,"gold_gain":0,"player_choice":"Forge","damage_taken":0,"max_hp_gain":0,"max_hp_loss":0,"event_name":"Accursed Blacksmith","floor":5,"gold_loss":0,"cards_upgraded":["Zap"]},{"damage_healed":0,"gold_gain":0,"player_choice":"Fought Mushrooms","damage_taken":0,"max_hp_gain":0,"max_hp_loss":0,"event_name":"Mushrooms","floor":14,"gold_loss":0}],"is_beta":false,"boss_relics":[],"items_purged_floors":[],"is_endless":false,"potions_floor_spawned":[6,8,12,13],"killed_by":"Hexaghost","ascension_level":4}}