{"host":"16bdbdkejmwbwkj8","time":1610048709,"event":{"mods":["BaseMod","Colored Map","Downfall","Minty Spire (QoL Compilation)","StSLib"],"gold_per_floor":[113,133,149,84,100,111,111,36,21,33,33,45,75,88,88,88,88],"floor_reached":16,"playtime":1396,"items_purged":[],"score":156,"play_id":"1a6a9055-2a7f-4e25-af0c-12c5ab07bb66","local_time":"20210107144509","is_ascension_mode":false,"campfire_choices":[{"data":"Distraction","floor":8,"key":"SMITH"},{"data":"Bouncing Flask","floor":11,"key":"SMITH"},{"data":"Backstab","floor":15,"key":"SMITH"}],"circlet_count":0,"master_deck":["Strike_G","Strike_G","Strike_G","Strike_G","Strike_G","Defend_G","Defend_G","Defend_G","Defend_G","Defend_G","Survivor","Neutralize","Bouncing Flask+1","Prepared","Backstab+1","Distraction+1","Bane","Acrobatics","Poisoned Stab","Reflex","Adrenaline","Deflect"],"relics":["Ring of the Snake","downfall:HeartBlessingBlue","PreservedInsect"],"acts_visited":["Exordium"],"potions_floor_usage":[5,13,16,16],"damage_taken":[{"damage":0,"enemies":"Small Slimes","floor":1,"turns":7},{"damage":0,"enemies":"2 Louse","floor":2,"turns":4},{"damage":2,"enemies":"Jaw Worm","floor":3,"turns":5},{"damage":5,"enemies":"downfall:FleeingMerchant","floor":4,"turns":4},{"damage":17,"enemies":"Gremlin Gang","floor":5,"turns":5},{"damage":3,"enemies":"Blue Slaver","floor":6,"turns":6},{"damage":5,"enemies":"downfall:FleeingMerchant","floor":9,"turns":4},{"damage":8,"enemies":"Gremlin Gang","floor":10,"turns":5},{"damage":0,"enemies":"2 Fungi Beasts","floor":12,"turns":2},{"damage":0,"enemies":"Gremlin Nob","floor":13,"turns":3},{"damage":0,"enemies":"Large Slime","floor":14,"turns":4},{"damage":49,"enemies":"downfall:Defect","floor":16,"turns":5}],"seed_played":"-4683783923125432900","potions_obtained":[{"floor":1,"key":"ColorlessPotion"},{"floor":3,"key":"sneckomod:MuddlingPotion"},{"floor":10,"key":"Strength Potion"},{"floor":12,"key":"ColorlessPotion"},{"floor":13,"key":"champ:CounterPotion"}],"is_trial":false,"path_per_floor":["M","M","M","$","M","M","T","R","$","M","R","M","E","M","R","B"],"character_chosen":"THE_SILENT","items_purchased":["Bane"],"campfire_rested":0,"item_purchase_floors":[4],"current_hp_per_floor":[77,77,75,70,53,50,50,60,55,47,47,47,47,47,47,0,0],"gold":88,"neow_bonus":"TEN_PERCENT_HP_BONUS","is_daily":false,"chose_seed":false,"campfire_upgraded":3,"win_rate":0.0,"timestamp":1610048709,"path_taken":["M","M","M","$","M","M","T","R","$","M","R","M","E","M","R","BOSS"],"items_purchased_type":["Card"],"build_version":"2020-12-22","purchased_purges":0,"victory":false,"max_hp_per_floor":[77,77,77,77,77,77,77,87,87,87,87,87,87,87,87,87,87],"card_choices":[{"not_picked":["Bane","Backflip"],"picked":"Bouncing Flask","floor":1},{"not_picked":["Outmaneuver","Blur"],"picked":"Prepared","floor":2},{"not_picked":["Acrobatics","Noxious Fumes"],"picked":"Backstab","floor":3},{"not_picked":["Flying Knee","Blur"],"picked":"Distraction","floor":4},{"not_picked":["Predator","Slice"],"picked":"Acrobatics","floor":5},{"not_picked":["Slice","Dagger Spray"],"picked":"Poisoned Stab","floor":6},{"not_picked":["Unload","Riddle With Holes"],"picked":"Reflex","floor":9},{"not_picked":["Infinite Blades","Quick Slash","Prepared"],"picked":"SKIP","floor":10},{"not_picked":["Finisher","Riddle With Holes","Cloak And Dagger"],"picked":"SKIP","floor":12},{"not_picked":["Underhanded Strike","Doppelganger"],"picked":"Adrenaline","floor":13},{"not_picked":["Tactician","Dodge and Roll"],"picked":"Deflect","floor":14}],"player_experience":117475,"relics_obtained":[{"floor":13,"key":"PreservedInsect"}],"event_choices":[],"is_beta":false,"boss_relics":[],"items_purged_floors":[],"is_endless":false,"potions_floor_spawned":[1,3,10,12,13],"killed_by":"downfall:Defect","ascension_level":0}}