{"host":"exyz3r55z4kt6m9o","time":1610024080,"event":{"mods":["2.2 Compatiblity","AchievementEnabler","Aspiration","BaseMod","Better Altar","Better Match","Better Note","Better Sensory Stone","Better Skull","Better Third Choice","BetterRewards","Colored Powertips","Energized Spire","Friendly Minions","GifTheSpireLib","Infinite Spire","Ironclad Rager","Jorbs\u0027s Wanderer Trilogy","Luminous","Marisa????????","Minty Spire (QoL Compilation)","Permanent Neow","Rare Cards Sparkle","Reimu??????","Relic Filter","Replay The Spire","Spicy Shops","StSLib","The Bladedancer","The Blue Laboratory","The Gatherer","The Hayseed","The Mystic","The Runesmith","Wandering Minibosses","yUi"],"gold_per_floor":[119,44,235,247,262,262,291,291,291,321,41,116,126,139,139,242,242,260,260,275,285,285,348,348,348,348,348,382,417,463,538,538,695,695,746,766,766],"floor_reached":36,"playtime":1689,"items_purged":["Runesmith:Defend_RS","Runesmith:Defend_RS","Runesmith:Strike_RS","Runesmith:Defend_RS"],"score":512,"play_id":"46cc2af5-e5bb-44dd-8600-27d985a40ed0","local_time":"20210107075440","is_ascension_mode":true,"campfire_choices":[{"data":"Runesmith:Grindstone","floor":6,"key":"SMITH"},{"data":"Runesmith:Grindstone","floor":8,"key":"SMITH"},{"data":"Runesmith:LithiumIon","floor":15,"key":"SMITH"},{"floor":27,"key":"REST"},{"data":"Runesmith:LithiumIon","floor":32,"key":"SMITH"}],"circlet_count":0,"master_deck":["Runesmith:Strike_RS","Runesmith:Strike_RS","Runesmith:Strike_RS","Runesmith:CraftFirestone","Runesmith:Fortify","Runesmith:Grindstone+1","Runesmith:Grindstone+1","Runesmith:ChiselStab","Runesmith:RuneHurl","Runesmith:EarthShield+1","Runesmith:LithiumIon+1","Runesmith:LithiumIon+1","Runesmith:CreatorForm","Runesmith:CraftMagma+1","Runesmith:CraftMagma+1","Runesmith:ArcReactor","Runesmith:LithiumIon+1","Runesmith:MetallurgicalResearch"],"relics":["Runesmith:BrokenRuby","aspiration:Nostalgia","Sizzling Blood","ReplayTheSpireMod:Shallot","infinitespire:Broken Mirror","aspiration:TomeofQuesting","Philosopher\u0027s Stone","Replay:Bandana","Regal Pillow","Calipers","aspiration:RandomNobGenerator"],"acts_visited":["Exordium","TheCity","TheBeyond"],"potions_floor_usage":[4,7,14,16,23,33,33],"damage_taken":[{"damage":0,"enemies":"Jaw Worm","floor":1,"turns":4},{"damage":0,"enemies":"Cultist","floor":4,"turns":4},{"damage":4,"enemies":"Small Slimes","floor":5,"turns":4},{"damage":16,"enemies":"Gremlin Nob","floor":7,"turns":5},{"damage":5,"enemies":"Replay:BlueRogue","floor":10,"turns":7},{"damage":0,"enemies":"2 Fungi Beasts","floor":13,"turns":4},{"damage":0,"enemies":"3 Louse","floor":14,"turns":5},{"damage":24,"enemies":"Slime Boss","floor":16,"turns":7},{"damage":19,"enemies":"Spheric Guardian","floor":18,"turns":5},{"damage":0,"enemies":"Shell Parasite","floor":20,"turns":3},{"damage":0,"enemies":"Centurion and Healer","floor":21,"turns":5},{"damage":14,"enemies":"Nightmare","floor":23,"turns":6},{"damage":3,"enemies":"Snake Plant","floor":28,"turns":3},{"damage":0,"enemies":"Sentry and Sphere","floor":29,"turns":3},{"damage":13,"enemies":"3 Cultists","floor":30,"turns":4},{"damage":22,"enemies":"Gremlin Leader","floor":31,"turns":6},{"damage":0,"enemies":"Champ","floor":33,"turns":9},{"damage":10,"enemies":"3 Darklings","floor":35,"turns":5},{"damage":98,"enemies":"Orb Walker","floor":36,"turns":4}],"seed_played":"-6070266314176240795","potions_obtained":[{"floor":4,"key":"Fruit Juice"},{"floor":5,"key":"SpeedPotion"},{"floor":7,"key":"LiquidMemories"},{"floor":13,"key":"LiquidMemories"},{"floor":18,"key":"blueLaboratory:BubblePotion"},{"floor":20,"key":"ZuzhouPotion:ReiMu"},{"floor":21,"key":"blueLaboratory:PyrophylliteBrew"},{"floor":28,"key":"blueLaboratory:FrostheartPotion"},{"floor":31,"key":"blueLaboratory:StoneskinPotion"}],"is_trial":false,"path_per_floor":["M","$","?","M","M","R","E","R","T","E","$","?","M","M","R","B",null,"M","AVR","M","M","?","NM","?","?","T","R","M","M","M","E","R","B",null,"M","M"],"character_chosen":"RUNESMITH_CLASS","items_purchased":["Runesmith:LithiumIon+1"],"campfire_rested":1,"item_purchase_floors":[11],"current_hp_per_floor":[74,74,45,54,54,54,42,42,42,41,41,34,38,42,42,22,79,64,64,68,72,42,32,32,32,32,70,71,75,66,48,48,52,79,73,0,0],"gold":766,"neow_bonus":"NOSTALGIA","is_daily":false,"chose_seed":false,"campfire_upgraded":4,"win_rate":0.0,"timestamp":1610024080,"path_taken":["M","$","?","M","?","R","E","R","T","E","$","?","M","?","R","BOSS","M","AVR","M","M","?","NM","?","?","T","R","M","M","M","E","R","BOSS","M","M"],"items_purchased_type":["Card"],"build_version":"2020-12-22","purchased_purges":4,"victory":false,"max_hp_per_floor":[74,74,74,79,79,79,79,79,79,79,79,79,79,79,79,79,79,79,79,79,79,79,79,79,79,79,79,79,79,79,79,79,79,79,79,79,79],"card_choices":[{"not_picked":["Runesmith:HeatedChisel","Runesmith:RunicBlueprint"],"picked":"Runesmith:Grindstone","floor":1},{"not_picked":["Runesmith:ChargedHammer","Runesmith:StaticCage"],"picked":"Runesmith:Grindstone","floor":3},{"not_picked":["Runesmith:Reinforce","Runesmith:Repurpose"],"picked":"Runesmith:ChiselStab","floor":4},{"not_picked":["Runesmith:HeatedChisel","Runesmith:HeatExchange"],"picked":"Runesmith:RuneHurl","floor":5},{"not_picked":["Runesmith:HeatExchange","Runesmith:DoubleUp"],"picked":"Runesmith:EarthShield","floor":7},{"not_picked":["Runesmith:UnlimitedPower","Runesmith:PerfectChisel","Runesmith:EarthShield"],"picked":"SKIP","floor":10},{"not_picked":["Runesmith:CraftProtectio","Runesmith:Repurpose"],"picked":"Runesmith:LithiumIon","floor":13},{"not_picked":["Runesmith:Empowerment","Runesmith:FrozenChisel","Runesmith:EarthShield"],"picked":"SKIP","floor":14},{"not_picked":["Runesmith:GenerateForcefield","Runesmith:LastStand"],"picked":"Runesmith:CreatorForm","floor":16},{"not_picked":["Runesmith:LithiumIon","Runesmith:Overpower"],"picked":"Runesmith:CraftMagma+1","floor":18},{"not_picked":["Runesmith:Refine+1","Runesmith:ChiselStab"],"picked":"Runesmith:CraftMagma","floor":20},{"not_picked":["Runesmith:Firewall","Runesmith:EarthShield","Runesmith:MakeshiftArmor"],"picked":"SKIP","floor":21},{"not_picked":["Runesmith:Firewall","Runesmith:Overpower+1","Runesmith:Repurpose"],"picked":"SKIP","floor":23},{"not_picked":["Runesmith:FieryHammer","Runesmith:EnergizedChisel","Runesmith:StaticCage"],"picked":"SKIP","floor":28},{"not_picked":["Runesmith:Overpower+1","Runesmith:ChiselStab+1","Runesmith:CraftReservo"],"picked":"SKIP","floor":29},{"not_picked":["Runesmith:HammerTime+1","Runesmith:Permafrost"],"picked":"Runesmith:ArcReactor","floor":30},{"not_picked":["Runesmith:Attraction","Runesmith:EnergizedChisel"],"picked":"Runesmith:LithiumIon","floor":31},{"not_picked":["Runesmith:LightningRod","Runesmith:FissionHammer"],"picked":"Runesmith:MetallurgicalResearch","floor":33},{"not_picked":["Runesmith:StaticCage","Runesmith:HammerThrow+1","Runesmith:Grindstone+1"],"picked":"SKIP","floor":35}],"player_experience":681261,"relics_obtained":[{"floor":7,"key":"ReplayTheSpireMod:Shallot"},{"floor":9,"key":"infinitespire:Broken Mirror"},{"floor":10,"key":"aspiration:TomeofQuesting"},{"floor":23,"key":"Regal Pillow"},{"floor":31,"key":"Calipers"}],"event_choices":[{"damage_healed":0,"gold_gain":75,"player_choice":"Touch","damage_taken":7,"max_hp_gain":0,"max_hp_loss":0,"event_name":"FaceTrader","floor":12,"gold_loss":0},{"damage_healed":0,"gold_gain":0,"player_choice":"RE UP ","damage_taken":34,"relics_obtained":["Replay:Bandana"],"max_hp_gain":0,"max_hp_loss":0,"event_name":"betterSkull:BetterSkull","floor":22,"gold_loss":0,"cards_upgraded":["Runesmith:EarthShield"]},{"damage_healed":0,"gold_gain":0,"player_choice":"Upgraded","damage_taken":0,"max_hp_gain":0,"max_hp_loss":0,"event_name":"Upgrade Shrine","floor":24,"gold_loss":0,"cards_upgraded":["Runesmith:CraftMagma"]},{"cards_removed":["Runesmith:Defend_RS"],"damage_healed":0,"gold_gain":0,"player_choice":"Purged","damage_taken":0,"max_hp_gain":0,"max_hp_loss":0,"event_name":"Purifier","floor":25,"gold_loss":0}],"is_beta":false,"boss_relics":[{"not_picked":["Replay:Ancient Bell","Runic Dome"],"picked":"Philosopher\u0027s Stone"},{"not_picked":["Busted Crown","ReplayTheSpireMod:DimensionalGlitch"],"picked":"aspiration:RandomNobGenerator"}],"items_purged_floors":[2,11,11,19],"is_endless":true,"potions_floor_spawned":[4,5,7,13,18,20,21,28,31],"killed_by":"Orb Walker","ascension_level":1}}