{"host":"ig7tc0uedzltt2sr","time":1610057628,"event":{"mods":["BaseMod","Better Twitch Integration","Block Reminder","Colored Map","Colored Powertips","Communication Mod","Current Relic Mod","GifTheSpireLib","HexUI Lib","Minty Spire (QoL Compilation)","Quick Restart","Random Character Button","Rare Cards Sparkle","Relic Sorter","Relic Stats","Slay the Relics Exporter","StSLib","SuperFastMode","Synergy Search","Twitch Decklist","Twitch Utils","everything is the same but u backflip on backflip","slay the spire mod where everything is the same but ironclad has a cowboy hat"],"gold_per_floor":[112,128,142,12,12,12,12],"floor_reached":6,"playtime":57,"items_purged":[],"score":36,"play_id":"6b6ce14e-c157-467b-8e51-dffb8602da5b","local_time":"20210107141348","is_ascension_mode":false,"campfire_choices":[],"circlet_count":0,"master_deck":["Strike_R","Strike_R","Strike_R","Strike_R","Strike_R","Defend_R","Defend_R","Defend_R","Defend_R","Bash","Entrench","Seeing Red","Shrug It Off","Deep Breath"],"relics":["Burning Blood","Anchor"],"acts_visited":["Exordium"],"potions_floor_usage":[],"damage_taken":[{"damage":24,"enemies":"Jaw Worm","floor":1,"turns":8},{"damage":13,"enemies":"2 Louse","floor":2,"turns":6},{"damage":5,"enemies":"Small Slimes","floor":3,"turns":6},{"damage":68,"enemies":"Gremlin Nob","floor":6,"turns":5}],"seed_played":"8440738478632030581","potions_obtained":[{"floor":3,"key":"Ancient Potion"}],"is_trial":false,"path_per_floor":["M","M","M","$","?","E"],"character_chosen":"IRONCLAD","items_purchased":["Deep Breath","SteroidPotion"],"campfire_rested":0,"item_purchase_floors":[4,4],"current_hp_per_floor":[70,63,64,64,61,0,0],"gold":12,"neow_bonus":"TEN_PERCENT_HP_BONUS","is_daily":false,"chose_seed":false,"campfire_upgraded":0,"win_rate":0.0,"timestamp":1610057628,"path_taken":["M","M","M","$","?","E"],"items_purchased_type":["Card","Potion"],"build_version":"2020-12-22","purchased_purges":0,"victory":false,"max_hp_per_floor":[88,88,88,88,88,88,88],"relic_stats":{"counters":[4,25],"obtain_stats":[{"Anchor":5,"Burning Blood":0},{"Anchor":3,"Burning Blood":0},{"Anchor":20,"Burning Blood":0}],"Burning Blood":18},"card_choices":[{"not_picked":["Clothesline","Sentinel"],"picked":"Entrench","floor":1},{"not_picked":["Feel No Pain","Cleave"],"picked":"Seeing Red","floor":2},{"not_picked":["Perfected Strike","Cleave"],"picked":"Shrug It Off","floor":3}],"player_experience":1457435,"relics_obtained":[],"event_choices":[{"damage_healed":0,"gold_gain":0,"player_choice":"Success","damage_taken":3,"relics_obtained":["Anchor"],"max_hp_gain":0,"max_hp_loss":0,"event_name":"Scrap Ooze","floor":5,"gold_loss":0}],"is_beta":false,"boss_relics":[],"items_purged_floors":[],"is_endless":false,"potions_floor_spawned":[3],"killed_by":"Gremlin Nob","ascension_level":0}}