{"host":"oqhjdqr9xcmboomw","time":1610039872,"event":{"mods":["2.2 Compatiblity","AchievementEnabler","Act Like it!","Aspiration","BaseMod","Beaked The Cultist","Better Third Choice","Conjunction","Conspire","Disable Question Mark Monsters","Downfall","Elementarium","Energized Spire","GifTheSpireLib","Halation","Hallownest","Hermit","Hubris","Infinite Spire","Jorbs\u0027s Wanderer Trilogy","Mimic Mod","Minty Spire (QoL Compilation)","Random Character Button","Rare Cards Sparkle","Replay The Spire","Spicy Shops","Spikes Relics","StSLib","Stuff the Spire","The Blackbeard","The Blue Laboratory","The Cursed","The Disciple","The Gatherer","The Hierophant","The Judge","The Mystic","The Saiyan","The Wild Card","Unceasing Turn Reminder","Wandering Minibosses","vexMod"],"gold_per_floor":[99,99,99,99,99,99,125,125,155,64,64,80,110,130,147,147,147],"floor_reached":16,"playtime":558,"items_purged":["hermit:Defend_Hermit"],"score":139,"play_id":"10ec1f0a-f26b-4d4a-b76e-38a500660b46","local_time":"20210107121752","is_ascension_mode":true,"campfire_choices":[{"data":"hermit:Snapshot","floor":1,"key":"SMITH"},{"data":"hermit:Vantage","floor":8,"key":"SMITH"}],"circlet_count":0,"master_deck":["hermit:Strike_Hermit","hermit:Strike_Hermit","hermit:Strike_Hermit","hermit:Strike_Hermit","hermit:Defend_Hermit","hermit:Defend_Hermit","hermit:Defend_Hermit","hermit:Snapshot+1","hermit:Covet","hermit:BigShot","hermit:Vantage+1","hermit:FlashPowder","hermit:Dive","ReplayTheSpireMod:Restless Dread","hermit:ShadowCloak","hermit:Grudge"],"relics":["hermit:Momento","downfall:HeartsMalice","halation:EternalFortune","downfall:BrokenWingStatue","Lantern","StuffTheSpire:DarkSteelAnvil","ReplayTheSpireMod:CursedCoin","vexMod:BarristanHead"],"acts_visited":["Exordium"],"potions_floor_usage":[16],"damage_taken":[{"damage":0,"enemies":"Small Slimes","floor":2,"turns":1},{"damage":0,"enemies":"2 Louse","floor":4,"turns":1},{"damage":0,"enemies":"Replay:BlueRogue","floor":9,"turns":1},{"damage":0,"enemies":"downfall:FleeingMerchant","floor":10,"turns":4},{"damage":0,"enemies":"Jaw Worm","floor":12,"turns":2},{"damage":2,"enemies":"Large Slime","floor":14,"turns":6},{"damage":0,"enemies":"3 Louse","floor":15,"turns":3},{"damage":79,"enemies":"downfall:Defect","floor":16,"turns":8}],"seed_played":"1253350176040108746","potions_obtained":[{"floor":9,"key":"blueLaboratory:HorrorPotion"},{"floor":12,"key":"blueLaboratory:PolymorphPotion"}],"is_trial":false,"path_per_floor":["R","M","?","M","?","?","T","R","E","$","?","M","?","M","M","B"],"character_chosen":"HERMIT","items_purchased":["ReplayTheSpireMod:CursedCoin","hermit:ShadowCloak","hermit:Grudge"],"campfire_rested":0,"item_purchase_floors":[10,10,10],"current_hp_per_floor":[75,75,78,78,78,78,78,78,78,78,78,78,78,79,79,0,0],"gold":147,"neow_bonus":"THREE_ENEMY_KILL","is_daily":false,"chose_seed":false,"campfire_upgraded":2,"win_rate":0.0,"timestamp":1610039872,"path_taken":["R","M","?","M","?","?","T","R","E","$","?","M","?","?","M","BOSS"],"items_purchased_type":["Relic","Card","Card"],"build_version":"2020-12-22","purchased_purges":1,"victory":false,"max_hp_per_floor":[75,75,78,78,78,78,78,78,78,78,78,78,78,81,81,81,81],"card_choices":[{"not_picked":["hermit:Cheat","hermit:Feint"],"picked":"hermit:BigShot","floor":2},{"not_picked":["hermit:SprayPray","hermit:WideOpen"],"picked":"hermit:Vantage","floor":4},{"not_picked":["hermit:Malice","hermit:Snipe"],"picked":"hermit:FlashPowder","floor":9},{"not_picked":["hermit:Roulette","hermit:Glare"],"picked":"hermit:Dive","floor":10},{"not_picked":["hermit:CalledShot","hermit:Coalescence","hermit:HoleUp"],"picked":"SKIP","floor":12},{"not_picked":["hermit:Coalescence","hermit:Feint","hermit:Cheat"],"picked":"SKIP","floor":14},{"not_picked":["hermit:Cheat","hermit:ShadowCloak","hermit:Vantage"],"picked":"SKIP","floor":15}],"player_experience":1078680,"relics_obtained":[{"floor":7,"key":"Lantern"},{"floor":9,"key":"StuffTheSpire:DarkSteelAnvil"},{"floor":14,"key":"halation:EternalFortune"}],"event_choices":[{"damage_healed":0,"gold_gain":0,"player_choice":"Leave","damage_taken":0,"max_hp_gain":0,"max_hp_loss":0,"event_name":"conspire:Investor","floor":6,"gold_loss":0}],"is_beta":false,"boss_relics":[],"items_purged_floors":[10],"is_endless":false,"potions_floor_spawned":[9,12],"killed_by":"downfall:Defect","ascension_level":3}}