{"host":"mruvby243fwgm3bp","time":1610048245,"event":{"mods":["AchievementEnabler","BaseMod","Colored Map","Colored Powertips","Minty Spire (QoL Compilation)","Permanent Neow","Random Character Button","StSLib"],"gold_per_floor":[11,11,27,45,45,45,81,81,81,117,67,67,88,13,13,144,144,162,18,18,18,30,30,42,42,92,124,136,136,148,73,73,174,174,185,185,87,0,16,16,16,16,16,47,47,47,65,80,80,80],"floor_reached":51,"playtime":2985,"items_purged":["Strike_G"],"score":929,"play_id":"c9304431-c05d-4ba6-9269-7f85dc33b25a","local_time":"20210107113725","is_ascension_mode":true,"campfire_choices":[{"data":"Apotheosis","floor":6,"key":"SMITH"},{"data":"Backflip","floor":8,"key":"SMITH"},{"data":"Survivor","floor":15,"key":"SMITH"},{"data":"Corpse Explosion","floor":23,"key":"SMITH"},{"data":"Footwork","floor":29,"key":"SMITH"},{"data":"Catalyst","floor":32,"key":"SMITH"},{"data":"Madness","floor":40,"key":"SMITH"},{"data":"Envenom","floor":42,"key":"SMITH"},{"data":"PiercingWail","floor":46,"key":"SMITH"},{"data":"Catalyst","floor":49,"key":"SMITH"}],"circlet_count":0,"master_deck":["Defend_G","Defend_G","Defend_G","Survivor+1","Neutralize","Apotheosis+1","PiercingWail+1","Catalyst+1","Backflip+1","Die Die Die","Corpse Explosion+1","Footwork+1","Poisoned Stab","PiercingWail","Flying Knee","PiercingWail","Envenom+1","Madness+1","Catalyst+1","Backflip+1","PiercingWail+1"],"relics":["Ring of the Snake","Bloody Idol","Dead Branch","Calipers","Eternal Feather","Coffee Dripper","Blood Vial","StrikeDummy","Runic Pyramid","Red Mask","Mercury Hourglass","Darkstone Periapt"],"acts_visited":["Exordium","TheCity","TheBeyond"],"potions_floor_usage":[16,30,50],"damage_taken":[{"damage":0,"enemies":"Jaw Worm","floor":1,"turns":5},{"damage":0,"enemies":"Small Slimes","floor":3,"turns":3},{"damage":0,"enemies":"2 Louse","floor":4,"turns":5},{"damage":21,"enemies":"Gremlin Nob","floor":7,"turns":5},{"damage":17,"enemies":"Lagavulin","floor":10,"turns":9},{"damage":0,"enemies":"2 Fungi Beasts","floor":13,"turns":2},{"damage":17,"enemies":"Slime Boss","floor":16,"turns":12},{"damage":19,"enemies":"2 Thieves","floor":18,"turns":2},{"damage":0,"enemies":"Spheric Guardian","floor":22,"turns":5},{"damage":12,"enemies":"3 Cultists","floor":24,"turns":5},{"damage":16,"enemies":"Gremlin Leader","floor":27,"turns":12},{"damage":7,"enemies":"Centurion and Healer","floor":28,"turns":5},{"damage":12,"enemies":"Shelled Parasite and Fungi","floor":30,"turns":5},{"damage":27,"enemies":"Collector","floor":33,"turns":10},{"damage":0,"enemies":"Orb Walker","floor":35,"turns":4},{"damage":15,"enemies":"3 Darklings","floor":39,"turns":3},{"damage":4,"enemies":"Nemesis","floor":44,"turns":5},{"damage":4,"enemies":"4 Shapes","floor":47,"turns":2},{"damage":9,"enemies":"Spire Growth","floor":48,"turns":5},{"damage":36,"enemies":"Awakened One","floor":50,"turns":12}],"seed_played":"-8301907774284667848","potions_obtained":[{"floor":3,"key":"DuplicationPotion"},{"floor":10,"key":"BlessingOfTheForge"},{"floor":13,"key":"Strength Potion"},{"floor":24,"key":"Weak Potion"},{"floor":28,"key":"FairyPotion"},{"floor":44,"key":"DuplicationPotion"}],"is_trial":false,"path_per_floor":["M","?","M","M","?","R","E","R","T","E","?","$","M","$","R","B",null,"M","$","?","?","M","R","M","?","T","E","M","R","M","?","R","B",null,"M","?","$","?","M","R","$","R","T","E","?","R","M","M","R","B",null],"character_chosen":"THE_SILENT","items_purchased":["Footwork","Poisoned Stab","PiercingWail","Madness"],"campfire_rested":0,"item_purchase_floors":[19,19,19,37],"current_hp_per_floor":[63,63,63,63,68,68,47,47,47,30,30,30,30,30,39,22,58,39,39,39,39,44,53,46,46,51,42,42,51,46,46,55,35,61,68,68,68,68,60,70,70,70,70,70,70,70,70,66,70,34],"gold":80,"neow_bonus":"RANDOM_COLORLESS_2","is_daily":false,"chose_seed":false,"campfire_upgraded":10,"win_rate":0.0,"timestamp":1610048245,"path_taken":["M","?","M","M","?","R","E","R","T","E","?","?","M","$","R","BOSS","M","$","?","?","M","R","M","?","T","E","?","R","M","?","R","BOSS","M","?","?","?","M","R","$","R","T","E","?","R","M","?","R","BOSS"],"items_purchased_type":["Card","Card","Card","Card"],"build_version":"2020-12-22","purchased_purges":1,"victory":true,"max_hp_per_floor":[70,65,65,65,70,70,70,70,70,70,70,70,70,70,70,70,70,70,70,70,70,70,70,70,70,70,70,70,70,70,70,70,70,70,70,70,70,70,70,70,70,70,70,70,70,70,70,70,70,70],"card_choices":[{"not_picked":["Secret Weapon","Mayhem"],"picked":"Apotheosis","floor":0},{"not_picked":["Underhanded Strike","Deflect"],"picked":"PiercingWail","floor":1},{"not_picked":["Dagger Throw","Blur"],"picked":"Catalyst","floor":3},{"not_picked":["Cloak And Dagger","Setup","Prepared"],"picked":"SKIP","floor":4},{"not_picked":["Deflect","Expertise"],"picked":"Backflip","floor":7},{"not_picked":["Terror","Flying Knee"],"picked":"Die Die Die","floor":10},{"not_picked":["Choke","Escape Plan","Quick Slash"],"picked":"SKIP","floor":13},{"not_picked":["A Thousand Cuts","Die Die Die"],"picked":"Corpse Explosion","floor":16},{"not_picked":["Backflip","Prepared","Blade Dance+1"],"picked":"SKIP","floor":18},{"not_picked":["Dagger Spray","Backflip","Acrobatics"],"picked":"SKIP","floor":22},{"not_picked":["Backflip","Acrobatics","Blur"],"picked":"SKIP","floor":24},{"not_picked":["Prepared","Blade Dance"],"picked":"PiercingWail","floor":27},{"not_picked":["Phantasmal Killer","Expertise+1","Flying Knee"],"picked":"SKIP","floor":28},{"not_picked":["Sucker Punch+1","Dagger Throw","Riddle With Holes+1"],"picked":"SKIP","floor":30},{"not_picked":["Glass Knife","Wraith Form v2"],"picked":"Envenom","floor":33},{"not_picked":["Slice","Heel Hook+1","Underhanded Strike"],"picked":"SKIP","floor":35},{"not_picked":["Expertise+1","PiercingWail"],"picked":"Catalyst","floor":39},{"not_picked":["Finisher+1","Corpse Explosion"],"picked":"Backflip+1","floor":44},{"not_picked":["Acrobatics","Quick Slash+1","Flechettes+1"],"picked":"SKIP","floor":47},{"not_picked":["Underhanded Strike+1","Bouncing Flask+1"],"picked":"PiercingWail+1","floor":48}],"player_experience":384044,"relics_obtained":[{"floor":7,"key":"Dead Branch"},{"floor":9,"key":"Calipers"},{"floor":10,"key":"Eternal Feather"},{"floor":26,"key":"Blood Vial"},{"floor":27,"key":"StrikeDummy"},{"floor":43,"key":"Mercury Hourglass"},{"floor":44,"key":"Darkstone Periapt"}],"event_choices":[{"damage_healed":0,"gold_gain":0,"player_choice":"Lose Max HP","damage_taken":0,"relics_obtained":["Golden Idol"],"max_hp_gain":0,"max_hp_loss":5,"event_name":"Golden Idol","floor":2,"gold_loss":0},{"damage_healed":0,"gold_gain":0,"player_choice":"Donut","damage_taken":0,"max_hp_gain":5,"max_hp_loss":0,"event_name":"Big Fish","floor":5,"gold_loss":0},{"cards_removed":["Strike_G"],"damage_healed":0,"gold_gain":0,"player_choice":"Card Removal","damage_taken":0,"max_hp_gain":0,"max_hp_loss":0,"event_name":"The Cleric","floor":11,"gold_loss":50},{"damage_healed":0,"gold_gain":0,"player_choice":"Gave Idol","damage_taken":0,"relics_obtained":["Bloody Idol"],"max_hp_gain":0,"max_hp_loss":0,"event_name":"Forgotten Altar","floor":20,"relics_lost":["Golden Idol"],"gold_loss":0},{"damage_healed":0,"gold_gain":0,"cards_transformed":["Strike_G","Strike_G"],"player_choice":"Became Test Subject","damage_taken":0,"max_hp_gain":0,"max_hp_loss":0,"event_name":"Drug Dealer","floor":21,"gold_loss":0,"cards_obtained":["Expertise","Flying Knee"]},{"cards_removed":["Strike_G"],"damage_healed":0,"gold_gain":0,"player_choice":"Purged","damage_taken":0,"max_hp_gain":0,"max_hp_loss":0,"event_name":"Purifier","floor":25,"gold_loss":0},{"cards_removed":["Defend_G"],"damage_healed":0,"gold_gain":0,"player_choice":"Gave Gold","damage_taken":0,"max_hp_gain":0,"max_hp_loss":0,"event_name":"Beggar","floor":31,"gold_loss":75},{"cards_removed":["Expertise"],"damage_healed":0,"gold_gain":0,"player_choice":"Purged","damage_taken":0,"max_hp_gain":0,"max_hp_loss":0,"event_name":"Purifier","floor":36,"gold_loss":0},{"damage_healed":0,"gold_gain":0,"player_choice":"Paid","damage_taken":0,"relics_obtained":["Red Mask"],"max_hp_gain":0,"max_hp_loss":0,"event_name":"Tomb of Lord Red Mask","floor":38,"gold_loss":87},{"cards_removed":["Defend_G"],"damage_healed":0,"gold_gain":0,"player_choice":"Removed Skill","damage_taken":0,"max_hp_gain":0,"max_hp_loss":0,"event_name":"Falling","floor":45,"gold_loss":0}],"is_beta":false,"boss_relics":[{"not_picked":["Snecko Eye","Fusion Hammer"],"picked":"Coffee Dripper"},{"not_picked":["Cursed Key","Velvet Choker"],"picked":"Runic Pyramid"}],"items_purged_floors":[14],"is_endless":false,"potions_floor_spawned":[3,10,13,24,28,44,47],"ascension_level":6}}