{"host":"sav7uxregyirlf69","time":1610028280,"event":{"mods":["AchievementEnabler","BaseMod","Colored Map","DeckTracker","Keyboard Shortcuts","Minty Spire (QoL Compilation)","READ ME - Guardian Mod","StSLib","SuperFastMode"],"gold_per_floor":[219,144,154,174,99,113,113,125,125,125,137,137,155,169,169,248,248,259,85,103,121,121,121],"floor_reached":22,"playtime":513,"items_purged":["Strike_G","Strike_G"],"score":364,"play_id":"24311a2d-58d4-4ee6-8682-7b8860a2f18e","local_time":"20210107230440","is_ascension_mode":true,"campfire_choices":[{"data":"Neutralize","floor":7,"key":"SMITH"},{"floor":10,"key":"REST"},{"data":"Blade Dance","floor":12,"key":"SMITH"},{"data":"Footwork","floor":15,"key":"SMITH"}],"circlet_count":0,"master_deck":["AscendersBane","Strike_G","Strike_G","Defend_G","Defend_G","Defend_G","Defend_G","Defend_G","Survivor","Neutralize+1","Dagger Throw","Underhanded Strike","Footwork+1","Blade Dance+1","Backflip","Poisoned Stab","Envenom","Eviscerate","Dagger Throw","Backflip+1"],"relics":["Ring of the Snake","Question Card","HoveringKite"],"acts_visited":["Exordium","TheCity"],"potions_floor_usage":[16,22],"damage_taken":[{"damage":3,"enemies":"2 Louse","floor":1,"turns":4},{"damage":8,"enemies":"Jaw Worm","floor":3,"turns":5},{"damage":0,"enemies":"Cultist","floor":4,"turns":4},{"damage":6,"enemies":"2 Fungi Beasts","floor":6,"turns":4},{"damage":19,"enemies":"Exordium Thugs","floor":8,"turns":6},{"damage":3,"enemies":"Looter","floor":11,"turns":4},{"damage":6,"enemies":"Exordium Wildlife","floor":13,"turns":3},{"damage":6,"enemies":"Red Slaver","floor":14,"turns":3},{"damage":7,"enemies":"The Guardian","floor":16,"turns":15},{"damage":29,"enemies":"Spheric Guardian","floor":18,"turns":12},{"damage":8,"enemies":"Chosen","floor":20,"turns":5},{"damage":8,"enemies":"Centurion and Healer","floor":21,"turns":8},{"damage":17,"enemies":"Shelled Parasite and Fungi","floor":22,"turns":2}],"seed_played":"-7018407389002396898","potions_obtained":[{"floor":1,"key":"Weak Potion"},{"floor":3,"key":"PowerPotion"}],"is_trial":false,"path_per_floor":["M","$","M","M","?","M","R","M","T","R","M","R","M","M","R","B",null,"M","$","M","M","M"],"character_chosen":"THE_SILENT","items_purchased":["Eviscerate"],"campfire_rested":1,"item_purchase_floors":[19],"current_hp_per_floor":[56,56,48,48,48,42,42,23,23,42,39,39,33,27,27,20,55,26,26,18,10,0,0],"gold":121,"neow_bonus":"HUNDRED_GOLD","is_daily":false,"chose_seed":false,"campfire_upgraded":3,"win_rate":0.0,"timestamp":1610028280,"path_taken":["M","$","M","M","?","M","R","M","T","R","M","R","M","M","R","BOSS","M","$","M","M","M"],"items_purchased_type":["Card"],"build_version":"2020-12-22","purchased_purges":2,"victory":false,"max_hp_per_floor":[66,66,66,66,66,66,66,66,66,66,66,66,66,66,66,66,66,66,66,66,66,66,66],"card_choices":[{"not_picked":["Dash","Flechettes"],"picked":"Dagger Throw","floor":1},{"not_picked":["Sucker Punch","Outmaneuver","Flechettes"],"picked":"SKIP","floor":3},{"not_picked":["Bane","PiercingWail","Sucker Punch"],"picked":"SKIP","floor":4},{"not_picked":["Dagger Throw","Blade Dance"],"picked":"Underhanded Strike","floor":6},{"not_picked":["Finisher","Distraction"],"picked":"Footwork","floor":8},{"not_picked":["Bane","Outmaneuver","Prepared"],"picked":"Blade Dance","floor":11},{"not_picked":["PiercingWail","Bane","Dagger Spray"],"picked":"Backflip","floor":13},{"not_picked":["Concentrate","Flying Knee","Backflip"],"picked":"Poisoned Stab","floor":14},{"not_picked":["Bullet Time","Glass Knife","Night Terror"],"picked":"Envenom","floor":16},{"not_picked":["Cloak And Dagger","Outmaneuver","Predator","Dodge and Roll"],"picked":"SKIP","floor":18},{"not_picked":["Sucker Punch","Crippling Poison","Masterful Stab"],"picked":"Dagger Throw","floor":20},{"not_picked":["Dagger Spray","Flechettes","Deflect"],"picked":"Backflip+1","floor":21}],"player_experience":1183668,"relics_obtained":[{"floor":9,"key":"Question Card"}],"event_choices":[{"cards_removed":["Strike_G"],"damage_healed":0,"gold_gain":0,"player_choice":"Card Removal","damage_taken":0,"max_hp_gain":0,"max_hp_loss":0,"event_name":"The Cleric","floor":5,"gold_loss":75}],"is_beta":false,"boss_relics":[{"not_picked":["Calling Bell","Sozu"],"picked":"HoveringKite"}],"items_purged_floors":[2,19],"is_endless":false,"potions_floor_spawned":[1,3,6],"killed_by":"Shelled Parasite and Fungi","ascension_level":20}}