{"host":"66qk2d5itigvi6zt","time":1610042148,"event":{"mods":["Aspiration","BaseMod","Better Third Choice","Conspire","Minty Spire (QoL Compilation)","Replay The Spire","StSLib","The Alterego","Waifu the Spire"],"gold_per_floor":[110,121,137,147,147,158,158,169,192,222,222,234,245,270,270,372,372,390,390,448,75,89,89,121,139,163,163,163,163,188,199,209,224,224,323,323,335,235,278,289,301,333,333,350,350,350,378,19,30,48,48,48],"floor_reached":53,"playtime":5868,"items_purged":["Strike_G","Strike_G","Strike_G"],"score":875,"play_id":"0857d0d2-13b9-4b00-9b6b-e976049e4f57","local_time":"20210107095548","is_ascension_mode":false,"campfire_choices":[{"data":"Prepared","floor":7.0,"key":"SMITH"},{"floor":11.0,"key":"REST"},{"floor":15.0,"key":"REST"},{"data":"Noxious Fumes","floor":23.0,"key":"SMITH"},{"floor":27.0,"key":"REST"},{"data":"Fluid Movement","floor":34.0,"key":"SMITH"},{"data":"Eviscerate","floor":43,"key":"SMITH"},{"data":"ReplayTheSpireMod:Scrap Shanks","floor":46,"key":"SMITH"},{"data":"Injury","floor":51,"key":"PURGE"}],"circlet_count":0,"master_deck":["Strike_G","Defend_G","Defend_G","Defend_G","Defend_G","Survivor","Neutralize","Prepared+1","Fluid Movement+1","Reflex","Eviscerate+1","Deadly Poison+1","Replay:Bag of Tricks+1","Prepared+1","Backflip+1","Poison Darts+1","Corpse Explosion+1","Backflip+1","conspire:PoisonWeapons+1","Outmaneuver+1","Bouncing Flask+1","Noxious Fumes+1","Dodge and Roll+1","Blur+1","Poisoned Stab+1","Deadly Poison+1","Backflip+1","Acrobatics+1","Bullet Time+1","ReplayTheSpireMod:Scrap Shanks+1","Footwork","Footwork+1","ReplayTheSpireMod:Necrosis+1","Hidden Blade+1","Poisoned Stab+1","Tactician+1","Prepared+1","Panache","conspire:PoisonWeapons+1","Hidden Blade+1"],"relics":["Ring of the Snake","Toxic Egg 2","Lantern","FossilizedHelix","Bottled Lightning","Sozu","alterego_mod:SomeoneToFightFor","Regal Pillow","Chemical X","Oddly Smooth Stone","Potion Belt","Replay:Bottled Eggs","Honey Jar","HornCleat","Paper Crane","StoneCalendar","Replay:Multitool"],"acts_visited":["Exordium","TheCity","TheBeyond"],"potions_floor_usage":[],"damage_taken":[{"damage":0.0,"enemies":"Small Slimes","floor":1.0,"turns":4.0},{"damage":0.0,"enemies":"conspire:RoseBush","floor":2.0,"turns":4.0},{"damage":0.0,"enemies":"2 Louse","floor":3.0,"turns":2.0},{"damage":2.0,"enemies":"Blue Slaver","floor":4.0,"turns":6.0},{"damage":9.0,"enemies":"Lots of Slimes","floor":6.0,"turns":8.0},{"damage":3.0,"enemies":"conspire:2 RoseBushes","floor":8.0,"turns":7.0},{"damage":33.0,"enemies":"3 Sentries","floor":10.0,"turns":9.0},{"damage":6.0,"enemies":"2 Fungi Beasts","floor":12.0,"turns":3.0},{"damage":0.0,"enemies":"Exordium Thugs","floor":13.0,"turns":3.0},{"damage":0.0,"enemies":"Replay:BlueRogue","floor":14.0,"turns":4.0},{"damage":14.0,"enemies":"Hexaghost","floor":16.0,"turns":6.0},{"damage":0.0,"enemies":"Chosen","floor":18.0,"turns":4.0},{"damage":4.0,"enemies":"3 Byrds","floor":22.0,"turns":3.0},{"damage":10.0,"enemies":"conspire:Head Lice","floor":24.0,"turns":3.0},{"damage":0.0,"enemies":"Shelled Parasite and Fungi","floor":25.0,"turns":4.0},{"damage":6.0,"enemies":"Gremlin Leader","floor":30.0,"turns":4.0},{"damage":0.0,"enemies":"Centurion and Healer","floor":31.0,"turns":4.0},{"damage":0.0,"enemies":"Chosen and Byrds","floor":32.0,"turns":4.0},{"damage":0.0,"enemies":"3 Cultists","floor":33.0,"turns":2.0},{"damage":3.0,"enemies":"Collector","floor":35.0,"turns":5.0},{"damage":0.0,"enemies":"3 Shapes","floor":37.0,"turns":3.0},{"damage":5.0,"enemies":"conspire:MimicChest","floor":39.0,"turns":6.0},{"damage":0.0,"enemies":"3 Darklings","floor":40.0,"turns":2.0},{"damage":0.0,"enemies":"Maw","floor":41.0,"turns":5.0},{"damage":0,"enemies":"Giant Head","floor":42,"turns":7},{"damage":0,"enemies":"Jaw Worm Horde","floor":44,"turns":2},{"damage":0,"enemies":"Nemesis","floor":47,"turns":5},{"damage":0,"enemies":"Spire Growth","floor":49,"turns":3},{"damage":0,"enemies":"Sphere and 2 Shapes","floor":50,"turns":4},{"damage":20,"enemies":"conspire:OrnateMirror","floor":52,"turns":6}],"seed_played":"3811763917087019917","potions_obtained":[{"floor":1.0,"key":"Poison Potion"},{"floor":3.0,"key":"GhostInAJar"},{"floor":8.0,"key":"PowerPotion"},{"floor":10.0,"key":"ColorlessPotion"},{"floor":14.0,"key":"Block Potion"},{"floor":16.0,"key":"EntropicBrew"}],"is_trial":false,"path_per_floor":["M","M","M","M","?","M","R","M","T","E","R","M","M","E","R","B",null,"M","?","?","$","M","R","E","M","T","R","PTL","PTL","E","M","M","M","R","B",null,"M","$","?","M","M","E","R","M","T","R","E","$","M","M","R","B",null],"character_chosen":"THE_SILENT","items_purchased":["Bouncing Flask+1","Noxious Fumes","Chemical X","Prepared+1","Panache"],"campfire_rested":3,"item_purchase_floors":[21,21,21,48,48],"current_hp_per_floor":[49,49,49,47,47,38,38,35,35,2,23,17,17,17,38,24,70,70,70,53,53,49,49,39,39,39,70,70,70,64,64,64,70,70,67,70,70,70,65,70,70,70,70,70,70,70,70,70,70,70,70,50],"gold":48,"neow_bonus":"REMOVE_TWO","is_daily":false,"chose_seed":false,"campfire_upgraded":5,"win_rate":0.0,"timestamp":1610042148,"path_taken":["M","M","M","M","?","M","R","M","T","E","R","M","M","E","R","BOSS","M","?","?","$","M","R","E","M","T","R","PTL","PTL","E","M","M","M","R","BOSS","M","?","?","M","M","E","R","M","T","R","E","$","?","?","R","BOSS"],"items_purchased_type":["Card","Card","Relic","Card","Card"],"build_version":"2020-12-22","purchased_purges":3,"victory":true,"max_hp_per_floor":[70,70,70,70,70,70,70,70,70,70,70,70,70,70,70,70,70,70,70,70,70,70,70,70,70,70,70,70,70,70,70,70,70,70,70,70,70,70,70,70,70,70,70,70,70,70,70,70,70,70,70,70],"card_choices":[{"not_picked":["ReplayTheSpireMod:The Works","Deflect","Escape Plan"],"picked":"SKIP","floor":1.0},{"not_picked":["Slice","Sucker Punch"],"picked":"Prepared","floor":2.0},{"not_picked":["Deflect","PiercingWail"],"picked":"Fluid Movement","floor":3.0},{"not_picked":["Slice","Blade Dance"],"picked":"Reflex","floor":4.0},{"not_picked":["PiercingWail+1","Deadly Poison+1"],"picked":"Eviscerate","floor":6.0},{"not_picked":["conspire:PoisonWeapons+1","ReplayTheSpireMod:Exploit Weakness+1"],"picked":"Deadly Poison+1","floor":8.0},{"not_picked":["Skewer","Flying Knee"],"picked":"Replay:Bag of Tricks+1","floor":10.0},{"not_picked":["Riddle With Holes","Poisoned Stab"],"picked":"Prepared+1","floor":12.0},{"not_picked":["Blur+1","Masterful Stab"],"picked":"Backflip+1","floor":13.0},{"not_picked":["Dagger Spray","Replay:Poison Smokescreen+1"],"picked":"Poison Darts+1","floor":14.0},{"not_picked":["Glass Knife","After Image"],"picked":"Corpse Explosion+1","floor":16.0},{"not_picked":["Sucker Punch","Outmaneuver+1"],"picked":"Backflip+1","floor":18.0},{"not_picked":["Sucker Punch","Distraction+1"],"picked":"conspire:PoisonWeapons+1","floor":20.0},{"not_picked":["Blade Dance+1","Poisoned Stab"],"picked":"Outmaneuver+1","floor":20.0},{"not_picked":["All Out Attack","PiercingWail+1"],"picked":"Dodge and Roll+1","floor":22.0},{"not_picked":["Crippling Poison+1","Riddle With Holes"],"picked":"Blur+1","floor":24.0},{"not_picked":["Dagger Throw","PiercingWail+1"],"picked":"Poisoned Stab","floor":25.0},{"not_picked":["ReplayTheSpireMod:From All Sides","Sucker Punch+1","Underhanded Strike"],"picked":"SKIP","floor":30.0},{"not_picked":["Blade Dance+1","Acrobatics+1"],"picked":"Deadly Poison+1","floor":31.0},{"not_picked":["Blade Dance+1","Quick Slash+1"],"picked":"Backflip+1","floor":32.0},{"not_picked":["Blade Dance+1","Infinite Blades"],"picked":"Acrobatics+1","floor":33.0},{"not_picked":["Atom Bomb","Adrenaline+1"],"picked":"Bullet Time+1","floor":35.0},{"not_picked":["Backflip+1","Hidden Blade+1","Acrobatics+1"],"picked":"ReplayTheSpireMod:Scrap Shanks","floor":37.0},{"not_picked":["Sucker Punch","Flying Knee","Terror+1"],"picked":"Footwork","floor":39.0},{"not_picked":["Blade Dance+1","Bouncing Flask+1","Slice"],"picked":"Footwork+1","floor":40.0},{"not_picked":["Acrobatics+1","Eviscerate+1","Backflip+1"],"picked":"ReplayTheSpireMod:Necrosis+1","floor":41},{"not_picked":["Reflex+1","PiercingWail+1","Eviscerate"],"picked":"Hidden Blade+1","floor":42},{"not_picked":["Crippling Poison+1","ReplayTheSpireMod:Speed Training+1","Quick Slash"],"picked":"Poisoned Stab+1","floor":44},{"not_picked":["Sucker Punch","Dodge and Roll+1","Replay:Poison Smokescreen+1"],"picked":"Tactician+1","floor":47},{"not_picked":["Flying Knee+1","Predator+1","Endless Agony+1"],"picked":"conspire:PoisonWeapons+1","floor":49},{"not_picked":["Backstab","Acrobatics+1","Outmaneuver+1"],"picked":"Hidden Blade+1","floor":50}],"player_experience":39952,"relics_obtained":[{"floor":9.0,"key":"Lantern"},{"floor":10.0,"key":"FossilizedHelix"},{"floor":14.0,"key":"Bottled Lightning"},{"floor":20.0,"key":"Regal Pillow"},{"floor":24.0,"key":"Oddly Smooth Stone"},{"floor":26.0,"key":"Potion Belt"},{"floor":30.0,"key":"Replay:Bottled Eggs"},{"floor":39.0,"key":"HornCleat"},{"floor":42,"key":"Paper Crane"},{"floor":45,"key":"StoneCalendar"},{"floor":47,"key":"Replay:Multitool"}],"event_choices":[{"damage_healed":0.0,"max_hp_gain":0.0,"max_hp_loss":0.0,"gold_gain":0.0,"event_name":"Secret Garden","player_choice":"Choice 2","floor":19.0,"gold_loss":0.0,"damage_taken":0.0,"relics_obtained":["alterego_mod:SomeoneToFightFor"]}],"is_beta":false,"boss_relics":[{"not_picked":["ReplayTheSpireMod:DimensionalGlitch","aspiration:FutureDiary"],"picked":"Sozu"},{"not_picked":["aspiration:RunicSpoon","Velvet Choker"],"picked":"Honey Jar"}],"items_purged_floors":[21,38,48],"is_endless":false,"potions_floor_spawned":[1,3,8,10,14,16,24,32,33,37,41,42,47,50],"ascension_level":0}}