{"host":"qdfumeom6htv8yxl","time":1610055342,"event":{"mods":["AchievementEnabler","BaseMod","Bestiary","Block Reminder","Minty Spire (QoL Compilation)","Quick Restart","Relic Stats"],"gold_per_floor":[150,184,13,47,197,197,239,239,264,264,309,309,309,344,344,419,419,438,438,438,91,169,169,36,36,63,113,113,171,241,260,260,333,333,370,592,592,375,425,425,450,450,475,475,516,542,555,599,599,599],"floor_reached":51,"playtime":3168,"items_purged":["Writhe","Doubt","Writhe"],"score":1540,"play_id":"b0cd434b-523e-40da-a7d2-cf5cc2ad6d3d","local_time":"20210107153542","is_ascension_mode":true,"campfire_choices":[{"data":"HandOfGreed","floor":6.0,"key":"SMITH"},{"data":"Glass Knife","floor":10.0,"key":"SMITH"},{"data":"Noxious Fumes","floor":12.0,"key":"SMITH"},{"data":"Neutralize","floor":15.0,"key":"SMITH"},{"data":"Terror","floor":23,"key":"SMITH"},{"data":"Adrenaline","floor":25,"key":"SMITH"},{"data":"Backstab","floor":32,"key":"SMITH"},{"data":"Phantasmal Killer","floor":40,"key":"SMITH"},{"data":"PiercingWail","floor":49,"key":"SMITH"}],"circlet_count":0,"master_deck":["AscendersBane","Strike_G","Strike_G","Strike_G","Defend_G+1","Defend_G","Defend_G","Defend_G","Survivor","Neutralize+1","HandOfGreed+1","Dagger Throw","Glass Knife+1","Noxious Fumes+1","Backflip","Adrenaline+1","Terror+1","Blur","Backstab+1","Footwork+1","Footwork+1","Phantasmal Killer+1","Backflip+1","Deadly Poison+1","PiercingWail+1","Noxious Fumes+1","PiercingWail+1","Impatience+1","Footwork+1","Panache+1","Caltrops+1","Caltrops+1"],"relics":["Ring of the Snake","Membership Card","Akabeko","Bag of Marbles","Centennial Puzzle","SlaversCollar","PreservedInsect","Bronze Scales","Gambling Chip","Red Mask","MealTicket","Boot","Frozen Egg 2","Strawberry","Lantern","Astrolabe","Orichalcum","Bird Faced Urn","Anchor","War Paint","Regal Pillow"],"acts_visited":["Exordium","TheCity","TheBeyond"],"potions_floor_usage":[21,39,50,50],"damage_taken":[{"damage":1.0,"enemies":"2 Louse","floor":1.0,"turns":4.0},{"damage":0.0,"enemies":"Small Slimes","floor":2.0,"turns":2.0},{"damage":2.0,"enemies":"Jaw Worm","floor":4.0,"turns":7.0},{"damage":1.0,"enemies":"Looter","floor":7.0,"turns":3.0},{"damage":4.0,"enemies":"Lots of Slimes","floor":11.0,"turns":3.0},{"damage":19.0,"enemies":"3 Sentries","floor":14.0,"turns":7.0},{"damage":22.0,"enemies":"Hexaghost","floor":16.0,"turns":10.0},{"damage":17.0,"enemies":"Spheric Guardian","floor":18.0,"turns":6.0},{"damage":1,"enemies":"Masked Bandits","floor":22,"turns":3},{"damage":0,"enemies":"Slavers","floor":27,"turns":2},{"damage":0,"enemies":"Gremlin Leader","floor":29,"turns":2},{"damage":3,"enemies":"2 Thieves","floor":30,"turns":3},{"damage":0,"enemies":"Cultist and Chosen","floor":31,"turns":5},{"damage":11,"enemies":"Automaton","floor":33,"turns":11},{"damage":13,"enemies":"3 Darklings","floor":35,"turns":5},{"damage":1,"enemies":"Mind Bloom Boss Battle","floor":39,"turns":8},{"damage":7,"enemies":"Giant Head","floor":41,"turns":5},{"damage":0,"enemies":"3 Shapes","floor":45,"turns":2},{"damage":0,"enemies":"Nemesis","floor":46,"turns":3},{"damage":26,"enemies":"Spire Growth","floor":47,"turns":6},{"damage":0,"enemies":"Sphere and 2 Shapes","floor":48,"turns":2},{"damage":55,"enemies":"Donu and Deca","floor":50,"turns":7}],"seed_played":"8206494087802751812","potions_obtained":[{"floor":2.0,"key":"BlessingOfTheForge"},{"floor":4.0,"key":"Swift Potion"},{"floor":7.0,"key":"SpeedPotion"},{"floor":16.0,"key":"SpeedPotion"},{"floor":27,"key":"Dexterity Potion"},{"floor":31,"key":"SteroidPotion"},{"floor":39,"key":"CunningPotion"},{"floor":44,"key":"LiquidBronze"}],"is_trial":false,"path_per_floor":["M","M","$","M","?","R","M","?","T","R","M","R","?","E","R","B",null,"M","?","?","$","?","R","$","R","T","E","T","E","M","M","R","B",null,"M","?","?","$","?","R","E","?","T","?","M","E","M","M","R","B",null],"character_chosen":"THE_SILENT","items_purchased":["Membership Card","Bronze Scales","Gambling Chip","Fruit Juice","MealTicket","Orichalcum","PiercingWail","Impatience"],"campfire_rested":0,"item_purchase_floors":[3,21,21,21,24,38,38,38],"current_hp_per_floor":[58,58,58,56,56,56,55,44,44,44,40,40,45,26,26,4,50,33,46,46,51,50,50,50,50,50,50,57,57,54,54,54,43,69,56,56,71,77,76,76,70,65,65,65,67,71,55,59,59,20],"gold":599,"neow_bonus":"RANDOM_COLORLESS_2","is_daily":false,"chose_seed":false,"campfire_upgraded":9,"win_rate":0.0,"timestamp":1610055342,"path_taken":["M","M","$","M","?","R","M","?","T","R","M","R","?","E","R","BOSS","M","?","?","$","?","R","$","R","T","E","?","E","?","M","R","BOSS","M","?","?","$","?","R","E","?","T","?","?","E","M","M","R","BOSS"],"items_purchased_type":["Relic","Relic","Relic","Potion","Relic","Relic","Card","Card"],"build_version":"2020-12-22","purchased_purges":3,"victory":true,"max_hp_per_floor":[60,60,60,60,60,60,60,60,60,60,60,60,65,65,65,65,65,65,65,65,70,70,70,70,70,70,70,77,77,77,77,77,77,77,77,77,77,77,77,77,77,77,77,77,77,77,77,77,77,77],"relic_stats":{"Regal Pillow":0,"counters":[22,106],"Astrolabe":["Backflip","Deadly Poison","PiercingWail"],"PreservedInsect":267,"Orichalcum":[24],"War Paint":["Impatience","Defend_G"],"Boot":[3],"Centennial Puzzle":[30],"Bronze Scales":[150],"Gambling Chip":[49],"Bird Faced Urn":[37],"MealTicket":6,"obtain_stats":[{"Lantern":29,"Regal Pillow":46,"Astrolabe":34,"PreservedInsect":20,"Frozen Egg 2":27,"Orichalcum":38,"War Paint":43,"Boot":26,"Akabeko":8,"SlaversCollar":17,"Centennial Puzzle":14,"Anchor":41,"Bronze Scales":21,"Gambling Chip":21,"Strawberry":28,"Bird Faced Urn":39,"MealTicket":24,"Bag of Marbles":9,"Red Mask":22,"Membership Card":3,"Ring of the Snake":0},{"Lantern":11,"Regal Pillow":19,"Astrolabe":14,"PreservedInsect":8,"Frozen Egg 2":10,"Orichalcum":15,"War Paint":17,"Boot":9,"Akabeko":4,"SlaversCollar":7,"Centennial Puzzle":6,"Anchor":17,"Bronze Scales":8,"Gambling Chip":8,"Strawberry":10,"Bird Faced Urn":16,"MealTicket":9,"Bag of Marbles":4,"Red Mask":9,"Membership Card":2,"Ring of the Snake":0},{"Lantern":49,"Regal Pillow":91,"Astrolabe":68,"PreservedInsect":42,"Frozen Egg 2":47,"Orichalcum":73,"War Paint":86,"Boot":45,"Akabeko":16,"SlaversCollar":36,"Centennial Puzzle":26,"Anchor":86,"Bronze Scales":42,"Gambling Chip":42,"Strawberry":47,"Bird Faced Urn":81,"MealTicket":45,"Bag of Marbles":16,"Red Mask":45,"Membership Card":6,"Ring of the Snake":0}],"Ring of the Snake":[44]},"card_choices":[{"not_picked":["Metamorphosis","Violence"],"picked":"HandOfGreed","floor":0.0},{"not_picked":["All Out Attack","Sucker Punch"],"picked":"Dagger Throw","floor":1.0},{"not_picked":["Skewer","Heel Hook","Quick Slash"],"picked":"SKIP","floor":2.0},{"not_picked":["Dash","Poisoned Stab"],"picked":"Glass Knife","floor":4.0},{"not_picked":["Quick Slash","Deflect"],"picked":"Noxious Fumes","floor":7.0},{"not_picked":["Bane","Skewer"],"picked":"Backflip","floor":11.0},{"not_picked":["Masterful Stab","Eviscerate","Underhanded Strike"],"picked":"SKIP","floor":14.0},{"not_picked":["Venomology","Malaise"],"picked":"Adrenaline","floor":16.0},{"not_picked":["Backflip","Dagger Throw"],"picked":"Terror","floor":18.0},{"not_picked":["Riddle With Holes","Deadly Poison"],"picked":"Blur","floor":22},{"not_picked":["Concentrate","Dagger Throw"],"picked":"Backstab","floor":27},{"not_picked":["Bane","Quick Slash"],"picked":"Footwork+1","floor":29},{"not_picked":["Accuracy+1","Deadly Poison","Choke"],"picked":"SKIP","floor":30},{"not_picked":["Setup","Sucker Punch"],"picked":"Footwork+1","floor":31},{"not_picked":["A Thousand Cuts+1","Glass Knife"],"picked":"Phantasmal Killer","floor":33},{"not_picked":["Dagger Throw","Caltrops+1"],"picked":"Noxious Fumes+1","floor":35},{"not_picked":["Deadly Poison","Setup+1"],"picked":"Footwork+1","floor":41},{"not_picked":["Enlightenment","Trip"],"picked":"Panache+1","floor":42},{"not_picked":["Deflect+1","Eviscerate","Bane"],"picked":"SKIP","floor":45},{"not_picked":["Doppelganger","Quick Slash+1"],"picked":"Caltrops+1","floor":46},{"not_picked":["Cloak And Dagger","Deflect","Prepared+1"],"picked":"SKIP","floor":47},{"not_picked":["Underhanded Strike","PiercingWail"],"picked":"Caltrops+1","floor":48}],"player_experience":1727880,"relics_obtained":[{"floor":9.0,"key":"Bag of Marbles"},{"floor":14.0,"key":"Centennial Puzzle"},{"floor":22,"key":"Red Mask"},{"floor":26,"key":"Boot"},{"floor":27,"key":"Frozen Egg 2"},{"floor":28,"key":"Strawberry"},{"floor":29,"key":"Lantern"},{"floor":39,"key":"Bird Faced Urn"},{"floor":41,"key":"Anchor"},{"floor":43,"key":"War Paint"},{"floor":46,"key":"Regal Pillow"}],"event_choices":[{"damage_healed":0.0,"max_hp_gain":0.0,"max_hp_loss":0.0,"gold_gain":150.0,"event_name":"Liars Game","player_choice":"AGREE","floor":5.0,"gold_loss":0.0,"damage_taken":0.0,"cards_obtained":["Doubt"]},{"damage_healed":0.0,"max_hp_gain":0.0,"max_hp_loss":0.0,"gold_gain":0.0,"event_name":"Scrap Ooze","player_choice":"Success","floor":8.0,"gold_loss":0.0,"damage_taken":11.0,"relics_obtained":["Akabeko"]},{"damage_healed":0.0,"max_hp_gain":5.0,"max_hp_loss":0.0,"gold_gain":0.0,"event_name":"Big Fish","player_choice":"Donut","floor":13.0,"gold_loss":0.0,"damage_taken":0.0},{"damage_healed":13,"gold_gain":0,"player_choice":"Heal","damage_taken":0,"max_hp_gain":0,"max_hp_loss":0,"event_name":"The Library","floor":19,"gold_loss":0},{"damage_healed":0,"gold_gain":0,"player_choice":"Opened","damage_taken":0,"relics_obtained":["PreservedInsect"],"max_hp_gain":0,"max_hp_loss":0,"event_name":"The Mausoleum","floor":20,"gold_loss":0,"cards_obtained":["Writhe"]},{"damage_healed":0,"gold_gain":0,"player_choice":"Fought Bandits","damage_taken":0,"max_hp_gain":0,"max_hp_loss":0,"event_name":"Masked Bandits","floor":22,"gold_loss":0},{"damage_healed":0,"gold_gain":222,"player_choice":"Wore Mask","damage_taken":0,"max_hp_gain":0,"max_hp_loss":0,"event_name":"Tomb of Lord Red Mask","floor":36,"gold_loss":0},{"damage_healed":15,"gold_gain":0,"player_choice":"Writhe","damage_taken":0,"max_hp_gain":0,"max_hp_loss":0,"event_name":"Winding Halls","floor":37,"gold_loss":0,"cards_obtained":["Writhe"]},{"damage_healed":0,"gold_gain":0,"player_choice":"Fight","damage_taken":0,"max_hp_gain":0,"max_hp_loss":0,"event_name":"MindBloom","floor":39,"gold_loss":0},{"damage_healed":0,"gold_gain":0,"player_choice":"Memory 2","damage_taken":5,"max_hp_gain":0,"max_hp_loss":0,"event_name":"SensoryStone","floor":42,"gold_loss":0},{"damage_healed":0,"gold_gain":0,"player_choice":"Got Potions","damage_taken":0,"max_hp_gain":0,"max_hp_loss":0,"event_name":"Lab","floor":44,"gold_loss":0}],"is_beta":false,"boss_relics":[{"not_picked":["Runic Pyramid","Velvet Choker"],"picked":"SlaversCollar"},{"not_picked":["SacredBark","Black Star"],"picked":"Astrolabe"}],"items_purged_floors":[21,24,38],"is_endless":false,"potions_floor_spawned":[2,4,7,16,27,30,31,39,45,46,47,48],"ascension_level":19}}