{"host":"j0a1jfichhxu8b8p","time":1610027761,"event":{"mods":["BaseMod","Colored Map","DeckTracker","Keyboard Shortcuts","Minty Spire (QoL Compilation)","Permanent Neow","StSLib"],"gold_per_floor":[109,127,138,156,156,156,256,296,296,296,335,355,355,371,371,496,559,573,573,592,612,25,25,25,61,61,125,146,47,47,81,81,211,211,232,282,395,445,463,499,499,499,499,42,42,76,99,133,133,133],"floor_reached":51,"playtime":2712,"items_purged":[],"score":1253,"play_id":"bdd94442-e8ff-439a-a651-0179e33a649a","local_time":"20210107225601","is_ascension_mode":true,"campfire_choices":[{"data":"Zap","floor":6.0,"key":"SMITH"},{"floor":10.0,"key":"REST"},{"data":"Conserve Battery","floor":15.0,"key":"SMITH"},{"floor":23.0,"key":"REST"},{"data":"Defragment","floor":30.0,"key":"SMITH"},{"floor":32.0,"key":"REST"},{"data":"1","floor":41.0,"key":"LIFT"},{"data":"Buffer","floor":42.0,"key":"SMITH"},{"data":"Apotheosis","floor":45.0,"key":"SMITH"},{"data":"2","floor":49.0,"key":"LIFT"}],"circlet_count":0,"master_deck":["AscendersBane","Strike_B","Strike_B","Strike_B","Strike_B","Defend_B","Defend_B","Defend_B","Defend_B","Zap+1","Dualcast","All For One","Streamline","Sweeping Beam","Gash","Gash","Conserve Battery+1","Go for the Eyes","Leap","Undo","Go for the Eyes+1","Echo Form","Hologram","Skim","Turbo+1","Defragment+1","Self Repair","Self Repair","Turbo","Melter+1","Hologram+1","Core Surge+1","Redo+1","Buffer+1","CurseOfTheBell","Storm+1","Madness","Madness","Reprogram+1","Rebound+1","FTL+1","Apotheosis+1","Defragment","Loop+1","Buffer+1","Storm+1"],"relics":["Cracked Core","Golden Idol","Regal Pillow","Dream Catcher","Shuriken","Tiny House","Blue Candle","Meat on the Bone","Molten Egg 2","SsserpentHead","White Beast Statue","Nunchaku","MealTicket","Calling Bell","PreservedInsect","Gremlin Horn","Girya","WingedGreaves","Pantograph","Sundial","Kunai","Frozen Egg 2","Lantern"],"acts_visited":["Exordium","TheCity","TheBeyond"],"potions_floor_usage":[50,50,50],"damage_taken":[{"damage":0.0,"enemies":"Small Slimes","floor":1.0,"turns":3.0},{"damage":4.0,"enemies":"Jaw Worm","floor":2.0,"turns":4.0},{"damage":1.0,"enemies":"Cultist","floor":3.0,"turns":3.0},{"damage":4.0,"enemies":"Exordium Wildlife","floor":4.0,"turns":3.0},{"damage":30.0,"enemies":"3 Sentries","floor":8.0,"turns":6.0},{"damage":35.0,"enemies":"Lagavulin","floor":11.0,"turns":5.0},{"damage":0.0,"enemies":"2 Fungi Beasts","floor":12.0,"turns":2.0},{"damage":0.0,"enemies":"Lots of Slimes","floor":13.0,"turns":1.0},{"damage":2.0,"enemies":"Red Slaver","floor":14.0,"turns":3.0},{"damage":0.0,"enemies":"Slime Boss","floor":16.0,"turns":8.0},{"damage":2.0,"enemies":"3 Byrds","floor":18.0,"turns":5.0},{"damage":14.0,"enemies":"Chosen","floor":20.0,"turns":6.0},{"damage":29.0,"enemies":"Sentry and Sphere","floor":21.0,"turns":7.0},{"damage":32.0,"enemies":"Book of Stabbing","floor":25.0,"turns":5.0},{"damage":32.0,"enemies":"Centurion and Healer","floor":27.0,"turns":6.0},{"damage":3.0,"enemies":"Chosen and Byrds","floor":28.0,"turns":3.0},{"damage":32.0,"enemies":"Gremlin Leader","floor":31.0,"turns":7.0},{"damage":46.0,"enemies":"Collector","floor":33.0,"turns":7.0},{"damage":16.0,"enemies":"3 Shapes","floor":35.0,"turns":10.0},{"damage":17.0,"enemies":"Mind Bloom Boss Battle","floor":37.0,"turns":8.0},{"damage":6.0,"enemies":"3 Darklings","floor":39.0,"turns":5.0},{"damage":33.0,"enemies":"Nemesis","floor":40.0,"turns":7.0},{"damage":22.0,"enemies":"Reptomancer","floor":46.0,"turns":6.0},{"damage":44.0,"enemies":"4 Shapes","floor":47.0,"turns":6.0},{"damage":25.0,"enemies":"Giant Head","floor":48.0,"turns":7.0},{"damage":44,"enemies":"Donu and Deca","floor":50,"turns":6}],"seed_played":"2563190717750191117","potions_obtained":[{"floor":4.0,"key":"SmokeBomb"},{"floor":12.0,"key":"Energy Potion"},{"floor":14.0,"key":"Strength Potion"},{"floor":16.0,"key":"EssenceOfDarkness"},{"floor":17.0,"key":"FearPotion"},{"floor":25.0,"key":"LiquidMemories"},{"floor":27.0,"key":"Swift Potion"},{"floor":28.0,"key":"SpeedPotion"},{"floor":31.0,"key":"AttackPotion"},{"floor":33.0,"key":"SteroidPotion"},{"floor":35.0,"key":"AttackPotion"},{"floor":37.0,"key":"DistilledChaos"},{"floor":39.0,"key":"Weak Potion"},{"floor":40.0,"key":"Regen Potion"},{"floor":46.0,"key":"EssenceOfDarkness"},{"floor":47.0,"key":"PowerPotion"}],"is_trial":false,"path_per_floor":["M","M","M","M","?","R","?","E","T","R","E","M","M","M","R","B",null,"M","?","M","M","$","R","?","E","T","M","M","$","R","E","R","B",null,"M","?","?","?","M","E","R","R","T","$","R","E","M","E","R","B",null],"character_chosen":"DEFECT","items_purchased":["Meat on the Bone","Molten Egg 2","Self Repair","Core Surge+1","Kunai","Apotheosis","Defragment"],"campfire_rested":3,"item_purchase_floors":[22,22,22,29,44,44,44],"current_hp_per_floor":[68,64,63,59,59,59,59,29,29,64,29,29,29,27,27,27,64,62,62,48,19,19,56,56,43,43,30,39,39,39,19,56,22,61,66,57,54,54,62,55,55,55,55,70,70,74,59,56,56,42],"gold":133,"neow_bonus":"ONE_RANDOM_RARE_CARD","is_daily":false,"chose_seed":false,"campfire_upgraded":5,"win_rate":0.0,"timestamp":1610027761,"path_taken":["M","M","M","M","?","R","?","E","T","R","E","M","?","M","R","BOSS","M","?","M","M","$","R","?","E","T","?","M","?","R","E","R","BOSS","M","?","?","?","M","E","R","R","T","$","R","E","M","E","R","BOSS"],"items_purchased_type":["Relic","Relic","Card","Card","Relic","Card","Card"],"build_version":"2020-12-22","purchased_purges":0,"victory":true,"max_hp_per_floor":[75,75,75,75,69,69,69,69,69,69,69,69,69,69,69,69,74,74,74,74,74,74,74,74,74,74,74,74,74,74,74,74,74,74,74,74,74,74,74,74,74,74,74,74,74,74,74,74,74,74],"card_choices":[{"not_picked":["Rebound","Compile Driver"],"picked":"Streamline","floor":1.0},{"not_picked":["Loop","Leap"],"picked":"Sweeping Beam","floor":2.0},{"not_picked":["Beam Cell","Cold Snap"],"picked":"Gash","floor":3.0},{"not_picked":["Turbo","Aggregate"],"picked":"Gash","floor":4.0},{"not_picked":["Thunder Strike","Sweeping Beam"],"picked":"Conserve Battery","floor":8.0},{"not_picked":["Force Field","Skim"],"picked":"Go for the Eyes","floor":10.0},{"not_picked":["Lockon","Ball Lightning"],"picked":"Leap","floor":11.0},{"not_picked":["Redo","Turbo"],"picked":"Undo","floor":12.0},{"not_picked":["Barrage","Stack"],"picked":"Go for the Eyes","floor":14.0},{"not_picked":["Machine Learning","Fission"],"picked":"Echo Form","floor":16.0},{"not_picked":["Hello World","Barrage"],"picked":"Hologram","floor":17.0},{"not_picked":["Barrage+1","Rebound"],"picked":"Skim","floor":18.0},{"not_picked":["Tempest","Conserve Battery+1"],"picked":"Turbo+1","floor":20.0},{"not_picked":["Beam Cell","Go for the Eyes"],"picked":"Defragment","floor":21.0},{"not_picked":["Leap","White Noise"],"picked":"Self Repair","floor":23.0},{"not_picked":["Multi-Cast","Glacier+1"],"picked":"Turbo","floor":25.0},{"not_picked":["Rip and Tear+1","Genetic Algorithm"],"picked":"Melter+1","floor":27.0},{"not_picked":["Ball Lightning+1","Streamline+1"],"picked":"Hologram+1","floor":28.0},{"not_picked":["Aggregate","Compile Driver+1","Blizzard+1"],"picked":"SKIP","floor":31.0},{"not_picked":["Compile Driver+1","Rebound+1"],"picked":"Redo+1","floor":32.0},{"not_picked":["Thunder Strike+1","Rainbow"],"picked":"Buffer","floor":33.0},{"not_picked":["BootSequence","Self Repair"],"picked":"Storm+1","floor":35.0},{"not_picked":["Go for the Eyes+1","Force Field"],"picked":"Reprogram+1","floor":37.0},{"not_picked":["Force Field+1","Genetic Algorithm"],"picked":"Rebound+1","floor":39.0},{"not_picked":["Leap","Tempest"],"picked":"FTL+1","floor":40.0},{"not_picked":["Capacitor+1","Glacier+1"],"picked":"Loop+1","floor":46.0},{"not_picked":["Go for the Eyes+1","Rebound+1"],"picked":"Buffer+1","floor":47.0},{"not_picked":["Rip and Tear+1","Hologram"],"picked":"Storm+1","floor":48.0}],"player_experience":364488,"relics_obtained":[{"floor":8.0,"key":"Regal Pillow"},{"floor":9.0,"key":"Dream Catcher"},{"floor":11.0,"key":"Shuriken"},{"floor":25.0,"key":"White Beast Statue"},{"floor":26.0,"key":"Nunchaku"},{"floor":31.0,"key":"MealTicket"},{"floor":34.0,"key":"PreservedInsect"},{"floor":34.0,"key":"Gremlin Horn"},{"floor":34.0,"key":"Girya"},{"floor":37.0,"key":"WingedGreaves"},{"floor":40.0,"key":"Pantograph"},{"floor":43.0,"key":"Sundial"},{"floor":46.0,"key":"Frozen Egg 2"},{"floor":48.0,"key":"Lantern"}],"event_choices":[{"damage_healed":0.0,"max_hp_gain":0.0,"max_hp_loss":6.0,"gold_gain":0.0,"event_name":"Golden Idol","player_choice":"Lose Max HP","floor":5.0,"gold_loss":0.0,"damage_taken":0.0,"relics_obtained":["Golden Idol"]},{"damage_healed":0.0,"max_hp_gain":0.0,"max_hp_loss":0.0,"gold_gain":100.0,"event_name":"Golden Shrine","player_choice":"Pray","floor":7.0,"gold_loss":0.0,"damage_taken":0.0},{"damage_healed":0.0,"max_hp_gain":0.0,"max_hp_loss":0.0,"gold_gain":0.0,"event_name":"The Mausoleum","player_choice":"Opened","floor":19.0,"gold_loss":0.0,"damage_taken":0.0,"relics_obtained":["Blue Candle"]},{"damage_healed":0.0,"max_hp_gain":0.0,"max_hp_loss":0.0,"gold_gain":0.0,"event_name":"FaceTrader","player_choice":"Trade","floor":24.0,"gold_loss":0.0,"damage_taken":0.0,"relics_obtained":["SsserpentHead"]},{"damage_healed":0.0,"max_hp_gain":0.0,"max_hp_loss":0.0,"gold_gain":0.0,"event_name":"Winding Halls","player_choice":"Embrace Madness","floor":36.0,"gold_loss":0.0,"damage_taken":9.0,"cards_obtained":["Madness","Madness"]},{"damage_healed":0.0,"max_hp_gain":0.0,"max_hp_loss":0.0,"gold_gain":0.0,"event_name":"MindBloom","player_choice":"Fight","floor":37.0,"gold_loss":0.0,"damage_taken":0.0},{"damage_healed":0.0,"max_hp_gain":0.0,"max_hp_loss":0.0,"gold_gain":0.0,"event_name":"Mysterious Sphere","player_choice":"Ignored","floor":38.0,"gold_loss":0.0,"damage_taken":0.0}],"is_beta":false,"boss_relics":[{"not_picked":["Fusion Hammer","Ectoplasm"],"picked":"Tiny House"},{"not_picked":["Empty Cage","Black Star"],"picked":"Calling Bell"}],"items_purged_floors":[],"is_endless":false,"potions_floor_spawned":[4,12,14,16,25,27,28,31,33,35,37,39,40,46,47,48],"ascension_level":10}}