{"host":"April","time":1610011338,"event":{"mods":["BaseMod","Minty Spire (QoL Compilation)"],"gold_per_floor":[112,112,127,142,153,187,187,214,288,288,314,329,359,370,370,465,465,483,483,499,350,310,335,354,368,368,21,21,37,70,82,94,106,106],"floor_reached":33,"playtime":2899,"items_purged":[],"score":359,"play_id":"eb82e948-b391-4225-b939-1a18a110e89e","local_time":"20210107012218","is_ascension_mode":true,"campfire_choices":[{"data":"Genetic Algorithm","floor":7.0,"key":"SMITH"},{"floor":10.0,"key":"REST"},{"data":"Rainbow","floor":15.0,"key":"SMITH"},{"floor":28.0,"key":"REST"},{"floor":32,"key":"REST"}],"circlet_count":0,"master_deck":["Strike_B","Strike_B","Strike_B","Strike_B","Defend_B+1","Defend_B","Defend_B","Defend_B+1","Zap","Dualcast","Parasite","Go for the Eyes+1","Genetic Algorithm+1","Consume+1","Gash","Sweeping Beam","Buffer","Buffer","Compile Driver+1","Fusion","Rainbow+1","Creative AI","Steam+1","Beam Cell","Hologram","Chill","Cold Snap","Chaos","Blizzard","Necronomicurse"],"relics":["Cracked Core","Dead Branch","WingedGreaves","Symbiotic Virus","Toy Ornithopter","Anchor","Fusion Hammer","War Paint","Happy Flower","Frozen Egg 2","OrangePellets","Juzu Bracelet","MawBank","Necronomicon"],"acts_visited":["Exordium","TheCity"],"potions_floor_usage":[],"damage_taken":[{"damage":5.0,"enemies":"Cultist","floor":1.0,"turns":4.0},{"damage":3.0,"enemies":"Jaw Worm","floor":3.0,"turns":4.0},{"damage":3.0,"enemies":"Small Slimes","floor":4.0,"turns":3.0},{"damage":6.0,"enemies":"Red Slaver","floor":5.0,"turns":4.0},{"damage":29.0,"enemies":"Gremlin Nob","floor":6.0,"turns":5.0},{"damage":31.0,"enemies":"Lagavulin","floor":8.0,"turns":7.0},{"damage":11.0,"enemies":"3 Sentries","floor":11.0,"turns":6.0},{"damage":4.0,"enemies":"3 Louse","floor":12.0,"turns":3.0},{"damage":0.0,"enemies":"Lagavulin","floor":13.0,"turns":9.0},{"damage":0.0,"enemies":"Blue Slaver","floor":14.0,"turns":5.0},{"damage":13.0,"enemies":"Hexaghost","floor":16.0,"turns":11.0},{"damage":0.0,"enemies":"Shell Parasite","floor":18.0,"turns":5.0},{"damage":7.0,"enemies":"2 Thieves","floor":20.0,"turns":5.0},{"damage":32.0,"enemies":"Book of Stabbing","floor":23.0,"turns":7.0},{"damage":14.0,"enemies":"Centurion and Healer","floor":24.0,"turns":6.0},{"damage":16.0,"enemies":"Shelled Parasite and Fungi","floor":25.0,"turns":7.0},{"damage":7.0,"enemies":"Snake Plant","floor":29.0,"turns":4.0},{"damage":10.0,"enemies":"Gremlin Leader","floor":30.0,"turns":8.0},{"damage":74,"enemies":"Automaton","floor":33,"turns":12}],"seed_played":"-1871949050674872378","potions_obtained":[{"floor":4.0,"key":"PotionOfCapacity"},{"floor":5.0,"key":"FocusPotion"},{"floor":8.0,"key":"Dexterity Potion"},{"floor":14.0,"key":"BlessingOfTheForge"},{"floor":16.0,"key":"GamblersBrew"},{"floor":18.0,"key":"SmokeBomb"},{"floor":19.0,"key":"PowerPotion"},{"floor":25.0,"key":"ColorlessPotion"},{"floor":30.0,"key":"BlessingOfTheForge"}],"is_trial":false,"path_per_floor":["M","?","M","M","M","E","R","E","T","R","E","M","E","M","R","B",null,"M","?","M","$","?","E","M","M","T","$","R","M","E","?","R","B"],"character_chosen":"DEFECT","items_purchased":["War Paint","OrangePellets","Juzu Bracelet","Cold Snap"],"campfire_rested":3,"item_purchase_floors":[21,27,27,27],"current_hp_per_floor":[84,84,81,78,72,43,43,12,12,38,27,23,23,23,23,15,89,89,89,82,82,82,57,43,27,27,27,53,46,41,25,51,0,0],"gold":106,"neow_bonus":"TWENTY_PERCENT_HP_BONUS","is_daily":false,"chose_seed":false,"campfire_upgraded":2,"win_rate":0.0,"timestamp":1610011338,"path_taken":["M","?","M","M","M","E","R","E","T","R","E","M","E","?","R","BOSS","M","?","?","$","?","E","M","M","T","?","R","M","E","?","R","BOSS"],"items_purchased_type":["Relic","Relic","Relic","Card"],"build_version":"2020-12-18","purchased_purges":0,"victory":false,"max_hp_per_floor":[89,89,89,89,89,89,89,89,89,89,89,89,89,89,89,89,89,89,89,89,89,89,89,89,89,89,89,89,89,89,89,89,89,89],"card_choices":[{"not_picked":["Streamline","Gash"],"picked":"Go for the Eyes","floor":1.0},{"not_picked":["Barrage","Go for the Eyes"],"picked":"Genetic Algorithm","floor":3.0},{"not_picked":["Stack","Gash"],"picked":"Consume","floor":4.0},{"not_picked":["Leap","Streamline"],"picked":"Gash","floor":5.0},{"not_picked":["Stack","Genetic Algorithm"],"picked":"Sweeping Beam","floor":6.0},{"not_picked":["Cold Snap","Compile Driver"],"picked":"Buffer","floor":8.0},{"not_picked":["Turbo","Gash"],"picked":"Buffer","floor":11.0},{"not_picked":["Streamline","Ball Lightning"],"picked":"Compile Driver","floor":12.0},{"not_picked":["Ball Lightning","Coolheaded"],"picked":"Fusion","floor":13.0},{"not_picked":["Force Field","Fusion"],"picked":"Rainbow","floor":14.0},{"not_picked":["Hyperbeam","Meteor Strike"],"picked":"Creative AI","floor":16.0},{"not_picked":["Lockon+1","Gash+1"],"picked":"Steam+1","floor":18.0},{"not_picked":["Lockon","Fusion"],"picked":"Beam Cell","floor":20.0},{"not_picked":["Leap+1","Barrage"],"picked":"Hologram","floor":23.0},{"not_picked":["Leap","Blizzard+1"],"picked":"Chill","floor":24.0},{"not_picked":["Beam Cell","Gash","Sweeping Beam"],"picked":"SKIP","floor":25.0},{"not_picked":["Aggregate","Streamline"],"picked":"Chaos","floor":29.0},{"not_picked":["Aggregate+1","Storm+1"],"picked":"Blizzard","floor":30.0}],"player_experience":2557115,"relics_obtained":[{"floor":6.0,"key":"Dead Branch"},{"floor":8.0,"key":"WingedGreaves"},{"floor":9.0,"key":"Symbiotic Virus"},{"floor":11.0,"key":"Toy Ornithopter"},{"floor":13.0,"key":"Anchor"},{"floor":23.0,"key":"Happy Flower"},{"floor":26.0,"key":"Frozen Egg 2"},{"floor":30.0,"key":"MawBank"},{"floor":31,"key":"Necronomicon"}],"event_choices":[{"damage_healed":0.0,"max_hp_gain":0.0,"max_hp_loss":0.0,"gold_gain":0.0,"event_name":"Upgrade Shrine","player_choice":"Upgraded","floor":2.0,"gold_loss":0.0,"damage_taken":0.0,"cards_upgraded":["Go for the Eyes"]},{"damage_healed":0.0,"max_hp_gain":0.0,"max_hp_loss":0.0,"gold_gain":0.0,"event_name":"Lab","player_choice":"Got Potions","floor":19.0,"gold_loss":0.0,"damage_taken":0.0},{"damage_healed":0.0,"max_hp_gain":0.0,"max_hp_loss":0.0,"gold_gain":0.0,"event_name":"Designer","player_choice":"Upgraded Two","floor":22.0,"gold_loss":40.0,"damage_taken":0.0,"cards_upgraded":["Compile Driver","Defend_B"]},{"damage_healed":0,"gold_gain":0,"player_choice":"Obtained Book","damage_taken":16,"max_hp_gain":0,"max_hp_loss":0,"event_name":"Cursed Tome","floor":31,"gold_loss":0}],"is_beta":true,"boss_relics":[{"not_picked":["Runic Pyramid","Astrolabe"],"picked":"Fusion Hammer"}],"items_purged_floors":[],"is_endless":false,"potions_floor_spawned":[4,5,8,14,16,18,25,30],"killed_by":"Automaton","ascension_level":1}}