{"host":"2sr8q4b3ioepghas","time":1610002611,"event":{"mods":["BaseMod","Bestiary","Colored Map","Curses Come First","Downfall","FTL Soundtrack","Minty Spire (QoL Compilation)","Permanent Neow","Quick Restart","Rare Cards Sparkle","StSLib","UnlockEverythingMod"],"gold_per_floor":[99,119,174,174,187,187,256,256,256,275,300,315,350,450,470,470,470,470],"floor_reached":16,"playtime":1348,"items_purged":[],"score":135,"play_id":"e7cb3f36-34c4-48e0-8ced-4323940278aa","local_time":"20210107165651","is_ascension_mode":false,"campfire_choices":[{"data":"Guardian:SphericShield","floor":1.0,"key":"SMITH"},{"data":"Guardian:Planning","floor":6.0,"key":"SMITH"},{"data":"Guardian:TwinSlam","floor":9,"key":"SMITH"}],"circlet_count":0,"master_deck":["Guardian:Strike_Guardian","Guardian:Strike_Guardian","Guardian:Strike_Guardian","Guardian:Defend_Guardian","Guardian:Defend_Guardian","Guardian:Defend_Guardian","Guardian:Defend_Guardian","Guardian:CurlUp","Guardian:TwinSlam+1","Guardian:SphericShield+1","Guardian:Gem_Green","Guardian:Planning+1","Guardian:Gem_Lightblue","Guardian:PiercingHide","Guardian:Planning","Guardian:BaubleBeam","Guardian:Incinerate","Guardian:PrismaticBeam","Guardian:CrystalBeam","Guardian:Suspension"],"relics":["Guardian:ModeShifter","Orichalcum","Guardian:PickAxe","StrikeDummy","Matryoshka","Omamori","White Beast Statue"],"acts_visited":["Exordium"],"potions_floor_usage":[15,16,16],"damage_taken":[{"damage":0.0,"enemies":"2 Louse","floor":2.0,"turns":3.0},{"damage":16.0,"enemies":"Gremlin Nob","floor":3.0,"turns":7.0},{"damage":10.0,"enemies":"Gremlin Nob","floor":4.0,"turns":6.0},{"damage":0.0,"enemies":"Jaw Worm","floor":5.0,"turns":4.0},{"damage":0,"enemies":"Cultist","floor":10,"turns":3},{"damage":0,"enemies":"Lagavulin","floor":11,"turns":7},{"damage":5,"enemies":"Large Slime","floor":12,"turns":9},{"damage":9,"enemies":"3 Sentries","floor":13,"turns":7},{"damage":19,"enemies":"downfall:LadyInBlue","floor":14,"turns":11},{"damage":6,"enemies":"Red Slaver","floor":15,"turns":5},{"damage":4,"enemies":"downfall:Watcher","floor":16,"turns":8}],"seed_played":"65576278352426152","potions_obtained":[{"floor":3.0,"key":"CultistPotion"},{"floor":5.0,"key":"Guardian:AcceleratePotion"},{"floor":12,"key":"Weak Potion"},{"floor":14,"key":"DuplicationPotion"},{"floor":15,"key":"EssenceOfSteel"}],"is_trial":false,"path_per_floor":["R","M","?","?","M","R","T","?","R","M","E","M","E","?","M","B"],"character_chosen":"GUARDIAN","items_purchased":[],"campfire_rested":0,"item_purchase_floors":[],"current_hp_per_floor":[80,80,64,42,42,42,42,42,42,42,42,37,28,9,3,0,0,0],"gold":470,"neow_bonus":"ONE_RANDOM_RARE_CARD","is_daily":false,"chose_seed":false,"campfire_upgraded":3,"win_rate":0.0,"timestamp":1610002611,"path_taken":["R","M","?","?","M","R","T","?","R","M","E","M","E","?","M","BOSS"],"items_purchased_type":[],"build_version":"2020-12-22","purchased_purges":0,"victory":false,"max_hp_per_floor":[80,80,80,80,80,80,80,80,80,80,80,80,80,80,80,80,80,80],"card_choices":[{"not_picked":["Guardian:CrystalBeam","Guardian:Emergency"],"picked":"Guardian:Gem_Green","floor":2.0},{"not_picked":["Guardian:ShieldCharger","Guardian:TemporalShield"],"picked":"Guardian:Planning","floor":3.0},{"not_picked":["Guardian:TemporalShield","Guardian:Gem_Crimson"],"picked":"Guardian:PiercingHide","floor":5.0},{"not_picked":["Guardian:VentSteam","Guardian:PrimingBeam"],"picked":"Guardian:Planning","floor":10},{"not_picked":["Guardian:RollAttack","Guardian:Gem_Green"],"picked":"Guardian:BaubleBeam","floor":11},{"not_picked":["Guardian:Gem_Green","Guardian:ShieldCharger"],"picked":"Guardian:Incinerate","floor":12},{"not_picked":["Guardian:PrismaticBarrier","Guardian:SentryBeam"],"picked":"Guardian:PrismaticBeam","floor":13},{"not_picked":["Guardian:Gem_Green","Guardian:PiercingHide"],"picked":"Guardian:CrystalBeam","floor":14},{"not_picked":["Guardian:Gem_Cyan","Guardian:Harden"],"picked":"Guardian:Suspension","floor":15}],"player_experience":45698,"relics_obtained":[{"floor":7.0,"key":"StrikeDummy"},{"floor":11,"key":"Matryoshka"},{"floor":13,"key":"Omamori"},{"floor":14,"key":"White Beast Statue"}],"event_choices":[],"is_beta":false,"boss_relics":[],"items_purged_floors":[],"is_endless":false,"potions_floor_spawned":[3,5,12,15],"killed_by":"downfall:Watcher","ascension_level":0}}