{"host":"9a77juz3tt2jjxfq","time":1610009938,"event":{"mods":["Abigail Mod","Act Like it!","Aspiration","Bartender","BaseMod","Better Third Choice","CapriCore","Colored Map","Colored Powertips","Conspire","Curses Come First","DeckTracker","Dota2Spire","Downfall","Elementarium","Energized Spire","Friendly Minions","Gensokyo","GifTheSpireLib","Halation","Hallownest","Hubris","Infinite Spire","JesterMod","Kiyohime????","Koishi","Luminous","Mad Scientist","Marisa????????","Minty Spire (QoL Compilation)","Pale of the Ancients","Permanent Neow","Prisma Mod","Quarter Circle Forward PUNCH!","Quick Restart","Random Character Button","Rare Cards Sparkle","Reimu??????","Relic Sorter","Relic Stats","Replay The Spire","RumiaBox-????????","Shop Mod","Spicy Shops","Spikes Relics","StSLib","Stuff the Spire","The Alterego","The Animator","The Blue Laboratory","The Construct","The Factory","The Gatherer","The Immortal","The Jungle","The Marked","The Necromancer","The Servant 0.9.4","Transform Curses","Wandering Minibosses","WarShipGirlsR/????R mod","Yakumo Yukari mod","Yuri Mod","Yuyuko","vexMod"],"gold_per_floor":[110,110,40,40,40,40,72,72,95,95,114,125,125,31,31,132,132,147,61,43,43,3,3,13,13,13,13,46,46,46,62,62,162,262,272,272,449,424,473,473,501,570,624,624,624,624],"floor_reached":45,"playtime":8176,"items_purged":[],"score":648,"play_id":"9efa455f-66fa-4636-8563-fea4ab2adbeb","local_time":"20210106225858","is_ascension_mode":false,"campfire_choices":[{"data":"jesterMod:OblivionStrike","floor":6.0,"key":"SMITH"},{"floor":8.0,"key":"REST"},{"floor":15,"key":"REST"},{"floor":23,"key":"REST"},{"floor":25,"key":"REST"},{"data":"jesterMod:Overthink","floor":27,"key":"SMITH"},{"data":"infinitespire:DeathsTouch","floor":32,"key":"SMITH"},{"floor":40,"key":"REST"}],"circlet_count":0,"master_deck":["jesterMod:Strike","jesterMod:Strike","jesterMod:Sickle","jesterMod:Dodge","jesterMod:Squander","jesterMod:OblivionStrike+1","Hallownest:skillSlugHide","Hallownest:skillSlugHide","Hallownest:skillSlugHide","Hallownest:skillSlugHide","Hallownest:skillSlugHide","jesterMod:BoilDown","jesterMod:OblivionStrike","jesterMod:Schizophrenia+1","Replay:SS_forest_6+1","jesterMod:BoilDown","jesterMod:BouncingKnife+1","jesterMod:Illness","jesterMod:Illness","ReplayTheSpireMod:IOU","ReplayTheSpireMod:IOU","jesterMod:Overthink+1","jesterMod:RecklessStrike+1","infinitespire:DeathsTouch+1","jesterMod:Momentum","jesterMod:Precipitation","jesterMod:ButterflyDance","hubris:NaturalOne","jesterMod:Loot","ReplayTheSpireMod:IOU","ReplayTheSpireMod:IOU","jesterMod:HedgehogForm","ReplayTheSpireMod:IOU","ReplayTheSpireMod:IOU","ReplayTheSpireMod:IOU","Replay:SS_fish_2","ReplayTheSpireMod:IOU","jesterMod:DaggerRain"],"relics":["jesterMod:JesterCap","halation:PinkSoulGem","Hallownest:StagBellRelic1","Replay:Wax Seal","hubris:Icosahedron","Protect_Vest","Hallownest:DreamNailRelic","Bronze Scales","ZunR:ReiMu","LugNut","Vajra","Replay:Wanted Poster","Dota2Spire:AghanimScepter","MerchantsRug","OrangePellets","Unceasing Top","Snack Pack","ReplayTheSpireMod:Lightbulb"],"acts_visited":["Exordium","TheCity","TheBeyond"],"potions_floor_usage":[16,16,16,31,41],"damage_taken":[{"damage":8.0,"enemies":"Hallownest:monsterHuskGuard","floor":1.0,"turns":6.0},{"damage":45.0,"enemies":"Hallownest:eliteMossKnight","floor":7.0,"turns":12.0},{"damage":0,"enemies":"2_ Uuma","floor":11,"turns":5},{"damage":4,"enemies":"Hallownest:2_MossCreeps","floor":12,"turns":4},{"damage":21,"enemies":"Hallownest:BossHornet","floor":16,"turns":17},{"damage":15,"enemies":"Spheric Guardian","floor":18,"turns":7},{"damage":23,"enemies":"2 Thieves","floor":20,"turns":5},{"damage":19,"enemies":"conspire:HollyBat","floor":24,"turns":7},{"damage":4,"enemies":"Nightmare","floor":28,"turns":10},{"damage":12,"enemies":"Shelled Parasite and Fungi","floor":31,"turns":3},{"damage":30,"enemies":"hubris:MusketHawk","floor":33,"turns":10},{"damage":3,"enemies":"3 Shapes","floor":35,"turns":2},{"damage":51,"enemies":"2 Orb Walkers","floor":39,"turns":3},{"damage":11,"enemies":"3 Darklings","floor":41,"turns":7},{"damage":60,"enemies":"Giant Head","floor":45,"turns":6}],"seed_played":"7098976238813404339","potions_obtained":[{"floor":1.0,"key":"Ancient Potion"},{"floor":12,"key":"blueLaboratory:BubblePotion"},{"floor":20,"key":"blueLaboratory:HorrorPotion"},{"floor":28,"key":"Swift Potion"},{"floor":39,"key":"LiquidBronze"}],"is_trial":false,"path_per_floor":["M","?","?","$","?","R","E","R","T","?","M","M","?","$","R","B",null,"M","$","M","?","?","R","M","R","T","R","NM","?","?","M","R","B",null,"M","?","$","?","?","R","M","T","T","?","E"],"character_chosen":"THE_JESTER","items_purchased":["Replay:SS_forest_6","jesterMod:Illness","vexMod:PaidLearning","Bronze Scales","Dota2Spire:AghanimScepter","jesterMod:HedgehogForm","Replay:SS_fish_2","MerchantsRug","OrangePellets"],"campfire_rested":5,"item_purchase_floors":[14,19,19,19,37,37,37,37,37],"current_hp_per_floor":[62,62,62,62,62,62,17,38,38,38,38,34,6,6,24,3,63,48,48,37,37,37,55,46,63,63,63,59,59,59,63,63,33,63,63,63,63,63,12,30,27,27,27,27,0,0],"gold":624,"neow_bonus":"ONE_RANDOM_RARE_CARD","is_daily":false,"chose_seed":false,"campfire_upgraded":3,"win_rate":0.0,"timestamp":1610009938,"path_taken":["M","?","?","$","?","R","E","R","T","?","?","M","?","$","R","BOSS","M","$","M","?","?","R","?","R","T","R","NM","?","?","M","R","BOSS","M","?","$","?","?","R","?","?","T","?","E"],"items_purchased_type":["Card","Card","Relic","Relic","Relic","Card","Card","Relic","Relic"],"build_version":"2020-12-22","purchased_purges":0,"victory":false,"max_hp_per_floor":[70,70,70,70,70,70,70,70,70,70,70,70,63,63,63,63,63,63,63,63,63,63,63,63,63,63,63,63,63,63,63,63,63,63,63,63,63,63,63,63,63,63,63,63,63,63],"relic_stats":{"OrangePellets":[1],"counters":[15,104],"Bronze Scales":[138],"obtain_stats":[{"MerchantsRug":37,"Hallownest:StagBellRelic1":3,"ZunR:ReiMu":22,"Vajra":28,"jesterMod:JesterCap":0,"Protect_Vest":9,"Hallownest:DreamNailRelic":10,"vexMod:PaidLearning":19,"Replay:Wanted Poster":34,"OrangePellets":37,"conspire:GiftBox":7,"Dota2Spire:AghanimScepter":37,"hubris:Backtick":17,"hubris:Icosahedron":29,"Bronze Scales":19,"Snack Pack":42,"Replay:Wax Seal":17,"halation:PinkSoulGem":30,"ReplayTheSpireMod:Lightbulb":43,"LugNut":26,"Unceasing Top":39},{"MerchantsRug":12,"Hallownest:StagBellRelic1":1,"ZunR:ReiMu":7,"Vajra":9,"jesterMod:JesterCap":0,"Protect_Vest":2,"Hallownest:DreamNailRelic":2,"vexMod:PaidLearning":6,"Replay:Wanted Poster":11,"OrangePellets":12,"conspire:GiftBox":2,"Dota2Spire:AghanimScepter":12,"hubris:Backtick":5,"hubris:Icosahedron":9,"Bronze Scales":6,"Snack Pack":14,"Replay:Wax Seal":5,"halation:PinkSoulGem":9,"ReplayTheSpireMod:Lightbulb":14,"LugNut":8,"Unceasing Top":13},{"MerchantsRug":88,"Hallownest:StagBellRelic1":6,"ZunR:ReiMu":56,"Vajra":73,"jesterMod:JesterCap":0,"Protect_Vest":18,"Hallownest:DreamNailRelic":18,"vexMod:PaidLearning":51,"Replay:Wanted Poster":86,"OrangePellets":88,"conspire:GiftBox":18,"Dota2Spire:AghanimScepter":88,"hubris:Backtick":44,"hubris:Icosahedron":73,"Bronze Scales":51,"Snack Pack":98,"Replay:Wax Seal":44,"halation:PinkSoulGem":73,"ReplayTheSpireMod:Lightbulb":98,"LugNut":63,"Unceasing Top":91}],"Unceasing Top":[7]},"card_choices":[{"not_picked":["jesterMod:Twirl","jesterMod:Disposophobia"],"picked":"jesterMod:OblivionStrike","floor":1.0},{"not_picked":["jesterMod:Drunkenness","jesterMod:Overthink"],"picked":"jesterMod:BoilDown","floor":7.0},{"not_picked":["jesterMod:SelfMockery","jesterMod:Discretion"],"picked":"jesterMod:OblivionStrike","floor":7.0},{"not_picked":["jesterMod:Mending","jesterMod:ButterKnife"],"picked":"jesterMod:Schizophrenia","floor":11},{"not_picked":["jesterMod:DancingMad","jesterMod:Prankster","jesterMod:Tinker"],"picked":"SKIP","floor":12},{"not_picked":["jesterMod:Overthink","jesterMod:Placebo"],"picked":"jesterMod:BoilDown","floor":16},{"not_picked":["jesterMod:QuickStrike","jesterMod:Precipitation"],"picked":"jesterMod:BouncingKnife+1","floor":18},{"not_picked":["jesterMod:Tinker","jesterMod:SmokeScreen+1"],"picked":"jesterMod:Overthink","floor":20},{"not_picked":["jesterMod:Patience","jesterMod:ButterKnife"],"picked":"jesterMod:RecklessStrike+1","floor":24},{"not_picked":["hubris:Rewind","infinitespire:FutureSight"],"picked":"infinitespire:DeathsTouch","floor":28},{"not_picked":["jesterMod:HitAndRun","jesterMod:SelfMockery"],"picked":"jesterMod:Momentum","floor":28},{"not_picked":["jesterMod:MudBall","jesterMod:Prankster"],"picked":"jesterMod:Precipitation","floor":31},{"not_picked":["jesterMod:Placebo","jesterMod:Trance"],"picked":"jesterMod:ButterflyDance","floor":33},{"not_picked":["jesterMod:Feint+1","jesterMod:Precipitation"],"picked":"jesterMod:Loot","floor":35},{"not_picked":["jesterMod:RecklessStrike","jesterMod:Prankster"],"picked":"jesterMod:DaggerRain","floor":39},{"not_picked":["jesterMod:ButterKnife+1","jesterMod:Frenzy","jesterMod:Squander"],"picked":"SKIP","floor":41}],"player_experience":1079973,"relics_obtained":[{"floor":7.0,"key":"conspire:GiftBox"},{"floor":9.0,"key":"Protect_Vest"},{"floor":26,"key":"LugNut"},{"floor":28,"key":"Vajra"},{"floor":39,"key":"Unceasing Top"},{"floor":42,"key":"Snack Pack"},{"floor":43,"key":"ReplayTheSpireMod:Lightbulb"}],"event_choices":[{"damage_healed":0,"gold_gain":0,"player_choice":"Leave","damage_taken":0,"max_hp_gain":0,"max_hp_loss":0,"event_name":"conspire:Investor","floor":21,"gold_loss":0},{"damage_healed":0,"gold_gain":0,"player_choice":"Keep O-miki","damage_taken":0,"relics_obtained":["ZunR:ReiMu"],"max_hp_gain":0,"max_hp_loss":0,"event_name":"ZunEvent","floor":22,"gold_loss":40},{"damage_healed":0,"gold_gain":0,"player_choice":"Fight","damage_taken":0,"max_hp_gain":0,"max_hp_loss":0,"event_name":"Mysterious Sphere","floor":39,"gold_loss":0}],"is_beta":false,"boss_relics":[{"not_picked":["Black Star","jesterMod:HarlequinCap"],"picked":"hubris:Backtick"},{"not_picked":["halation:HeavySnake","Astrolabe"],"picked":"Replay:Wanted Poster"}],"items_purged_floors":[],"is_endless":true,"potions_floor_spawned":[1,12,20,28,39],"killed_by":"Giant Head","ascension_level":0}}