{"host":"qq27suot6m8koe0b","time":1610004555,"event":{"mods":["Act Like it!","BaseMod","CapriCore","GifTheSpireLib","Lobotomy","Minty Spire (QoL Compilation)","StSLib","Waifu the Spire"],"gold_per_floor":[114,128,141,70,90,90,102,102,102,102,102],"floor_reached":10,"playtime":298,"items_purged":[],"score":60,"play_id":"5a1e940e-4aa0-4791-9753-12829834c815","local_time":"20210107152915","is_ascension_mode":false,"campfire_choices":[{"data":"Phantasmal Killer","floor":6,"key":"SMITH"},{"floor":8,"key":"REST"}],"circlet_count":0,"master_deck":["Strike_G","Strike_G","Strike_G","Strike_G","Strike_G","Defend_G","Defend_G","Defend_G","Defend_G","Defend_G","Survivor","Neutralize","Variant","Dagger Throw","PiercingWail","DespairKnight","Prepared","Infinite Blades","OSAHOGD","Phantasmal Killer+1","PunishingBird","Quick Slash"],"relics":["Ring of the Snake","CogitoBucket","Mercury Hourglass"],"acts_visited":["Exordium"],"potions_floor_usage":[],"damage_taken":[{"damage":0,"enemies":"Cultist","floor":1,"turns":3},{"damage":40,"enemies":"Small Slimes","floor":2,"turns":4},{"damage":0,"enemies":"Jaw Worm","floor":3,"turns":5},{"damage":14,"enemies":"Exordium Wildlife","floor":5,"turns":4},{"damage":0,"enemies":"Looter","floor":7,"turns":3},{"damage":100,"enemies":"Lagavulin","floor":10,"turns":1}],"seed_played":"-6878800098812639391","potions_obtained":[{"floor":5,"key":"Explosive Potion"}],"is_trial":false,"path_per_floor":["M","M","M","$","M","R","M","R","T","E"],"character_chosen":"THE_SILENT","items_purchased":["Infinite Blades"],"campfire_rested":1,"item_purchase_floors":[4],"current_hp_per_floor":[70,30,30,30,16,16,16,37,37,0,0],"gold":102,"neow_bonus":"","is_daily":false,"chose_seed":false,"campfire_upgraded":1,"win_rate":0.0,"timestamp":1610004555,"path_taken":["M","M","M","?","M","R","M","R","T","E"],"items_purchased_type":["Card"],"build_version":"2020-12-22","purchased_purges":0,"victory":false,"max_hp_per_floor":[70,70,70,70,70,70,70,70,70,70,70],"card_choices":[{"not_picked":["MHz","Scarecrow"],"picked":"Variant","floor":1},{"not_picked":["Deadly Poison","Finisher"],"picked":"Dagger Throw","floor":1},{"not_picked":["FairyFestival","WallGazer","BeautyBeast"],"picked":"Singing Bowl","floor":2},{"not_picked":["Deadly Poison","Terror"],"picked":"PiercingWail","floor":2},{"not_picked":["LittleHelper","SpiderBud"],"picked":"DespairKnight","floor":3},{"not_picked":["Backflip","Slice"],"picked":"Prepared","floor":3},{"not_picked":["ShyLook","MHz"],"picked":"OSAHOGD","floor":5},{"not_picked":["Dagger Throw","Dagger Spray"],"picked":"Phantasmal Killer","floor":5},{"not_picked":["Bloodbath","MeatLantern","ShyLook"],"picked":"Singing Bowl","floor":7},{"not_picked":["WallGazer","MHz"],"picked":"PunishingBird","floor":7},{"not_picked":["Prepared","Backflip"],"picked":"Quick Slash","floor":7}],"player_experience":249351,"relics_obtained":[{"floor":9,"key":"Mercury Hourglass"}],"event_choices":[],"is_beta":false,"boss_relics":[],"items_purged_floors":[],"is_endless":false,"potions_floor_spawned":[5],"killed_by":"Lagavulin","ascension_level":0}}