{"host":"fdmexzkyss3ff9bv","time":1610041030,"event":{"mods":["BaseMod","Beaked The Cultist","BetterRewards","Downfall","Glutton Mod","Halation","Hubris","Infinite Spire","Minty Spire (QoL Compilation)","Replay The Spire","StSLib","The Animator","The Blackbeard","The Bug Knight","The Construct","The Mystic","The Servant 0.9.4","The Witch"],"gold_per_floor":[116,133,146,160,235,269,269,302,302,44,44,44],"floor_reached":11,"playtime":739,"items_purged":[],"score":83,"play_id":"4cb382fc-a081-4bcf-a4bd-2c8942ad4fce","local_time":"20210107183710","is_ascension_mode":false,"campfire_choices":[{"floor":7,"key":"REST"}],"circlet_count":0,"master_deck":["Strike_B","Strike_B","Strike_B","Strike_B","Defend_B","Defend_B","Defend_B","Defend_B","Zap","Dualcast","Leap","Gash","Panic Button","Electrodynamics","Go for the Eyes","Conserve Battery","hubris:Ukulele"],"relics":["Cracked Core","hubris:Potato","Raider\u0027s Mask","Replay:Kaleidoscope","halation:LettersToHer","Incense Burner","infinitespire:WardingShard"],"acts_visited":["Exordium"],"potions_floor_usage":[4,6,6,11,11,11],"damage_taken":[{"damage":6,"enemies":"Jaw Worm","floor":1,"turns":4},{"damage":0,"enemies":"Cultist","floor":2,"turns":4},{"damage":0,"enemies":"Small Slimes","floor":3,"turns":2},{"damage":0,"enemies":"Red Slaver","floor":4,"turns":3},{"damage":19,"enemies":"Lagavulin","floor":6,"turns":9},{"damage":20,"enemies":"Gremlin Nob","floor":8,"turns":5},{"damage":4,"enemies":"Lagavulin","floor":11,"turns":5}],"seed_played":"7296016647323833535","potions_obtained":[{"floor":1,"key":"Milkshake"},{"floor":8,"key":"Toxic Potion"}],"is_trial":false,"path_per_floor":["M","M","M","M","?","E","R","E","T","$","E"],"character_chosen":"DEFECT","items_purchased":["Raider\u0027s Mask","Block Potion","Swift Potion","Dexterity Potion","LiquidMemories","SpeedPotion","hubris:Ukulele"],"campfire_rested":1,"item_purchase_floors":[0,0,0,10,10,10,10],"current_hp_per_floor":[34,34,34,34,23,4,26,6,6,6,2,2],"gold":44,"neow_bonus":"","is_daily":false,"chose_seed":false,"campfire_upgraded":0,"win_rate":0.0,"timestamp":1610041030,"path_taken":["M","M","M","M","?","E","R","E","T","?","E"],"items_purchased_type":["Relic","Potion","Potion","Potion","Potion","Potion","Card"],"build_version":"2020-12-13","purchased_purges":0,"victory":false,"max_hp_per_floor":[75,75,75,75,75,75,75,75,75,75,75,75],"card_choices":[{"not_picked":["Stack","Barrage"],"picked":"Leap","floor":1},{"not_picked":["Sunder","Sweeping Beam"],"picked":"Gash","floor":2},{"not_picked":["Reinforced Body","Go for the Eyes"],"picked":"Panic Button","floor":3},{"not_picked":["hubris:PowerSurge","Panic Button"],"picked":"Electrodynamics","floor":4},{"not_picked":["Storm","Streamline"],"picked":"Go for the Eyes","floor":6},{"not_picked":["Panic Button","Creative AI"],"picked":"Conserve Battery","floor":8}],"player_experience":92419,"relics_obtained":[{"floor":6,"key":"halation:LettersToHer"},{"floor":8,"key":"Incense Burner"},{"floor":9,"key":"halation:LettersToHer"},{"floor":9,"key":"infinitespire:WardingShard"}],"event_choices":[{"damage_healed":0,"gold_gain":75,"player_choice":"Gather Gold","damage_taken":11,"max_hp_gain":0,"max_hp_loss":0,"event_name":"World of Goop","floor":5,"gold_loss":0}],"is_beta":false,"boss_relics":[],"items_purged_floors":[],"is_endless":false,"potions_floor_spawned":[1,3,8],"killed_by":"Lagavulin","ascension_level":0}}