{"host":"a5lz0e76zb3fcwkm","time":1610034291,"event":{"mods":["AchievementEnabler","BaseMod","Colored Map","Colored Powertips","Minty Spire (QoL Compilation)","StSLib","SuperFastMode"],"gold_per_floor":[119,194,194,205,355,389,389,389,389,405,438,438,455,470,470,542,542,557,161,179,179,79,79,79,79,79,97,97,97,116,136,136,210,210,225,225,241,252,252,252,285,295,295,323,323,340,340,54,54,54,54,54,54,54,80,80,80],"floor_reached":56,"playtime":1662,"items_purged":["Doubt","Strike_G"],"score":2055,"play_id":"b4de454d-9bb9-4a98-ae5a-f440c854e808","local_time":"20210108004451","is_ascension_mode":true,"campfire_choices":[{"data":"Accuracy","floor":8.0,"key":"SMITH"},{"data":"Blade Dance","floor":15.0,"key":"SMITH"},{"data":"Blade Dance","floor":23.0,"key":"SMITH"},{"data":"Calculated Gamble","floor":25.0,"key":"SMITH"},{"data":"Adrenaline","floor":32.0,"key":"SMITH"},{"floor":40.0,"key":"RECALL"},{"floor":47.0,"key":"DIG"},{"floor":49.0,"key":"DIG"},{"floor":53.0,"key":"DIG"}],"circlet_count":0,"master_deck":["AscendersBane","Strike_G","Strike_G","Defend_G","Defend_G","Defend_G","Defend_G","Defend_G","Survivor","Neutralize","Calculated Gamble+1","Accuracy+1","Blade Dance+1","Backflip","Well Laid Plans+1","Corpse Explosion","Acrobatics","Blade Dance+1","Blade Dance+1","Calculated Gamble","Leg Sweep+1","Adrenaline+1","Wraith Form v2+1","Terror+1","Cloak And Dagger+1","Reflex","Blur"],"relics":["Ring of the Snake","Boot","Frozen Egg 2","Meat on the Bone","Question Card","Ice Cream","WristBlade","Gambling Chip","Nloth\u0027s Gift","Shuriken","Enchiridion","Busted Crown","Shovel","Turnip","Nunchaku","Kunai","Pantograph","Bottled Lightning","Anchor"],"acts_visited":["Exordium","TheCity","TheBeyond","TheEnding"],"potions_floor_usage":[56,56],"damage_taken":[{"damage":0.0,"enemies":"Small Slimes","floor":1.0,"turns":1.0},{"damage":0.0,"enemies":"2 Louse","floor":4.0,"turns":1.0},{"damage":0.0,"enemies":"Lagavulin","floor":6.0,"turns":1.0},{"damage":2.0,"enemies":"Jaw Worm","floor":10.0,"turns":4.0},{"damage":32.0,"enemies":"Gremlin Nob","floor":11.0,"turns":4.0},{"damage":0.0,"enemies":"Large Slime","floor":13.0,"turns":6.0},{"damage":6.0,"enemies":"Exordium Thugs","floor":14.0,"turns":5.0},{"damage":15.0,"enemies":"The Guardian","floor":16.0,"turns":14.0},{"damage":16.0,"enemies":"Spheric Guardian","floor":18.0,"turns":4.0},{"damage":1.0,"enemies":"3 Byrds","floor":20.0,"turns":2.0},{"damage":0.0,"enemies":"Snecko","floor":27.0,"turns":1.0},{"damage":0.0,"enemies":"Snake Plant","floor":30.0,"turns":2.0},{"damage":5.0,"enemies":"Centurion and Healer","floor":31.0,"turns":4.0},{"damage":11.0,"enemies":"Automaton","floor":33.0,"turns":3.0},{"damage":0.0,"enemies":"3 Darklings","floor":35.0,"turns":1.0},{"damage":0.0,"enemies":"3 Shapes","floor":37.0,"turns":1.0},{"damage":2.0,"enemies":"Writhing Mass","floor":38.0,"turns":4.0},{"damage":0.0,"enemies":"Reptomancer","floor":41.0,"turns":2.0},{"damage":0.0,"enemies":"Transient","floor":42.0,"turns":6.0},{"damage":0.0,"enemies":"Giant Head","floor":44.0,"turns":2.0},{"damage":11.0,"enemies":"Maw","floor":46.0,"turns":4.0},{"damage":49.0,"enemies":"Awakened One","floor":50.0,"turns":6.0},{"damage":7.0,"enemies":"Donu and Deca","floor":51.0,"turns":4.0},{"damage":15.0,"enemies":"Shield and Spear","floor":55.0,"turns":5.0},{"damage":66,"enemies":"The Heart","floor":56,"turns":6}],"seed_played":"-6265479114820859743","potions_obtained":[{"floor":1.0,"key":"CunningPotion"},{"floor":4.0,"key":"EssenceOfSteel"},{"floor":10.0,"key":"Regen Potion"},{"floor":13.0,"key":"CunningPotion"},{"floor":20.0,"key":"Regen Potion"},{"floor":31.0,"key":"Weak Potion"},{"floor":42.0,"key":"CultistPotion"}],"is_trial":false,"path_per_floor":["M","?","?","M","?","E","?","R","T","M","E","T","M","M","R","B",null,"M","$","M","?","$","R","?","R","T","M","?","?","M","M","R","B",null,"M","?","M","M","?","R","E","M","T","E","?","M","R","$","R","B","B",null,"R","$","E","B"],"character_chosen":"THE_SILENT","items_purchased":["Gambling Chip","Kunai"],"campfire_rested":0,"item_purchase_floors":[19,48],"current_hp_per_floor":[59,48,48,48,48,48,30,30,30,40,20,20,32,38,38,35,58,42,42,41,41,41,41,41,41,41,41,41,20,37,44,44,45,61,61,61,61,59,59,59,59,59,59,59,50,39,39,39,39,27,45,61,61,61,46,0,0],"gold":80,"neow_bonus":"THREE_ENEMY_KILL","is_daily":false,"chose_seed":false,"campfire_upgraded":5,"win_rate":0.0,"timestamp":1610034291,"path_taken":["M","?","?","M","?","E","?","R","T","M","E","?","?","M","R","BOSS","M","$","M","?","?","R","?","R","T","?","?","?","M","M","R","BOSS","M","?","M","M","?","R","E","?","T","E","?","?","R","$","R","BOSS","BOSS","R","$","E","BOSS"],"items_purchased_type":["Relic","Relic"],"build_version":"2020-12-22","purchased_purges":2,"victory":false,"max_hp_per_floor":[66,66,66,66,66,66,66,66,66,66,66,66,66,66,66,66,66,66,66,66,66,66,66,66,66,66,66,66,66,66,66,66,66,66,66,66,66,66,66,66,66,66,66,66,66,66,66,66,66,66,66,66,66,66,66,66,66],"card_choices":[{"not_picked":["Quick Slash","Prepared"],"picked":"Calculated Gamble","floor":1.0},{"not_picked":["Quick Slash","Caltrops"],"picked":"Blade Dance","floor":4.0},{"not_picked":["Underhanded Strike","Distraction","Choke"],"picked":"SKIP","floor":6.0},{"not_picked":["Heel Hook","Slice"],"picked":"Backflip","floor":10.0},{"not_picked":["Deflect","Backflip"],"picked":"Well Laid Plans+1","floor":11.0},{"not_picked":["Finisher","Slice","Dagger Spray","Deflect"],"picked":"SKIP","floor":13.0},{"not_picked":["Dodge and Roll","Concentrate","Flying Knee","Deadly Poison"],"picked":"SKIP","floor":14.0},{"not_picked":["Die Die Die","Night Terror","Unload"],"picked":"Corpse Explosion","floor":16.0},{"not_picked":["Dagger Throw","Deadly Poison+1","Well Laid Plans+1"],"picked":"Acrobatics","floor":18.0},{"not_picked":["Infinite Blades+1","PiercingWail","Backstab"],"picked":"Blade Dance","floor":20.0},{"not_picked":["Burst","Underhanded Strike","PiercingWail"],"picked":"Blade Dance+1","floor":27.0},{"not_picked":["Slice","Bane","Accuracy+1"],"picked":"Leg Sweep+1","floor":30.0},{"not_picked":["Well Laid Plans+1","Underhanded Strike","Quick Slash"],"picked":"Adrenaline","floor":31.0},{"not_picked":["Bullet Time","Burst","Night Terror"],"picked":"Wraith Form v2+1","floor":33.0},{"not_picked":["Acrobatics","Poisoned Stab+1"],"picked":"SKIP","floor":35.0},{"not_picked":["Poisoned Stab"],"picked":"Terror","floor":37.0},{"not_picked":["Outmaneuver+1","Bane"],"picked":"SKIP","floor":38.0},{"not_picked":["Tools of the Trade+1"],"picked":"Cloak And Dagger+1","floor":41.0},{"not_picked":["Cloak And Dagger+1"],"picked":"Reflex","floor":42.0},{"not_picked":["Prepared"],"picked":"Blur","floor":44.0},{"not_picked":["Backflip","Masterful Stab"],"picked":"SKIP","floor":46.0},{"not_picked":["Dagger Throw+1","Burst"],"picked":"SKIP","floor":55.0}],"player_experience":1695691,"relics_obtained":[{"floor":6.0,"key":"Boot"},{"floor":9.0,"key":"Meat on the Bone"},{"floor":11.0,"key":"Question Card"},{"floor":12.0,"key":"Ice Cream"},{"floor":26.0,"key":"Shuriken"},{"floor":29.0,"key":"Enchiridion"},{"floor":41.0,"key":"Shovel"},{"floor":44.0,"key":"Turnip"},{"floor":47.0,"key":"Nunchaku"},{"floor":49.0,"key":"Pantograph"},{"floor":53.0,"key":"Bottled Lightning"},{"floor":55.0,"key":"Anchor"}],"event_choices":[{"damage_healed":0.0,"max_hp_gain":0.0,"max_hp_loss":0.0,"gold_gain":75.0,"event_name":"World of Goop","player_choice":"Gather Gold","floor":2.0,"gold_loss":0.0,"damage_taken":11.0},{"damage_healed":0.0,"max_hp_gain":0.0,"max_hp_loss":0.0,"gold_gain":0.0,"cards_transformed":["Strike_G"],"event_name":"Living Wall","player_choice":"Change","floor":3.0,"gold_loss":0.0,"damage_taken":0.0,"cards_obtained":["Accuracy"]},{"damage_healed":0.0,"max_hp_gain":0.0,"max_hp_loss":0.0,"gold_gain":150.0,"event_name":"Liars Game","player_choice":"AGREE","floor":5.0,"gold_loss":0.0,"damage_taken":0.0,"cards_obtained":["Doubt"]},{"damage_healed":0.0,"max_hp_gain":0.0,"max_hp_loss":0.0,"gold_gain":0.0,"event_name":"Scrap Ooze","player_choice":"Success","floor":7.0,"gold_loss":0.0,"damage_taken":18.0,"relics_obtained":["Frozen Egg 2"]},{"damage_healed":0.0,"max_hp_gain":0.0,"max_hp_loss":0.0,"gold_gain":0.0,"event_name":"N\u0027loth","player_choice":"Traded Relic","floor":21.0,"relics_lost":["NeowsBlessing"],"gold_loss":0.0,"damage_taken":0.0,"relics_obtained":["Nloth\u0027s Gift"]},{"damage_healed":0.0,"max_hp_gain":0.0,"max_hp_loss":0.0,"gold_gain":0.0,"cards_transformed":["Strike_G"],"event_name":"Transmorgrifier","player_choice":"Transformed","floor":24.0,"gold_loss":0.0,"damage_taken":0.0,"cards_obtained":["Dash"]},{"damage_healed":0.0,"max_hp_gain":0.0,"max_hp_loss":0.0,"gold_gain":0.0,"event_name":"The Library","player_choice":"Read","floor":28.0,"gold_loss":0.0,"damage_taken":0.0,"cards_obtained":["Calculated Gamble"]},{"damage_healed":0.0,"max_hp_gain":0.0,"max_hp_loss":0.0,"gold_gain":0.0,"event_name":"Cursed Tome","player_choice":"Obtained Book","floor":29.0,"gold_loss":0.0,"damage_taken":21.0},{"cards_removed":["Dash"],"damage_healed":0.0,"max_hp_gain":0.0,"max_hp_loss":0.0,"gold_gain":0.0,"event_name":"Falling","player_choice":"Removed Attack","floor":36.0,"gold_loss":0.0,"damage_taken":0.0},{"damage_healed":0.0,"max_hp_gain":0.0,"max_hp_loss":0.0,"gold_gain":0.0,"event_name":"Upgrade Shrine","player_choice":"Upgraded","floor":39.0,"gold_loss":0.0,"damage_taken":0.0,"cards_upgraded":["Terror"]},{"damage_healed":0.0,"max_hp_gain":0.0,"max_hp_loss":0.0,"gold_gain":0.0,"event_name":"Wheel of Change","player_choice":"Damaged","floor":45.0,"gold_loss":0.0,"damage_taken":9.0}],"is_beta":false,"boss_relics":[{"not_picked":["SacredBark","Calling Bell"],"picked":"WristBlade"},{"not_picked":["Black Star","HoveringKite"],"picked":"Busted Crown"}],"items_purged_floors":[19,22],"is_endless":false,"potions_floor_spawned":[1,4,10,13,20,31,38,42,46],"killed_by":"The Heart","ascension_level":20}}