{"host":"raxmxgtw2nbiczxd","time":1610025823,"event":{"mods":["AchievementEnabler","Aspiration","BaseMod","Beaked The Cultist","BetterRewards","Challenge The Spire","Conspire","Friendly Minions","Halation","Hubris","Infinite Spire","Jedi Mod","Mimic Mod","Minty Spire (QoL Compilation)","Quick Restart","Relic Stats","Replay The Spire","Shop Mod","Spikes Relics","StSLib","SuperFastMode","The Animator","The Blackbeard","The Necromancer","The Servant 0.9.4","Yuri Mod","vexMod","????"],"gold_per_floor":[115,130,481,496,496,526,162,162,187,196,211,211,226,256,120,220,220,235,135,135,150,210,240,111,126,126,156,156,436,436,451,321,442,442,486,486,533,533,0,0,0,0,0,0,75,95,95,95],"floor_reached":49,"playtime":2879,"items_purged":["yuri:ThrowingKnives+1"],"score":1481,"play_id":"9a7a09a0-4eaa-48eb-bbbe-c8e9705011b8","local_time":"20210107202343","daily_mods":["SealedDeck","Green Cards","Lethality"],"is_ascension_mode":false,"campfire_choices":[{"floor":42,"key":"REST"}],"circlet_count":0,"master_deck":["yuri:BookRed+10","yuri:BookRed+10","yuri:BookRed+10","yuri:BookRed+10","yuri:BookRed+10","yuri:BookBlue+10","yuri:BookBlue+10","yuri:BookBlue+10","yuri:BookBlue+10","yuri:BookBlue+10"],"relics":["yuri:yuriKnife","Molten Egg 2","Frozen Egg 2","Toxic Egg 2","Quantum Egg","Mummified Hand","Ice Cream","yuri:BloodyKnife","yuri:BookOfBooks","jedi:maincommand","hubris:OldNail","Blue Doll","DollysMirror","Ring of Hypnosis","ReplayTheSpireMod:Ring of Collecting","The Courier","halation:LettersToHer","ReplayFunnel","Bird Faced Urn","Gremlin Horn","aspiration:HummingbirdHeart","Membership Card","Solar Panel","Tiny Chest","aspiration:FaultyCoupler","Singing Bowl","Pantograph","jedi:crownofsimplicity","Bag of Preparation","ReplayTheSpireMod:Shallot","TwistedFunnel","Fusion Hammer","conspire:Dentures","ReplayTheSpireMod:Ring of Challenge","conspire:DeflatedDodgeball","Anchor","Ring of Peace","Matryoshka","Lantern","conspire:InfiniteJournal","Juzu Bracelet","Eternal Feather","infinitespire:EvilPickle","Black Star","Ring of Fangs","yuri:GlassOfWater","yuri:PortableGlitches","halation:PapillonHeart","Red Mask","InkBottle","Orichalcum","hubris:CrystalStatue","Mirror","Unceasing Top"],"acts_visited":["Exordium","TheCity","TheBeyond"],"potions_floor_usage":[],"damage_taken":[{"damage":22,"enemies":"Jaw Worm","floor":1,"turns":4},{"damage":0,"enemies":"2 Louse","floor":2,"turns":1},{"damage":0,"enemies":"Cultist","floor":4,"turns":1},{"damage":0,"enemies":"Gremlin Nob","floor":6,"turns":1},{"damage":0,"enemies":"Looter","floor":11,"turns":1},{"damage":0,"enemies":"Large Slime","floor":13,"turns":1},{"damage":0,"enemies":"3 Sentries","floor":14,"turns":2},{"damage":0,"enemies":"Fading Forest","floor":16,"turns":8},{"damage":0,"enemies":"Spheric Guardian","floor":18,"turns":2},{"damage":0,"enemies":"3 Byrds","floor":21,"turns":2},{"damage":0,"enemies":"Snecko","floor":22,"turns":2},{"damage":0,"enemies":"Book of Stabbing","floor":23,"turns":3},{"damage":0,"enemies":"Sentry and Sphere","floor":25,"turns":3},{"damage":0,"enemies":"Gremlin Leader","floor":27,"turns":3},{"damage":0,"enemies":"Centurion and Healer","floor":31,"turns":3},{"damage":0,"enemies":"Pondfish","floor":33,"turns":4},{"damage":0,"enemies":"3 Darklings","floor":35,"turns":3},{"damage":0,"enemies":"3 Shapes","floor":37,"turns":2},{"damage":0,"enemies":"Jaw Worm Horde","floor":46,"turns":1},{"damage":0,"enemies":"LordOfAnnihilation","floor":48,"turns":2}],"seed_played":"8350349167999303424","potions_obtained":[{"floor":2,"key":"Block Potion"},{"floor":14,"key":"infinitespire:BlackPotion"},{"floor":27,"key":"Fire Potion"},{"floor":37,"key":"Block Potion"}],"is_trial":false,"path_per_floor":["M","M","$","M","?","E","R","?","T","$","M","T","M","E","R","B",null,"M","$","T","M","M","E","R","M","T","E","?","$","?","M","R","B",null,"M","T","M","?","?","NS","$","R","T","T","T","M","?","B",null],"character_chosen":"YURI","items_purchased":["yuri:MPose+1","jedi:command_common","jedi:command_common","jedi:command_shop","yuri:ThrowingKnives+1","yuri:GrowingInsanity+1","yuri:BookRed+1","yuri:SturdyUniform+1","yuri:GrowingInsanity+1","yuri:GrowingInsanity+1","jedi:command_common","yuri:BookBlue+1","yuri:BookRed+1","yuri:SturdyUniform+1","yuri:SturdyUniform+1","yuri:GrowingInsanity+1","jedi:command_rare","jedi:command_uncommon","jedi:command_uncommon","jedi:command_shop","jedi:command_uncommon","jedi:command_common","yuri:TPose+1","jedi:command_uncommon","jedi:command_uncommon","jedi:command_uncommon","jedi:command_common","yuri:SturdyUniform+1","yuri:Stalk+1","yuri:MPose+1","jedi:command_shop","jedi:command_uncommon","yuri:GrowingInsanity+1","yuri:BookRed+1","yuri:MPose+1","yuri:MPose+1","yuri:TPose+1","yuri:Stalk+1","yuri:SturdyUniform+1","yuri:GrowingInsanity+1","jedi:command_rare","jedi:command_common","jedi:wingpotion","jedi:command_uncommon"],"campfire_rested":1,"item_purchase_floors":[3,3,3,3,3,3,7,7,7,7,7,10,10,10,10,10,10,10,10,10,10,10,10,10,10,10,10,15,15,15,15,19,24,24,24,24,24,24,29,29,29,29,32,32],"current_hp_per_floor":[58,58,58,58,58,58,58,58,58,58,78,78,84,86,86,88,88,90,90,90,92,92,92,92,92,92,94,94,94,94,96,96,96,96,96,96,98,93,93,93,93,93,93,93,93,95,95,95],"gold":95,"neow_bonus":"","is_daily":true,"chose_seed":false,"campfire_upgraded":0,"win_rate":0.0,"timestamp":1610025823,"path_taken":["M","M","$","M","?","E","R","?","T","?","?","?","M","E","R","BOSS","M","?","?","M","M","E","R","?","T","E","?","$","?","M","R","BOSS","M","?","M","?","?","NS","?","R","T","?","?","M","?","BOSS"],"items_purchased_type":["Card","Relic","Relic","Relic","Card","Card","Card","Card","Card","Card","Relic","Card","Card","Card","Card","Card","Relic","Relic","Relic","Relic","Relic","Relic","Card","Relic","Relic","Relic","Relic","Card","Card","Card","Relic","Relic","Card","Card","Card","Card","Card","Card","Card","Card","Relic","Relic","Potion","Relic"],"build_version":"2020-12-22","purchased_purges":1,"victory":true,"max_hp_per_floor":[80,80,80,80,80,80,80,80,80,80,82,82,84,86,86,88,88,90,90,90,92,92,92,92,92,92,94,94,94,94,96,96,96,96,96,96,98,93,93,93,93,93,93,93,93,95,95,95],"relic_stats":{"Gremlin Horn":[9,10],"Singing Bowl":20,"counters":[20,49],"Eternal Feather":0,"Bag of Preparation":[30],"Juzu Bracelet":1,"Orichalcum":[6],"Mummified Hand":[168],"Bird Faced Urn":[16],"Pantograph":0,"Tiny Chest":3,"Black Star":0,"obtain_stats":[{"Ice Cream":0,"TwistedFunnel":15,"hubris:CrystalStatue":44,"Gremlin Horn":10,"jedi:command_rare":10,"DollysMirror":3,"yuri:GlassOfWater":36,"Fusion Hammer":17,"Toxic Egg 2":0,"aspiration:FaultyCoupler":10,"yuri:BookOfBooks":0,"conspire:Dentures":19,"Ring of Hypnosis":5,"yuri:yuriKnife":0,"yuri:BloodyKnife":0,"Eternal Feather":32,"infinitespire:EvilPickle":33,"ReplayTheSpireMod:Shallot":14,"ReplayTheSpireMod:Ring of Collecting":5,"Bird Faced Urn":10,"Molten Egg 2":0,"Black Star":34,"jedi:maincommand":0,"Mirror":45,"Unceasing Top":46,"ReplayFunnel":9,"Solar Panel":10,"Lantern":27,"halation:PapillonHeart":38,"Singing Bowl":10,"Blue Doll":3,"Bag of Preparation":12,"jedi:command_boss":17,"Juzu Bracelet":29,"conspire:InfiniteJournal":29,"Matryoshka":26,"Ring of Fangs":36,"Mummified Hand":0,"Pantograph":10,"Ring of Peace":26,"Tiny Chest":10,"Red Mask":39,"halation:LettersToHer":7,"InkBottle":43,"jedi:command_common":3,"jedi:command_uncommon":6,"Quantum Egg":0,"The Courier":6,"aspiration:HummingbirdHeart":10,"jedi:crownofsimplicity":10,"Frozen Egg 2":0,"Orichalcum":43,"Anchor":23,"Membership Card":10,"jedi:command_shop":3,"ReplayTheSpireMod:Ring of Challenge":20,"conspire:DeflatedDodgeball":20,"yuri:PortableGlitches":36,"hubris:OldNail":3},{"Ice Cream":0,"TwistedFunnel":7,"hubris:CrystalStatue":18,"Gremlin Horn":4,"jedi:command_rare":4,"DollysMirror":2,"yuri:GlassOfWater":17,"Fusion Hammer":8,"Toxic Egg 2":0,"aspiration:FaultyCoupler":4,"yuri:BookOfBooks":0,"conspire:Dentures":9,"Ring of Hypnosis":3,"yuri:yuriKnife":0,"yuri:BloodyKnife":0,"Eternal Feather":15,"infinitespire:EvilPickle":16,"ReplayTheSpireMod:Shallot":7,"ReplayTheSpireMod:Ring of Collecting":3,"Bird Faced Urn":4,"Molten Egg 2":0,"Black Star":16,"jedi:maincommand":0,"Mirror":18,"Unceasing Top":19,"ReplayFunnel":4,"Solar Panel":4,"Lantern":14,"halation:PapillonHeart":18,"Singing Bowl":4,"Blue Doll":2,"Bag of Preparation":5,"jedi:command_boss":8,"Juzu Bracelet":14,"conspire:InfiniteJournal":14,"Matryoshka":13,"Ring of Fangs":17,"Mummified Hand":0,"Pantograph":4,"Ring of Peace":13,"Tiny Chest":4,"Red Mask":18,"halation:LettersToHer":4,"InkBottle":18,"jedi:command_common":2,"jedi:command_uncommon":4,"Quantum Egg":0,"The Courier":4,"aspiration:HummingbirdHeart":4,"jedi:crownofsimplicity":4,"Frozen Egg 2":0,"Orichalcum":18,"Anchor":12,"Membership Card":4,"jedi:command_shop":2,"ReplayTheSpireMod:Ring of Challenge":9,"conspire:DeflatedDodgeball":9,"yuri:PortableGlitches":17,"hubris:OldNail":2},{"Ice Cream":0,"TwistedFunnel":11,"hubris:CrystalStatue":46,"Gremlin Horn":7,"jedi:command_rare":7,"DollysMirror":5,"yuri:GlassOfWater":44,"Fusion Hammer":19,"Toxic Egg 2":0,"aspiration:FaultyCoupler":7,"yuri:BookOfBooks":0,"conspire:Dentures":21,"Ring of Hypnosis":6,"yuri:yuriKnife":0,"yuri:BloodyKnife":0,"Eternal Feather":37,"infinitespire:EvilPickle":41,"ReplayTheSpireMod:Shallot":11,"ReplayTheSpireMod:Ring of Collecting":6,"Bird Faced Urn":7,"Molten Egg 2":0,"Black Star":41,"jedi:maincommand":0,"Mirror":46,"Unceasing Top":47,"ReplayFunnel":7,"Solar Panel":7,"Lantern":34,"halation:PapillonHeart":46,"Singing Bowl":7,"Blue Doll":5,"Bag of Preparation":8,"jedi:command_boss":19,"Juzu Bracelet":34,"conspire:InfiniteJournal":34,"Matryoshka":31,"Ring of Fangs":44,"Mummified Hand":0,"Pantograph":7,"Ring of Peace":31,"Tiny Chest":7,"Red Mask":46,"halation:LettersToHer":7,"InkBottle":46,"jedi:command_common":5,"jedi:command_uncommon":7,"Quantum Egg":0,"The Courier":7,"aspiration:HummingbirdHeart":7,"jedi:crownofsimplicity":7,"Frozen Egg 2":0,"Orichalcum":46,"Anchor":28,"Membership Card":7,"jedi:command_shop":5,"ReplayTheSpireMod:Ring of Challenge":21,"conspire:DeflatedDodgeball":21,"yuri:PortableGlitches":44,"hubris:OldNail":5}],"InkBottle":[7],"Unceasing Top":[8]},"card_choices":[{"not_picked":["yuri:BookRed+1","yuri:BookGreen+1","yuri:BookPurple+1"],"picked":"yuri:BookBlue+1","floor":0},{"not_picked":["yuri:UntestedCode+1","yuri:MPose+1"],"picked":"yuri:ThrowingKnives+1","floor":1},{"not_picked":["yuri:UntestedCode+1","yuri:AdaptiveAI+1","yuri:ReactiveMadness+1"],"picked":"SKIP","floor":2},{"not_picked":["yuri:UntestedCode+1","yuri:AdaptiveAI+1"],"picked":"yuri:ReactiveMadness+1","floor":2},{"not_picked":["yuri:BookPurple+1","yuri:HeavierStrike+1","yuri:CalmingAura+1"],"picked":"SKIP","floor":4},{"not_picked":["yuri:GreenTea+1","yuri:CorruptHitbox+1"],"picked":"yuri:BookBlue+1","floor":6},{"not_picked":["yuri:BookPurple+1","yuri:yuriQuickStrike+1","yuri:DebugCard+1"],"picked":"Singing Bowl","floor":11},{"not_picked":["yuri:RecklessStrike+1","yuri:TeaSet+1","yuri:GlitchedStrike+1"],"picked":"Singing Bowl","floor":13},{"not_picked":["yuri:HoldBack+1","yuri:Spin+1","yuri:Skip+1"],"picked":"Singing Bowl","floor":14},{"not_picked":["yuri:RemoveSafetyChecks+1","yuri:NoEscape+1","yuri:ExploitStrike+1"],"picked":"Singing Bowl","floor":16},{"not_picked":["yuri:yuriHeavyStrike+1","yuri:WickedSlash+1","yuri:TPose+1"],"picked":"Singing Bowl","floor":18},{"not_picked":["yuri:SelfHarm+1","yuri:yuriHeavyStrike+1","yuri:ReloadGame+1"],"picked":"Singing Bowl","floor":21},{"not_picked":["yuri:yuriHeavyStrike+1","yuri:BookGreen+1"],"picked":"yuri:TPose+1","floor":22},{"not_picked":["yuri:UntestedCode+1","yuri:yuriQuickStrike+1","yuri:ThrowingKnives+1"],"picked":"SKIP","floor":23},{"not_picked":["yuri:Skip+1","yuri:DebugCard+1"],"picked":"yuri:MPose+1","floor":25},{"not_picked":["yuri:yuriHeavyStrike+1","yuri:TeaSet+1","yuri:HeavierStrike+1"],"picked":"Singing Bowl","floor":27},{"not_picked":["yuri:yuriQuickStrike+1","yuri:Torment+1","yuri:Parry+1"],"picked":"Singing Bowl","floor":31},{"not_picked":["yuri:NoEscape+1","yuri:Torment+1"],"picked":"yuri:DragonForm+1","floor":33},{"not_picked":["yuri:TPose+1","yuri:Stare+1","yuri:GreenTea+1"],"picked":"SKIP","floor":35},{"not_picked":["yuri:TPose+1","yuri:CalmingAura+1","yuri:HeavierStrike+1"],"picked":"Singing Bowl","floor":37},{"not_picked":["yuri:Torment+1","yuri:CorruptHitbox+1","yuri:Skip+1"],"picked":"Singing Bowl","floor":46}],"player_experience":129115,"relics_obtained":[{"floor":5,"key":"Ring of Hypnosis"},{"floor":5,"key":"ReplayTheSpireMod:Ring of Collecting"},{"floor":6,"key":"jedi:command_uncommon"},{"floor":9,"key":"halation:LettersToHer"},{"floor":9,"key":"jedi:command_common"},{"floor":12,"key":"halation:LettersToHer"},{"floor":12,"key":"jedi:command_common"},{"floor":14,"key":"jedi:command_uncommon"},{"floor":20,"key":"ReplayTheSpireMod:Ring of Challenge"},{"floor":20,"key":"halation:LettersToHer"},{"floor":20,"key":"jedi:command_uncommon"},{"floor":23,"key":"jedi:command_common"},{"floor":26,"key":"Ring of Peace"},{"floor":26,"key":"halation:LettersToHer"},{"floor":26,"key":"jedi:command_uncommon"},{"floor":27,"key":"jedi:command_common"},{"floor":36,"key":"Ring of Fangs"},{"floor":36,"key":"halation:LettersToHer"},{"floor":36,"key":"jedi:command_uncommon"},{"floor":36,"key":"jedi:command_uncommon"},{"floor":43,"key":"halation:LettersToHer"},{"floor":43,"key":"jedi:command_uncommon"},{"floor":43,"key":"jedi:command_common"},{"floor":44,"key":"halation:LettersToHer"},{"floor":44,"key":"jedi:command_uncommon"},{"floor":45,"key":"halation:LettersToHer"},{"floor":45,"key":"jedi:command_uncommon"}],"event_choices":[{"damage_healed":0,"gold_gain":0,"player_choice":"Ignored","damage_taken":0,"max_hp_gain":0,"max_hp_loss":0,"event_name":"Shining Light","floor":8,"gold_loss":0},{"damage_healed":0,"gold_gain":0,"cards_transformed":["yuri:TPose"],"player_choice":"Transformed","damage_taken":0,"max_hp_gain":0,"max_hp_loss":0,"event_name":"Transmorgrifier","floor":30,"gold_loss":0,"cards_obtained":["yuri:GreenTea"]},{"damage_healed":0,"gold_gain":0,"player_choice":"Paid","damage_taken":0,"relics_obtained":["Red Mask"],"max_hp_gain":0,"max_hp_loss":0,"event_name":"Tomb of Lord Red Mask","floor":39,"gold_loss":533},{"damage_healed":0,"gold_gain":0,"player_choice":"Took Portal","damage_taken":0,"max_hp_gain":0,"max_hp_loss":0,"event_name":"SecretPortal","floor":47,"gold_loss":0}],"is_beta":false,"boss_relics":[{"not_picked":["jedi:command_boss","jedi:command_boss"],"picked":"jedi:command_boss"},{"not_picked":["jedi:command_boss","jedi:command_boss"],"picked":"jedi:command_boss"}],"items_purged_floors":[10],"is_endless":false,"potions_floor_spawned":[2,6,14,18,22,27,31,35,37],"ascension_level":0}}