{"host":"pno9h1fupbyz205f","time":1610058917,"event":{"mods":["Aspiration","BaseMod","Better Altar","Better Match","Better Note","Better Sensory Stone","Better Skull","Better Third Choice","Colored Map","Colored Powertips","Hubris","Infinite Spire","Jedi Mod","Mad Scientist","Marisa????????","Minty Spire (QoL Compilation)","Permanent Neow","Potionbrewer","Replay The Spire","Shop Mod","StSLib","Td1madao Mod","The Blackbeard","The Gatherer","The Hierophant","The Poker Player","The Runesmith","The Servant 0.9.4","thorton","vexMod"],"gold_per_floor":[111,127,127,127,138,138,151,151,229,229,229,229,243,92,118,133,133,281,281,321,321,321],"floor_reached":21,"playtime":1019,"items_purged":["Strike_MRS"],"score":171,"play_id":"28a7bb0a-050f-4f2b-8ab5-367aad171367","local_time":"20210107143517","is_ascension_mode":false,"campfire_choices":[{"data":"EscapeVelocity","floor":6,"key":"SMITH"},{"data":"UpSweep","floor":10,"key":"SMITH"},{"data":"ManaConvection","floor":17,"key":"SMITH"}],"circlet_count":0,"master_deck":["Defend_MRS","Defend_MRS","Defend_MRS","MasterSpark","UpSweep+1","EscapeVelocity+1","Acceleration","EarthLightRay","EarthLightRay","DC","NonDirectionalLaser","ShootingEcho","SporeBomb","WitchOfGreed","ManaConvection+1","6A","JA","EventHorizon+1","DeepEcoloBomb+1","OortCloud+1","GravityBeat"],"relics":["MiniHakkero","infinitespire:Midas Blood","Astrolabe"],"acts_visited":["Exordium","TheCity"],"potions_floor_usage":[7,16,16,18,20],"damage_taken":[{"damage":11,"enemies":"2 Louse","floor":1,"turns":3},{"damage":0,"enemies":"Small Slimes","floor":2,"turns":3},{"damage":6,"enemies":"Jaw Worm","floor":5,"turns":4},{"damage":10,"enemies":"Looter","floor":7,"turns":3},{"damage":18,"enemies":"Large Slime","floor":13,"turns":3},{"damage":0,"enemies":"3 Louse","floor":15,"turns":2},{"damage":7,"enemies":"Blue Slaver","floor":16,"turns":3},{"damage":59,"enemies":"The Guardian","floor":18,"turns":11},{"damage":24,"enemies":"Chosen","floor":20,"turns":6},{"damage":0,"enemies":"2 Thieves","floor":21,"turns":1}],"seed_played":"-5030042604966876189","potions_obtained":[{"floor":5,"key":"BottledSpark"},{"floor":7,"key":"ColorlessPotion"},{"floor":15,"key":"Flashbang"},{"floor":15,"key":"potionbrewer:InfectionPotion"},{"floor":18,"key":"BlessingOfTheForge"},{"floor":20,"key":"AttackPotion"}],"is_trial":false,"path_per_floor":["M","M","?","?","M","R","M","?","T","R","PTL","PTL","M","$","M","M","R","B",null,"M","M"],"character_chosen":"MARISA","items_purchased":["SporeBomb","WitchOfGreed"],"campfire_rested":0,"item_purchase_floors":[14,14],"current_hp_per_floor":[64,64,64,64,66,66,64,64,64,64,64,64,54,54,58,59,59,8,75,57,57,57],"gold":321,"neow_bonus":"ONE_RANDOM_RARE_CARD","is_daily":false,"chose_seed":false,"campfire_upgraded":3,"win_rate":0.0,"timestamp":1610058917,"path_taken":["M","M","?","?","?","R","M","?","T","R","PTL","PTL","M","$","M","M","R","BOSS","M","M"],"items_purchased_type":["Card","Card"],"build_version":"2020-12-22","purchased_purges":1,"victory":false,"max_hp_per_floor":[75,75,75,75,75,75,75,75,75,75,75,75,75,75,75,75,75,75,75,75,75,75],"card_choices":[{"not_picked":["MysteriousBeam","WitchLeyline"],"picked":"Acceleration","floor":1},{"not_picked":["GravityBeat","MilkyWay"],"picked":"EarthLightRay","floor":2},{"not_picked":["OneTimeOff","SporeBomb"],"picked":"DC","floor":5},{"not_picked":["GalacticHalo","EscapeVelocity"],"picked":"NonDirectionalLaser","floor":7},{"not_picked":["GalacticHalo","SporeBomb"],"picked":"ShootingEcho","floor":13},{"not_picked":["OpenUniverse","SprinkleStarSeal"],"picked":"ManaConvection","floor":15},{"not_picked":["EnergyRecoil","LuminesStrike"],"picked":"6A","floor":16},{"not_picked":["BigCrunch","MaximisePower"],"picked":"JA","floor":18},{"not_picked":["WitchLeyline","GalacticHalo+1"],"picked":"GravityBeat","floor":20}],"player_experience":111599,"relics_obtained":[{"floor":9,"key":"infinitespire:Midas Blood"}],"event_choices":[],"is_beta":false,"boss_relics":[{"not_picked":["Fusion Hammer","Runic Pyramid"],"picked":"Astrolabe"}],"items_purged_floors":[14],"is_endless":false,"potions_floor_spawned":[5,7,15],"killed_by":"2 Thieves","ascension_level":0}}