{"host":"fxh4234sf5pb3xr6","time":1610002518,"event":{"mods":["BaseMod","Colored Map","Colored Powertips","Minty Spire (QoL Compilation)","StSLib"],"gold_per_floor":[113,63,63,63,86,126,126,149,149,149,190,190,211,276,276,404,404,427,442,442,458,94,94,132,17,17,58,71,86,86,109,109,233,233,253,253,273,22,46,89,89,133,208,208,249,273,289,314,314,314,314],"floor_reached":50,"playtime":3241,"items_purged":["Strike_B","Strike_B","Defend_B"],"score":784,"play_id":"6e804805-68c0-4a42-ad35-3efbe4d5a47d","local_time":"20210107015518","is_ascension_mode":true,"campfire_choices":[{"data":"Ball Lightning","floor":7,"key":"SMITH"},{"floor":10,"key":"REST"},{"data":"Glacier","floor":12,"key":"SMITH"},{"data":"Biased Cognition","floor":15,"key":"SMITH"},{"floor":23,"key":"REST"},{"data":"Electrodynamics","floor":32,"key":"SMITH"},{"floor":44,"key":"REST"},{"data":"Conserve Battery","floor":49,"key":"SMITH"}],"circlet_count":0,"master_deck":["Strike_B","Strike_B+1","Defend_B+1","Zap+1","Dualcast+1","Biased Cognition+1","FTL+1","Ball Lightning+1","Glacier+1","Conserve Battery+1","Cold Snap","Redo+1","Self Repair+1","White Noise+1","Flash of Steel","Electrodynamics+1","Sweeping Beam","White Noise+1","Echo Form","Blind+1","Madness+1","Madness+1","Force Field+1"],"relics":["Cracked Core","Golden Idol","Singing Bowl","The Courier","Darkstone Periapt","Toxic Egg 2","Sozu","Lantern","Whetstone","Smiling Mask","Dream Catcher","Ancient Tea Set","Black Star","Symbiotic Virus","Orichalcum","Vajra","War Paint","Question Card","Pantograph","Ice Cream","Sundial"],"acts_visited":["Exordium","TheCity","TheBeyond"],"potions_floor_usage":[16,50],"damage_taken":[{"damage":13,"enemies":"Small Slimes","floor":1,"turns":3},{"damage":0,"enemies":"Jaw Worm","floor":5,"turns":4},{"damage":16,"enemies":"Gremlin Nob","floor":6,"turns":3},{"damage":6,"enemies":"2 Louse","floor":8,"turns":2},{"damage":3,"enemies":"Lagavulin","floor":11,"turns":5},{"damage":0,"enemies":"Gremlin Gang","floor":13,"turns":5},{"damage":0,"enemies":"Gremlin Nob","floor":14,"turns":5},{"damage":14,"enemies":"The Guardian","floor":16,"turns":11},{"damage":0,"enemies":"Spheric Guardian","floor":18,"turns":3},{"damage":0,"enemies":"Shell Parasite","floor":19,"turns":5},{"damage":18,"enemies":"Centurion and Healer","floor":21,"turns":8},{"damage":0,"enemies":"Book of Stabbing","floor":24,"turns":5},{"damage":22,"enemies":"Slavers","floor":27,"turns":3},{"damage":3,"enemies":"Snake Plant","floor":28,"turns":3},{"damage":0,"enemies":"3 Cultists","floor":29,"turns":6},{"damage":16,"enemies":"Centurion and Healer","floor":31,"turns":3},{"damage":25,"enemies":"Collector","floor":33,"turns":7},{"damage":0,"enemies":"Orb Walker","floor":35,"turns":2},{"damage":14,"enemies":"3 Shapes","floor":37,"turns":4},{"damage":4,"enemies":"Jaw Worm Horde","floor":39,"turns":3},{"damage":24,"enemies":"Giant Head","floor":40,"turns":12},{"damage":22,"enemies":"Nemesis","floor":42,"turns":9},{"damage":5,"enemies":"Giant Head","floor":45,"turns":10},{"damage":36,"enemies":"Spire Growth","floor":46,"turns":4},{"damage":8,"enemies":"Transient","floor":47,"turns":5},{"damage":22,"enemies":"Jaw Worm Horde","floor":48,"turns":3},{"damage":102,"enemies":"Awakened One","floor":50,"turns":14}],"seed_played":"-6966440489402319072","potions_obtained":[{"floor":1,"key":"Fire Potion"},{"floor":13,"key":"SkillPotion"},{"floor":14,"key":"Energy Potion"}],"is_trial":false,"path_per_floor":["M","?","?","?","M","E","R","M","T","R","E","R","M","?","R","B",null,"M","M","?","M","$","R","E","$","T","E","M","M","?","M","R","B",null,"M","?","M","$","M","E","?","E","T","R","E","M","M","M","R","B"],"character_chosen":"DEFECT","items_purchased":["White Noise+1","Lantern","Whetstone","Flash of Steel","Symbiotic Virus"],"campfire_rested":3,"item_purchase_floors":[22,22,22,25,38],"current_hp_per_floor":[62,62,62,56,56,42,42,36,36,57,54,54,54,54,54,42,65,67,69,69,51,51,74,79,79,79,69,78,83,83,77,77,62,78,85,85,83,83,89,77,66,56,56,85,97,71,85,85,85,0,0],"gold":314,"neow_bonus":"ONE_RANDOM_RARE_CARD","is_daily":false,"chose_seed":false,"campfire_upgraded":5,"win_rate":0.0,"timestamp":1610002518,"path_taken":["M","?","?","?","M","E","R","M","T","R","E","R","?","?","R","BOSS","M","M","?","M","?","R","E","$","T","E","M","?","?","M","R","BOSS","M","?","M","$","M","E","?","E","T","R","E","M","M","M","R","BOSS"],"items_purchased_type":["Card","Relic","Relic","Card","Relic"],"build_version":"2020-12-22","purchased_purges":3,"victory":false,"max_hp_per_floor":[75,75,69,69,69,71,71,71,71,71,71,71,71,71,71,73,73,75,77,77,77,77,77,79,79,79,81,83,83,83,83,83,83,83,85,85,87,87,89,91,91,93,93,95,97,97,99,101,101,101,101],"card_choices":[{"not_picked":["Chaos","Barrage"],"picked":"FTL","floor":1},{"not_picked":["Doom and Gloom","Rebound"],"picked":"Ball Lightning","floor":5},{"not_picked":["Hologram","Machine Learning","Go for the Eyes"],"picked":"Singing Bowl","floor":6},{"not_picked":["Fusion","Chaos"],"picked":"Glacier","floor":8},{"not_picked":["Capacitor","Gash"],"picked":"Conserve Battery","floor":11},{"not_picked":["Compile Driver","Coolheaded"],"picked":"Cold Snap","floor":13},{"not_picked":["Recycle+1","Meteor Strike"],"picked":"Redo+1","floor":14},{"not_picked":["Fission+1","Core Surge","All For One"],"picked":"Singing Bowl","floor":16},{"not_picked":["Steam+1","Go for the Eyes+1","Stack+1"],"picked":"Singing Bowl","floor":18},{"not_picked":["Heatsinks","Stack+1","Sweeping Beam"],"picked":"Singing Bowl","floor":19},{"not_picked":["Go for the Eyes","Undo+1"],"picked":"Self Repair+1","floor":21},{"not_picked":["Hologram+1","Leap+1","Seek+1"],"picked":"Singing Bowl","floor":24},{"not_picked":["Conserve Battery+1","Barrage","Reinforced Body+1"],"picked":"Singing Bowl","floor":27},{"not_picked":["Stack+1","Rebound","Gash"],"picked":"Singing Bowl","floor":28},{"not_picked":["Ball Lightning","Rip and Tear"],"picked":"Electrodynamics","floor":29},{"not_picked":["Ball Lightning","Static Discharge"],"picked":"White Noise+1","floor":31},{"not_picked":["Meteor Strike","Machine Learning"],"picked":"Echo Form","floor":33},{"not_picked":["Melter","Static Discharge+1","Compile Driver"],"picked":"Singing Bowl","floor":35},{"not_picked":["Dramatic Entrance","Purity+1"],"picked":"Blind+1","floor":36},{"not_picked":["Conserve Battery+1","Rebound","Glacier+1"],"picked":"Singing Bowl","floor":37},{"not_picked":["Streamline+1","Ball Lightning","Tempest+1"],"picked":"Singing Bowl","floor":39},{"not_picked":["Sunder+1","Barrage+1","Rip and Tear"],"picked":"Singing Bowl","floor":40},{"not_picked":["Sweeping Beam","Reprogram+1","Capacitor"],"picked":"Singing Bowl","floor":42},{"not_picked":["Rebound","Reprogram+1","Go for the Eyes","Turbo+1"],"picked":"Singing Bowl","floor":44},{"not_picked":["Rainbow+1","Consume+1","Gash+1","Coolheaded+1"],"picked":"Singing Bowl","floor":45},{"not_picked":["Go for the Eyes+1","Turbo+1","Coolheaded+1"],"picked":"Force Field+1","floor":46},{"not_picked":["Ball Lightning","Rebound","Cold Snap+1","Hologram+1"],"picked":"Singing Bowl","floor":47},{"not_picked":["Cold Snap+1","Self Repair","Reprogram+1","Darkness+1"],"picked":"Singing Bowl","floor":48}],"player_experience":322910,"relics_obtained":[{"floor":6,"key":"Singing Bowl"},{"floor":9,"key":"The Courier"},{"floor":11,"key":"Darkstone Periapt"},{"floor":14,"key":"Toxic Egg 2"},{"floor":24,"key":"Smiling Mask"},{"floor":26,"key":"Dream Catcher"},{"floor":27,"key":"Ancient Tea Set"},{"floor":40,"key":"Orichalcum"},{"floor":40,"key":"Vajra"},{"floor":42,"key":"War Paint"},{"floor":42,"key":"Question Card"},{"floor":43,"key":"Pantograph"},{"floor":45,"key":"Ice Cream"},{"floor":45,"key":"Sundial"}],"event_choices":[{"cards_removed":["Defend_B"],"damage_healed":0,"gold_gain":0,"player_choice":"Card Removal","damage_taken":0,"max_hp_gain":0,"max_hp_loss":0,"event_name":"The Cleric","floor":2,"gold_loss":50},{"damage_healed":0,"gold_gain":0,"player_choice":"Lose Max HP","damage_taken":0,"relics_obtained":["Golden Idol"],"max_hp_gain":0,"max_hp_loss":6,"event_name":"Golden Idol","floor":3,"gold_loss":0},{"damage_healed":0,"gold_gain":0,"player_choice":"Damaged","damage_taken":6,"max_hp_gain":0,"max_hp_loss":0,"event_name":"Wheel of Change","floor":4,"gold_loss":0},{"damage_healed":0,"gold_gain":30,"player_choice":"Searched \u00273\u0027 times","damage_taken":0,"max_hp_gain":0,"max_hp_loss":0,"event_name":"Dead Adventurer","floor":14,"gold_loss":0},{"damage_healed":0,"gold_gain":0,"player_choice":"Upgraded","damage_taken":0,"max_hp_gain":0,"max_hp_loss":0,"event_name":"Upgrade Shrine","floor":20,"gold_loss":0,"cards_upgraded":["Zap"]},{"damage_healed":0,"gold_gain":0,"cards_transformed":["Defend_B"],"player_choice":"Transformed","damage_taken":0,"max_hp_gain":0,"max_hp_loss":0,"event_name":"Transmorgrifier","floor":30,"gold_loss":0,"cards_obtained":["Sweeping Beam"]},{"damage_healed":0,"gold_gain":0,"player_choice":"Memory 1","damage_taken":0,"max_hp_gain":0,"max_hp_loss":0,"event_name":"SensoryStone","floor":36,"gold_loss":0},{"damage_healed":0,"gold_gain":0,"player_choice":"Embrace Madness","damage_taken":11,"max_hp_gain":0,"max_hp_loss":0,"event_name":"Winding Halls","floor":41,"gold_loss":0,"cards_obtained":["Madness","Madness"]}],"is_beta":false,"boss_relics":[{"not_picked":["Fusion Hammer","Runic Dome"],"picked":"Sozu"},{"not_picked":["Pandora\u0027s Box","Snecko Eye"],"picked":"Black Star"}],"items_purged_floors":[22,25,38],"is_endless":false,"potions_floor_spawned":[1,13,14,24,29,33,45,46,47],"killed_by":"Awakened One","ascension_level":5}}