{"host":"chewie","time":1610030268,"event":{"mods":["AchievementEnabler","BaseMod","Bestiary","Colored Map","Keyboard Shortcuts","Minty Spire (QoL Compilation)","Relic Stats","StSLib"],"gold_per_floor":[112,129,129,129,129,157,157,190,190,204,41,81,81,111,111,197,287,316,53,53,62,74,117,117,153,153,167,67,67,78,58,58,146,146,174,201,212,229,244,267,293,321,390,98,112,112,149,173,173,173,173,173,173,10,46,46],"floor_reached":57,"playtime":5538,"items_purged":["Deadly Poison","Bouncing Flask","Dash"],"score":3489,"play_id":"ee42e47b-1cdb-4284-9f51-b61428aeeded","local_time":"20210107153748","is_ascension_mode":true,"campfire_choices":[{"data":"All Out Attack","floor":7.0,"key":"SMITH"},{"data":"1","floor":15.0,"key":"LIFT"},{"data":"2","floor":24.0,"key":"LIFT"},{"data":"3","floor":29.0,"key":"LIFT"},{"data":"Terror","floor":32.0,"key":"SMITH"},{"floor":46.0,"key":"RECALL"},{"data":"Accuracy","floor":49.0,"key":"SMITH"},{"data":"Master of Strategy","floor":53.0,"key":"SMITH"}],"circlet_count":0,"master_deck":["AscendersBane","Survivor","Neutralize","Cloak And Dagger","All Out Attack+1","Endless Agony","Terror+1","Corpse Explosion","Backstab","Footwork","Blade Dance","Storm of Steel","Distraction","Glass Knife","Storm of Steel","Acrobatics","Master of Strategy+1","RitualDagger","Blur","Calculated Gamble+1","Adrenaline","PiercingWail+1","Backflip","Accuracy+1","Escape Plan","Storm of Steel","Backstab","Backstab+1","Prepared+1","Calculated Gamble+1"],"relics":["Ring of the Snake","NeowsBlessing","Tough Bandages","Dead Branch","Boot","Girya","Pen Nib","CeramicFish","Gremlin Horn","Ornamental Fan","Pandora\u0027s Box","Nunchaku","Centennial Puzzle","Empty Cage","Smiling Mask","Shuriken","DollysMirror","Pantograph","Medical Kit","Kunai"],"acts_visited":["Exordium","TheCity","TheBeyond","TheEnding"],"potions_floor_usage":[56],"damage_taken":[{"damage":0.0,"enemies":"Small Slimes","floor":1.0,"turns":1.0},{"damage":0.0,"enemies":"2 Louse","floor":2.0,"turns":1.0},{"damage":0.0,"enemies":"Lagavulin","floor":6.0,"turns":1.0},{"damage":6.0,"enemies":"3 Sentries","floor":8.0,"turns":7.0},{"damage":0.0,"enemies":"Cultist","floor":10.0,"turns":2.0},{"damage":5.0,"enemies":"Lagavulin","floor":12.0,"turns":5.0},{"damage":4.0,"enemies":"3 Sentries","floor":14.0,"turns":4.0},{"damage":18.0,"enemies":"Hexaghost","floor":16.0,"turns":7.0},{"damage":0.0,"enemies":"2 Thieves","floor":18.0,"turns":2.0},{"damage":0.0,"enemies":"Shell Parasite","floor":22.0,"turns":1.0},{"damage":0.0,"enemies":"Slavers","floor":23.0,"turns":2.0},{"damage":0.0,"enemies":"Book of Stabbing","floor":25.0,"turns":3.0},{"damage":0.0,"enemies":"Chosen and Byrds","floor":27.0,"turns":2.0},{"damage":0.0,"enemies":"Snecko","floor":30.0,"turns":1.0},{"damage":0.0,"enemies":"Collector","floor":33.0,"turns":4.0},{"damage":0.0,"enemies":"Orb Walker","floor":35.0,"turns":1.0},{"damage":0.0,"enemies":"3 Darklings","floor":36.0,"turns":1.0},{"damage":0.0,"enemies":"Writhing Mass","floor":37.0,"turns":4.0},{"damage":0.0,"enemies":"Spire Growth","floor":38.0,"turns":2.0},{"damage":0.0,"enemies":"4 Shapes","floor":39.0,"turns":2.0},{"damage":0.0,"enemies":"3 Darklings","floor":40.0,"turns":5.0},{"damage":0.0,"enemies":"Reptomancer","floor":41.0,"turns":2.0},{"damage":0.0,"enemies":"Spire Growth","floor":42.0,"turns":3.0},{"damage":0.0,"enemies":"Sphere and 2 Shapes","floor":45.0,"turns":1.0},{"damage":0.0,"enemies":"Nemesis","floor":47.0,"turns":1.0},{"damage":0.0,"enemies":"3 Darklings","floor":48.0,"turns":1.0},{"damage":0.0,"enemies":"Donu and Deca","floor":50.0,"turns":3.0},{"damage":0.0,"enemies":"Awakened One","floor":51.0,"turns":5.0},{"damage":0.0,"enemies":"Shield and Spear","floor":55.0,"turns":1.0},{"damage":52,"enemies":"The Heart","floor":56,"turns":5}],"seed_played":"-4804753967414425847","potions_obtained":[{"floor":6.0,"key":"Poison Potion"},{"floor":12.0,"key":"SmokeBomb"},{"floor":14.0,"key":"BlessingOfTheForge"},{"floor":22.0,"key":"Explosive Potion"},{"floor":25.0,"key":"SkillPotion"},{"floor":31.0,"key":"Swift Potion"},{"floor":33.0,"key":"SteroidPotion"},{"floor":42.0,"key":"Swift Potion"}],"is_trial":false,"path_per_floor":["M","M","?","?","?","E","R","E","T","M","$","E","T","E","R","B",null,"M","$","?","?","M","E","R","E","T","M","$","R","M","?","R","B",null,"M","M","M","M","M","M","E","M","T","$","M","R","E","M","R","B","B",null,"R","$","E","B",null],"character_chosen":"THE_SILENT","items_purchased":["Pen Nib","Master of Strategy","DollysMirror","Backstab","Medical Kit"],"campfire_rested":0,"item_purchase_floors":[11,19,44,44,54],"current_hp_per_floor":[59,59,48,48,66,66,66,60,60,60,60,55,55,51,51,33,58,58,58,40,34,34,34,34,34,34,34,34,34,34,34,34,34,62,62,62,62,62,62,62,62,62,62,62,62,62,62,62,62,71,71,71,71,71,71,19],"gold":46,"neow_bonus":"THREE_ENEMY_KILL","is_daily":false,"chose_seed":false,"campfire_upgraded":4,"win_rate":0.0,"timestamp":1610030268,"path_taken":["M","M","?","?","?","E","R","E","T","M","$","E","?","E","R","BOSS","M","$","?","?","M","E","R","E","T","M","$","R","M","?","R","BOSS","M","M","M","M","M","?","E","M","T","$","M","R","E","M","R","BOSS","BOSS","R","$","E","BOSS"],"items_purchased_type":["Relic","Card","Relic","Card","Relic"],"build_version":"2020-12-18","purchased_purges":3,"victory":true,"max_hp_per_floor":[66,66,66,66,66,66,66,66,66,66,66,66,66,66,66,66,66,66,66,71,71,71,71,71,71,71,71,71,71,71,71,71,71,71,71,71,71,71,71,71,71,71,71,71,71,71,71,71,71,71,71,71,71,71,71,71],"relic_stats":{"Gremlin Horn":[30,29],"counters":[30,80],"Dead Branch":[401],"CeramicFish":243,"Pen Nib":[40],"Boot":[58],"Smiling Mask":75,"Medical Kit":[1],"Tough Bandages":[1020],"Nunchaku":[32],"Centennial Puzzle":[3],"Ornamental Fan":[432],"Shuriken":[47],"Pantograph":9,"Pandora\u0027s Box":["Backstab","Footwork","Blade Dance","Crippling Poison","Storm of Steel","Deadly Poison","Distraction","Grand Finale","Glass Knife","Storm of Steel"],"Kunai":[12],"obtain_stats":[{"Girya":9,"NeowsBlessing":0,"Gremlin Horn":13,"Dead Branch":6,"CeramicFish":12,"Pen Nib":11,"Boot":8,"Empty Cage":34,"Smiling Mask":41,"Medical Kit":54,"Tough Bandages":3,"Nunchaku":23,"Centennial Puzzle":25,"Ornamental Fan":14,"Shuriken":43,"DollysMirror":44,"Pantograph":47,"Pandora\u0027s Box":17,"Kunai":55,"Ring of the Snake":0},{"Girya":4,"NeowsBlessing":0,"Gremlin Horn":6,"Dead Branch":3,"CeramicFish":6,"Pen Nib":5,"Boot":4,"Empty Cage":15,"Smiling Mask":22,"Medical Kit":28,"Tough Bandages":2,"Nunchaku":11,"Centennial Puzzle":12,"Ornamental Fan":7,"Shuriken":23,"DollysMirror":23,"Pantograph":25,"Pandora\u0027s Box":8,"Kunai":29,"Ring of the Snake":0},{"Girya":10,"NeowsBlessing":0,"Gremlin Horn":17,"Dead Branch":3,"CeramicFish":17,"Pen Nib":12,"Boot":10,"Empty Cage":43,"Smiling Mask":60,"Medical Kit":74,"Tough Bandages":2,"Nunchaku":33,"Centennial Puzzle":36,"Ornamental Fan":21,"Shuriken":63,"DollysMirror":63,"Pantograph":65,"Pandora\u0027s Box":28,"Kunai":75,"Ring of the Snake":0}],"Ring of the Snake":[62]},"card_choices":[{"not_picked":["Slice","Outmaneuver"],"picked":"Cloak And Dagger","floor":1.0},{"not_picked":["Prepared","Deadly Poison"],"picked":"Bouncing Flask","floor":2.0},{"not_picked":["PiercingWail","Grand Finale"],"picked":"All Out Attack","floor":6.0},{"not_picked":["Outmaneuver","Tactician"],"picked":"Endless Agony","floor":8.0},{"not_picked":["Sucker Punch","Escape Plan"],"picked":"Dash","floor":10.0},{"not_picked":["Catalyst","Acrobatics"],"picked":"Terror","floor":12.0},{"not_picked":["Bane","Heel Hook","Dash"],"picked":"SKIP","floor":14.0},{"not_picked":["Doppelganger","A Thousand Cuts"],"picked":"Corpse Explosion","floor":16.0},{"not_picked":["Cloak And Dagger","Blur"],"picked":"Acrobatics","floor":18.0},{"not_picked":["Outmaneuver","Quick Slash","Bouncing Flask"],"picked":"SKIP","floor":22.0},{"not_picked":["Outmaneuver","Deadly Poison"],"picked":"Blur","floor":23.0},{"not_picked":["Blade Dance","Night Terror"],"picked":"Calculated Gamble+1","floor":25.0},{"not_picked":["Footwork","Quick Slash","Dodge and Roll+1"],"picked":"SKIP","floor":27.0},{"not_picked":["Dash","Caltrops","PiercingWail"],"picked":"SKIP","floor":30.0},{"not_picked":["Unload","Malaise"],"picked":"Adrenaline","floor":33.0},{"not_picked":["Sucker Punch+1","Quick Slash+1"],"picked":"PiercingWail+1","floor":35.0},{"not_picked":["PiercingWail","Slice+1"],"picked":"Backflip","floor":36.0},{"not_picked":["Slice","Flying Knee","Dodge and Roll"],"picked":"SKIP","floor":37.0},{"not_picked":["Dash","Underhanded Strike","Flechettes"],"picked":"SKIP","floor":38.0},{"not_picked":["PiercingWail","Deadly Poison","Catalyst"],"picked":"SKIP","floor":39.0},{"not_picked":["Acrobatics","Quick Slash"],"picked":"Accuracy","floor":40.0},{"not_picked":["Deflect","Prepared","A Thousand Cuts"],"picked":"SKIP","floor":41.0},{"not_picked":["Cloak And Dagger","PiercingWail"],"picked":"Escape Plan","floor":42.0},{"not_picked":["Sucker Punch","Catalyst+1","Underhanded Strike"],"picked":"SKIP","floor":45.0},{"not_picked":["Underhanded Strike","Expertise+1"],"picked":"Backstab+1","floor":47.0},{"not_picked":["Endless Agony","Underhanded Strike"],"picked":"Prepared+1","floor":48.0},{"not_picked":["Terror","Tools of the Trade"],"picked":"Calculated Gamble+1","floor":55.0}],"player_experience":1198751,"relics_obtained":[{"floor":6.0,"key":"Dead Branch"},{"floor":8.0,"key":"Boot"},{"floor":9.0,"key":"Girya"},{"floor":12.0,"key":"CeramicFish"},{"floor":13.0,"key":"Gremlin Horn"},{"floor":14.0,"key":"Ornamental Fan"},{"floor":23.0,"key":"Nunchaku"},{"floor":25.0,"key":"Centennial Puzzle"},{"floor":41.0,"key":"Smiling Mask"},{"floor":43.0,"key":"Shuriken"},{"floor":47.0,"key":"Pantograph"},{"floor":55.0,"key":"Kunai"}],"event_choices":[{"damage_healed":0.0,"max_hp_gain":0.0,"max_hp_loss":0.0,"gold_gain":0.0,"event_name":"Scrap Ooze","player_choice":"Success","floor":3.0,"gold_loss":0.0,"damage_taken":11.0,"relics_obtained":["Tough Bandages"]},{"damage_healed":0.0,"max_hp_gain":0.0,"max_hp_loss":0.0,"gold_gain":0.0,"event_name":"Liars Game","player_choice":"Ignored","floor":4.0,"gold_loss":0.0,"damage_taken":0.0},{"damage_healed":22.0,"max_hp_gain":0.0,"max_hp_loss":0.0,"gold_gain":0.0,"event_name":"Big Fish","player_choice":"Banana","floor":5.0,"gold_loss":0.0,"damage_taken":0.0},{"damage_healed":0.0,"max_hp_gain":5.0,"max_hp_loss":0.0,"gold_gain":0.0,"event_name":"Forgotten Altar","player_choice":"Shed Blood","floor":20.0,"gold_loss":0.0,"damage_taken":23.0},{"damage_healed":0.0,"max_hp_gain":0.0,"max_hp_loss":0.0,"gold_gain":0.0,"event_name":"Nest","player_choice":"Joined the Cult","floor":21.0,"gold_loss":0.0,"damage_taken":6.0,"cards_obtained":["RitualDagger"]},{"damage_healed":0.0,"max_hp_gain":0.0,"max_hp_loss":0.0,"gold_gain":0.0,"event_name":"The Woman in Blue","player_choice":"Bought 1 Potion","floor":31.0,"gold_loss":0.0,"damage_taken":0.0}],"is_beta":true,"boss_relics":[{"not_picked":["Calling Bell","Sozu"],"picked":"Pandora\u0027s Box"},{"not_picked":["Ring of the Serpent","Astrolabe"],"picked":"Empty Cage"}],"items_purged_floors":[19,28,44],"is_endless":false,"potions_floor_spawned":[6,12,14,22,25,27,33,38,39,40,42,48],"ascension_level":20}}