{"host":"9gczkbtdkbhjojey","time":1610028975,"event":{"mods":["BaseMod","Colored Map","Minty Spire (QoL Compilation)","Quick Restart","StSLib","[功能]功能增强和修复MOD"],"gold_per_floor":[116,129,104,104,121,121,111,146,146,165,165,181,181,214,214,312,312,332,332,332,332,327,327,327,327,350,449,449,439,470,498,510,617,629,660,718,720,720,733,733,728,754,754,754,766,766,785,835,835,835,835,835,815,844,844],"floor_reached":56,"playtime":2550,"items_purged":["Strike_B","Strike_B","Defend_B","Defend_B","Defend_B","Defend_B","Strike_B","Writhe","Strike_B","Capacitor","Conserve Battery","Conserve Battery","Apotheosis+1","Ball Lightning+1","Thunder Strike+1","Leap+1","Dualcast+1"],"score":1368,"play_id":"dda63936-afc5-4c83-a069-c77474dc8258","local_time":"20210107221615","is_ascension_mode":true,"campfire_choices":[{"floor":6,"key":"RECALL"},{"data":"Zap","floor":13,"key":"SMITH"},{"floor":15,"key":"REST"},{"data":"Thunder Strike","floor":23,"key":"SMITH"},{"data":"Consume","floor":25,"key":"SMITH"},{"data":"Dualcast","floor":28,"key":"SMITH"},{"data":"Capacitor","floor":32,"key":"SMITH"},{"data":"Leap","floor":40,"key":"SMITH"},{"data":"Skim","floor":44,"key":"SMITH"},{"data":"Conserve Battery","floor":46,"key":"SMITH"},{"data":"Ball Lightning","floor":49,"key":"SMITH"},{"floor":52,"key":"REST"}],"circlet_count":0,"master_deck":["Zap+1","Heatsinks+1","Conserve Battery+1","Capacitor+1","Skim+1","Self Repair+1","Consume+1","Static Discharge+1","Capacitor+1","Electrodynamics+1","Conserve Battery+1","Turbo+1","Biased Cognition+1","Coolheaded+1","Compile Driver+1","Recycle+1","Machine Learning+1"],"relics":["Cracked Core","NeowsBlessing","Juzu Bracelet","Bag of Preparation","Cauldron","DataDisk","Ornamental Fan","DollysMirror","Lantern","Bottled Tornado","Potion Belt","Frozen Eye","Orichalcum","Runic Pyramid","MutagenicStrength","HandDrill","Vajra","Frozen Egg 2","Smiling Mask","Toxic Egg 2","Omamori","Medical Kit","Blue Candle","Strawberry","TheAbacus","Mango","Dream Catcher","MawBank","Cursed Key","Prayer Wheel","Toy Ornithopter","HornCleat","Toolbox","White Beast Statue","Symbiotic Virus","Orrery","Bag of Marbles","Cables","Emotion Chip","Bottled Flame","Boot","Runic Capacitor","Pear"],"acts_visited":["Exordium","TheCity","TheBeyond","TheEnding"],"potions_floor_usage":[50,50,50,54,54,54,55,55,55],"damage_taken":[{"damage":0,"enemies":"Cultist","floor":1,"turns":1},{"damage":0,"enemies":"Jaw Worm","floor":2,"turns":1},{"damage":0,"enemies":"2 Louse","floor":5,"turns":1},{"damage":10,"enemies":"Lagavulin","floor":8,"turns":5},{"damage":0,"enemies":"Blue Slaver","floor":10,"turns":3},{"damage":12,"enemies":"3 Louse","floor":12,"turns":3},{"damage":22,"enemies":"3 Sentries","floor":14,"turns":6},{"damage":21,"enemies":"The Guardian","floor":16,"turns":8},{"damage":0,"enemies":"Chosen","floor":18,"turns":4},{"damage":15,"enemies":"Book of Stabbing","floor":30,"turns":4},{"damage":10,"enemies":"Shell Parasite","floor":31,"turns":4},{"damage":5,"enemies":"Champ","floor":33,"turns":7},{"damage":10,"enemies":"3 Shapes","floor":35,"turns":2},{"damage":18,"enemies":"2 Orb Walkers","floor":36,"turns":2},{"damage":9,"enemies":"Orb Walker","floor":39,"turns":2},{"damage":12,"enemies":"Nemesis","floor":42,"turns":3},{"damage":0,"enemies":"Maw","floor":45,"turns":3},{"damage":9,"enemies":"Writhing Mass","floor":47,"turns":3},{"damage":0,"enemies":"Mind Bloom Boss Battle","floor":48,"turns":4},{"damage":6,"enemies":"Time Eater","floor":50,"turns":8},{"damage":0,"enemies":"Shield and Spear","floor":54,"turns":3},{"damage":18,"enemies":"The Heart","floor":55,"turns":5}],"seed_played":"-1756890973731899009","potions_obtained":[{"floor":1,"key":"Energy Potion"},{"floor":1,"key":"Strength Potion"},{"floor":2,"key":"SmokeBomb"},{"floor":3,"key":"FocusPotion"},{"floor":3,"key":"PowerPotion"},{"floor":8,"key":"FocusPotion"},{"floor":54,"key":"Energy Potion"},{"floor":54,"key":"Block Potion"}],"is_trial":false,"path_per_floor":["M","M","$","?","M","R","$","E","T","M","$","M","R","E","R","B",null,"M","?","$","?","$","R","T","R","T","?","R","$","E","M","R","B",null,"M","?","$","?","M","R","$","E","T","R","M","R","M","?","R","B",null,"R","$","E","B",null],"character_chosen":"DEFECT","items_purchased":["Juzu Bracelet","Bag of Preparation","Heatsinks","Cauldron","DataDisk","Ornamental Fan","Conserve Battery","Capacitor","DollysMirror","Ball Lightning","Bottled Tornado","Potion Belt","Frozen Eye","Skim","Explosive Potion","Fire Potion","HandDrill","Vajra","Frozen Egg 2","Self Repair+1","Consume","Toxic Egg 2","Omamori","Medical Kit","Static Discharge+1","Capacitor+1","TheAbacus","Mango","Dream Catcher","Toy Ornithopter","HornCleat","Toolbox","Apotheosis+1","Turbo+1","White Beast Statue","Symbiotic Virus","Orrery","Bottled Flame","Boot","Runic Capacitor","EntropicBrew"],"campfire_rested":2,"item_purchase_floors":[3,3,3,3,7,7,7,7,7,7,11,11,11,11,11,11,20,20,20,20,20,22,22,22,22,29,29,29,29,37,37,37,37,37,41,41,41,53,53,53,53],"current_hp_per_floor":[75,75,75,75,75,75,75,65,65,65,65,53,53,31,53,32,75,75,75,75,75,75,75,75,75,82,82,82,96,91,91,91,96,96,96,88,88,88,89,89,89,87,87,87,96,96,96,96,96,96,96,96,96,106,99],"gold":844,"neow_bonus":"THREE_ENEMY_KILL","is_daily":false,"chose_seed":false,"campfire_upgraded":9,"win_rate":0.0,"timestamp":1610028975,"path_taken":["M","?","$","?","M","R","?","E","T","M","$","M","R","E","R","BOSS","M","?","$","?","$","R","?","R","T","?","R","$","E","M","R","BOSS","M","?","$","?","M","R","$","E","T","R","M","R","M","?","R","BOSS","R","$","E","BOSS"],"items_purchased_type":["Relic","Relic","Card","Relic","Relic","Relic","Card","Card","Relic","Card","Relic","Relic","Relic","Card","Potion","Potion","Relic","Relic","Relic","Card","Card","Relic","Relic","Relic","Card","Card","Relic","Relic","Relic","Relic","Relic","Relic","Card","Card","Relic","Relic","Relic","Relic","Relic","Relic","Potion"],"build_version":"2020-12-22","purchased_purges":17,"victory":true,"max_hp_per_floor":[75,75,75,75,75,75,75,75,75,75,75,75,75,75,75,75,75,75,75,75,75,75,75,75,75,82,82,82,96,96,96,96,96,96,96,96,96,96,96,96,96,96,96,96,96,96,96,96,96,96,96,96,96,106,106],"card_choices":[{"not_picked":["Blizzard","Tempest","Compile Driver"],"picked":"SKIP","floor":1},{"not_picked":["Barrage","Genetic Algorithm"],"picked":"Leap","floor":2},{"not_picked":["Stack","Sweeping Beam"],"picked":"Conserve Battery","floor":5},{"not_picked":["Barrage","Buffer"],"picked":"Conserve Battery","floor":8},{"not_picked":["Sunder","Sweeping Beam","Beam Cell"],"picked":"SKIP","floor":10},{"not_picked":["Beam Cell","Hello World","Cold Snap"],"picked":"SKIP","floor":12},{"not_picked":["Capacitor","Go for the Eyes","Sweeping Beam"],"picked":"SKIP","floor":14},{"not_picked":["Amplify","Creative AI"],"picked":"Thunder Strike","floor":16},{"not_picked":["Ball Lightning","Hologram+1","Cold Snap"],"picked":"SKIP","floor":18},{"not_picked":["Compile Driver","Leap+1","Glacier+1"],"picked":"SKIP","floor":30},{"not_picked":["Steam+1","Gash+1","Streamline"],"picked":"SKIP","floor":31},{"not_picked":["Amplify+1","Thunder Strike"],"picked":"Electrodynamics+1","floor":33},{"not_picked":["Hello World+1","Rip and Tear","Darkness+1"],"picked":"SKIP","floor":35},{"not_picked":["Compile Driver+1","Leap+1"],"picked":"Conserve Battery+1","floor":36},{"not_picked":["Barrage+1","Go for the Eyes","BootSequence+1"],"picked":"SKIP","floor":39},{"not_picked":["Sweeping Beam","Redo+1","Gash+1"],"picked":"SKIP","floor":39},{"not_picked":["Core Surge","Go for the Eyes"],"picked":"Biased Cognition+1","floor":41},{"not_picked":["Conserve Battery+1","Tempest+1","Gash"],"picked":"SKIP","floor":42},{"not_picked":["Stack+1","Static Discharge+1","Capacitor+1"],"picked":"SKIP","floor":45},{"not_picked":["Scrape","Double Energy+1","Streamline+1"],"picked":"SKIP","floor":45},{"not_picked":["Streamline","Reprogram+1"],"picked":"Coolheaded+1","floor":47},{"not_picked":["Barrage+1","Force Field+1","Melter+1"],"picked":"SKIP","floor":47},{"not_picked":["Hyperbeam","Heatsinks+1"],"picked":"Compile Driver+1","floor":48},{"not_picked":["Chaos+1","Beam Cell"],"picked":"Recycle+1","floor":52},{"not_picked":["Leap+1","Barrage+1"],"picked":"Machine Learning+1","floor":54}],"player_experience":119355,"relics_obtained":[{"floor":8,"key":"Lantern"},{"floor":14,"key":"Orichalcum"},{"floor":24,"key":"Blue Candle"},{"floor":26,"key":"Strawberry"},{"floor":30,"key":"MawBank"},{"floor":36,"key":"Prayer Wheel"},{"floor":42,"key":"Bag of Marbles"},{"floor":43,"key":"Cables"},{"floor":48,"key":"Emotion Chip"},{"floor":54,"key":"Pear"}],"event_choices":[{"damage_healed":0,"gold_gain":0,"player_choice":"Forge","damage_taken":0,"max_hp_gain":0,"max_hp_loss":0,"event_name":"Accursed Blacksmith","floor":4,"gold_loss":0,"cards_upgraded":["Heatsinks"]},{"damage_healed":0,"gold_gain":0,"player_choice":"Inject Mutagens","damage_taken":0,"relics_obtained":["MutagenicStrength"],"max_hp_gain":0,"max_hp_loss":0,"event_name":"Drug Dealer","floor":19,"gold_loss":0},{"damage_healed":0,"gold_gain":0,"player_choice":"Opened","damage_taken":0,"relics_obtained":["Smiling Mask"],"max_hp_gain":0,"max_hp_loss":0,"event_name":"The Mausoleum","floor":21,"gold_loss":0,"cards_obtained":["Writhe"]},{"damage_healed":0,"gold_gain":99,"player_choice":"Stole From Cult","damage_taken":0,"max_hp_gain":0,"max_hp_loss":0,"event_name":"Nest","floor":27,"gold_loss":0},{"damage_healed":0,"gold_gain":0,"player_choice":"Fight","damage_taken":0,"max_hp_gain":0,"max_hp_loss":0,"event_name":"Mysterious Sphere","floor":36,"gold_loss":0},{"damage_healed":0,"gold_gain":0,"player_choice":"Memory 1","damage_taken":0,"max_hp_gain":0,"max_hp_loss":0,"event_name":"SensoryStone","floor":38,"gold_loss":0},{"damage_healed":0,"gold_gain":0,"player_choice":"Fight","damage_taken":0,"max_hp_gain":0,"max_hp_loss":0,"event_name":"MindBloom","floor":48,"gold_loss":0}],"is_beta":false,"boss_relics":[{"not_picked":["FrozenCore","Philosopher\u0027s Stone"],"picked":"Runic Pyramid"},{"not_picked":["Fusion Hammer","Busted Crown"],"picked":"Cursed Key"}],"items_purged_floors":[3,3,3,3,3,7,7,22,29,29,37,37,41,53,53,53,53],"is_endless":false,"potions_floor_spawned":[1,1,2,5,8,8,10,12,14,14,16,18,30,30,30,31,33,35,35,39,39,42,42,45,45,45,47,47,47,48,54,54,54],"ascension_level":1}}