{"host":"qswkx8hggytna0kc","time":1610015376,"event":{"mods":["Aspiration","BaseMod","BetterRewards","Colored Map","Colored Powertips","Highlight Path","Hubris","Mimic Mod","Minty Spire (QoL Compilation)","MostiFishMod","Quick Restart","Replay The Spire","StSLib","SuperFastMode"],"gold_per_floor":[113,65,65,75,90,90,108,143,143,143,194,207,241,241,241,336,336,350,365,280,298,316,343,356,384,384,384,584,599,599,625,625,723,773,792,752,767,783,802,832,832,859,894,904,914,945,958,365,365,365,365,365,210,241,241],"floor_reached":56,"playtime":1379,"items_purged":[],"score":2397,"play_id":"e867185d-7a33-4691-94c3-3da5b3fae394","local_time":"20210107182936","is_ascension_mode":true,"campfire_choices":[{"data":"Zap","floor":6,"key":"SMITH"},{"data":"ReplayTheSpireMod:System Scan","floor":10,"key":"SMITH"},{"data":"Strike_B","floor":15,"key":"PURGE"},{"data":"MostiFishMod:StarOceanB","floor":27,"key":"SMITH"},{"data":"Scrape","floor":32,"key":"SMITH"},{"floor":41,"key":"RECALL"},{"data":"Reboot","floor":49,"key":"SMITH"},{"data":"Steam Power","floor":52,"key":"SMITH"}],"circlet_count":0,"master_deck":["Strike_B","Strike_B+3","Strike_B","Defend_B+1","Defend_B","Defend_B","Defend_B","Zap+1","Dualcast","Genetic Algorithm","Gash","Sunder+1","ReplayTheSpireMod:System Scan+1","Hologram","Steam Power+1","Beam Cell","MostiFishMod:PushDownKick","Scrape+1","MostiFishMod:StarOceanB+1","MostiFishMod:PushDownKick","Gash+1","ReplayGash","Turbo+1","Beam Cell","Beam Cell+1","Reboot+1","All For One","Gash+1","Time Bomb","Genetic Algorithm+1","Panic Button+1","MostiFishMod:Culaccino","Time Bomb+1","Pot Of Greed","Pot Of Greed","Pot Of Greed","hubris:DuctTapeCard","Pot Of Greed","MostiFishMod:GatherIntelligence+1"],"relics":["Cracked Core","DaveBox","OneHitWonderSystem","NeowsBlessing","SynthV:TestCard","hubris:Icosahedron","ReplayTheSpireMod:Lightbulb","Simple Rune","Replay:Bottled Steam","Boot","SlaversCollar","Civilization","White Beast Statue","aspiration:AnachronicSnailShell","Singing Bowl","hubris:GlazedTorus","Mango","Tiny House","Meat on the Bone","hubris:FunFungus","Smiling Mask","aspiration:HatOfInfinitePower","hubris:BallOfYels","aspiration:Nostalgia","Iron Core","Grinning Jar","hubris:DuctTape"],"acts_visited":["Exordium","TheCity","TheBeyond","TheEnding"],"potions_floor_usage":[11,25,55],"damage_taken":[{"damage":0,"enemies":"Jaw Worm","floor":1,"turns":1},{"damage":0,"enemies":"Small Slimes","floor":4,"turns":1},{"damage":0,"enemies":"2 Louse","floor":5,"turns":1},{"damage":0,"enemies":"Exordium Wildlife","floor":7,"turns":4},{"damage":0,"enemies":"3 Sentries","floor":8,"turns":6},{"damage":0,"enemies":"Large Slime","floor":12,"turns":4},{"damage":0,"enemies":"Replay:BlueRogue","floor":13,"turns":3},{"damage":0,"enemies":"The Guardian","floor":16,"turns":8},{"damage":0,"enemies":"Spheric Guardian","floor":18,"turns":3},{"damage":0,"enemies":"3 Byrds","floor":19,"turns":3},{"damage":0,"enemies":"Cultist and Chosen","floor":21,"turns":4},{"damage":0,"enemies":"Snake Plant","floor":22,"turns":4},{"damage":0,"enemies":"Slavers","floor":23,"turns":5},{"damage":0,"enemies":"Centurion and Healer","floor":24,"turns":3},{"damage":0,"enemies":"Gremlin Leader","floor":25,"turns":2},{"damage":0,"enemies":"Snecko","floor":29,"turns":1},{"damage":0,"enemies":"Slavers","floor":31,"turns":2},{"damage":0,"enemies":"Collector","floor":33,"turns":3},{"damage":0,"enemies":"Orb Walker","floor":35,"turns":1},{"damage":0,"enemies":"3 Shapes","floor":37,"turns":2},{"damage":0,"enemies":"3 Darklings","floor":38,"turns":2},{"damage":0,"enemies":"Writhing Mass","floor":39,"turns":2},{"damage":0,"enemies":"Reptomancer","floor":40,"turns":2},{"damage":0,"enemies":"Giant Head","floor":42,"turns":1},{"damage":0,"enemies":"4 Shapes","floor":43,"turns":2},{"damage":0,"enemies":"4 Shapes","floor":44,"turns":1},{"damage":0,"enemies":"3 Darklings","floor":45,"turns":1},{"damage":0,"enemies":"R_Hoarder","floor":46,"turns":2},{"damage":0,"enemies":"Transient","floor":47,"turns":3},{"damage":0,"enemies":"Awakened One","floor":50,"turns":3},{"damage":0,"enemies":"Shield and Spear","floor":54,"turns":1},{"damage":0,"enemies":"The Heart","floor":55,"turns":3}],"seed_played":"-2585872371885491366","potions_obtained":[{"floor":4,"key":"ColorlessPotion"},{"floor":8,"key":"LifebloodPotion"},{"floor":11,"key":"Fruit Juice"},{"floor":12,"key":"FairyPotion"},{"floor":24,"key":"SkillPotion"},{"floor":25,"key":"Explosive Potion"},{"floor":34,"key":"PotionOfCapacity"},{"floor":37,"key":"AttackPotion"},{"floor":54,"key":"PowerPotion"}],"is_trial":false,"path_per_floor":["M","$","?","M","M","R","M","E","T","R","?","M","E","?","R_BF","B",null,"M","M","?","M","M","E","M","E","T","R","?","M","T","E","R","B",null,"M","?","M","M","M","E","R","E","MIM","M","M","E","M","$","R","B",null,"R","$","E","B",null],"character_chosen":"DEFECT","items_purchased":["Gash","aspiration:HatOfInfinitePower","hubris:BallOfYels","aspiration:Nostalgia","Grinning Jar"],"campfire_rested":0,"item_purchase_floors":[2,48,48,48,53],"current_hp_per_floor":[1,1,1,1,1,1,1,1,1,1,6,1,1,1,1,1,1,1,1,1,3,4,7,9,11,1,1,1,14,1,29,1,18,8,21,1,22,28,29,33,1,36,35,39,47,46,49,1,1,52,1,1,1,54,55],"gold":241,"neow_bonus":"THREE_ENEMY_KILL","is_daily":false,"chose_seed":false,"campfire_upgraded":6,"win_rate":0.0,"timestamp":1610015376,"path_taken":["M","$","?","M","M","R","M","E","T","R","?","M","E","?","R_BF","BOSS","M","M","?","M","M","E","M","E","T","R","?","?","?","E","R","BOSS","M","?","M","M","?","E","R","E","MIM","M","M","E","M","$","R","BOSS","R","$","E","BOSS"],"items_purchased_type":["Card","Relic","Relic","Relic","Relic"],"build_version":"2020-12-22","purchased_purges":0,"victory":true,"max_hp_per_floor":[1,1,1,1,1,1,1,1,1,1,6,1,1,1,1,1,1,1,1,1,3,4,7,9,11,1,1,1,14,1,29,1,18,8,21,1,22,28,29,33,1,36,35,39,47,46,49,1,1,52,1,1,1,54,55],"card_choices":[{"not_picked":["MostiFishMod:PushDownKick","Stack"],"picked":"Genetic Algorithm","floor":1},{"not_picked":["Go for the Eyes","Lockon","BasicCrystalCard","MostiFishMod:LinkProtocol"],"picked":"Sunder","floor":4},{"not_picked":["Hologram","Rebound","Turbo","Stack"],"picked":"ReplayTheSpireMod:System Scan","floor":5},{"not_picked":["Conserve Battery","Darkness","ReplaySort","Rainbow"],"picked":"Hologram","floor":7},{"not_picked":["hubris:PowerSurge","Glacier","Redo","Streamline"],"picked":"Steam Power","floor":8},{"not_picked":["Coolheaded","FIFO Queue","Rip and Tear","Conserve Battery"],"picked":"Beam Cell","floor":11},{"not_picked":["Storm","Conserve Battery","Ball Lightning","ReplayTheSpireMod:GoodbyeWorld"],"picked":"MostiFishMod:PushDownKick","floor":12},{"not_picked":["Consume","Steam Power","Redo","Sunder"],"picked":"Scrape","floor":13},{"not_picked":["ReplayRNGCard","Machine Learning","MostiFishMod:ActiveDefenseSystem","Biased Cognition"],"picked":"MostiFishMod:StarOceanB","floor":16},{"not_picked":["BasicCrystalCard","Tempest","Glacier","Compile Driver"],"picked":"MostiFishMod:PushDownKick","floor":18},{"not_picked":["Rebound","ReplayTheSpireMod:Reroute Power","Go for the Eyes","Ball Lightning"],"picked":"Gash","floor":19},{"not_picked":["Gash","ReplayTheSpireMod:Calculation Training","Conserve Battery","Streamline"],"picked":"ReplayGash","floor":21},{"not_picked":["Leap","Fusion","Redo","Genetic Algorithm+1"],"picked":"Turbo+1","floor":22},{"not_picked":["Barrage+1","hubris:DoWhile","Leap+1","ReplaySolidLightProjector"],"picked":"Beam Cell","floor":23},{"not_picked":["Cold Snap+1","Conserve Battery+1","ReplayTheSpireMod:Calculation Training+1","BasicCrystalCard","Storm"],"picked":"SKIP","floor":24},{"not_picked":["Panic Button","Conserve Battery","Rebound","Go for the Eyes"],"picked":"Beam Cell+1","floor":25},{"not_picked":["ReplayTheSpireMod:GoodbyeWorld","Chill","Rebound","Auto Shields","Glacier"],"picked":"Singing Bowl","floor":29},{"not_picked":["Glacier","Compile Driver","ReplayTheSpireMod:GoodbyeWorld","Conserve Battery"],"picked":"Reboot","floor":31},{"not_picked":["MostiFishMod:ActiveDefenseSystem","MostiFishMod:Tomorrow","MostiFishMod:IntelligentEquipment","MostiFishMod:DawningShadow"],"picked":"All For One","floor":33},{"not_picked":["Barrage","Sweeping Beam+1","Hologram","Coolheaded","Compile Driver"],"picked":"Singing Bowl","floor":34},{"not_picked":["Skim+1","Auto Shields","Turbo+1","Stack","Tempest"],"picked":"Singing Bowl","floor":35},{"not_picked":["Panic Button","Electrodynamics","Cold Snap+1","Barrage+1"],"picked":"Gash+1","floor":37},{"not_picked":["MostiFishMod:PushDownKick+1","Leap+1","Cold Snap","Ball Lightning"],"picked":"Time Bomb","floor":38},{"not_picked":["MostiFishMod:Impulse+1","Barrage+1","Steam","Melter+1"],"picked":"Genetic Algorithm+1","floor":39},{"not_picked":["Gash+1","Compile Driver+1","MostiFishMod:PushDownKick","Leap+1"],"picked":"Panic Button+1","floor":40},{"not_picked":["hubris:Ukulele+1","Barrage+1","Conserve Battery","Stack+1","BasicCrystalCard"],"picked":"Singing Bowl","floor":42},{"not_picked":["Rebound+1","Leap","Steam+1","Crystallizer"],"picked":"MostiFishMod:Culaccino","floor":43},{"not_picked":["Redo+1","Barrage+1","Go for the Eyes","Gash"],"picked":"Crystallizer+1","floor":44},{"not_picked":["Leap+1","Self Repair+1","Stack+1","Consume+1","Rebound+1"],"picked":"Singing Bowl","floor":45},{"not_picked":["ReplayTheSpireMod:Repulse+1","Conserve Battery","Compile Driver+1","Ball Lightning+1"],"picked":"Time Bomb+1","floor":46},{"not_picked":["Streamline+1","hubris:PowerSurge+1","MostiFishMod:ActiveDefenseSystem","Cold Snap","Steam"],"picked":"Singing Bowl","floor":47},{"not_picked":["Coolheaded+1","Recycle","Turbo","Conserve Battery+1"],"picked":"MostiFishMod:GatherIntelligence+1","floor":54}],"player_experience":248175,"relics_obtained":[{"floor":1,"key":"SynthV:TestCard"},{"floor":8,"key":"ReplayTheSpireMod:Lightbulb"},{"floor":9,"key":"Simple Rune"},{"floor":11,"key":"Replay:Bottled Steam"},{"floor":13,"key":"Boot"},{"floor":23,"key":"White Beast Statue"},{"floor":25,"key":"aspiration:AnachronicSnailShell"},{"floor":26,"key":"Singing Bowl"},{"floor":30,"key":"hubris:GlazedTorus"},{"floor":31,"key":"Mango"},{"floor":40,"key":"Meat on the Bone"},{"floor":42,"key":"hubris:FunFungus"},{"floor":46,"key":"Smiling Mask"},{"floor":54,"key":"hubris:DuctTape"}],"event_choices":[{"damage_healed":0,"gold_gain":0,"player_choice":"Obtained Relic","damage_taken":0,"relics_obtained":["Civilization"],"max_hp_gain":0,"max_hp_loss":0,"event_name":"Addict","floor":20,"gold_loss":85},{"damage_healed":0,"gold_gain":200,"player_choice":"Gold","damage_taken":0,"max_hp_gain":0,"max_hp_loss":0,"event_name":"Wheel of Change","floor":28,"gold_loss":0},{"damage_healed":0,"gold_gain":0,"player_choice":"Upgraded Two","damage_taken":0,"max_hp_gain":0,"max_hp_loss":0,"event_name":"Designer","floor":36,"gold_loss":40,"cards_upgraded":["Strike_B","Gash"]}],"is_beta":false,"boss_relics":[{"not_picked":["hubris:CrackedHourglass","Sozu"],"picked":"SlaversCollar"},{"not_picked":["hubris:BlackHole","TakeMeEscape"],"picked":"Tiny House"}],"items_purged_floors":[],"is_endless":false,"potions_floor_spawned":[4,8,12,13,16,19,24,25,29,31,33,35,37,38,39,40,42,43,44,45,46,47,54],"ascension_level":7}}