{"host":"h9d5il8g1iqie9ys","time":1610041729,"event":{"mods":["BaseMod","Colored Powertips","Hero for Fun","Marisa????????","Minty Spire (QoL Compilation)","StSLib","The Administrix","The Animator","The Bug Knight","The Cursed","The Necromancer","The Poker Player","The Saiyan","The Servant 0.9.4","The Wild Card"],"gold_per_floor":[141,141,171,171,171,261,261,339,339,339,414,465,567,45,45,354,354,411,326,326,29,65,65,104,104,128,230,230,230,230],"floor_reached":29,"playtime":1216,"items_purged":[],"score":392,"play_id":"d36375a1-71d1-4370-a1c3-4c31208f65e9","local_time":"20210108004849","daily_mods":["Vintage","Diverse","Heirloom","Time Dilation","Flight","DeadlyEvents","Elite Swarm","Lethality","Midas"],"is_ascension_mode":false,"campfire_choices":[{"floor":7,"key":"REST"},{"floor":10,"key":"REST"},{"floor":15,"key":"REST"},{"floor":23,"key":"REST"},{"floor":25,"key":"REST"},{"floor":28,"key":"REST"}],"circlet_count":0,"master_deck":["theWildCard:BasicStrike","theWildCard:BasicStrike","theWildCard:BasicStrike","theWildCard:BasicStrike","theWildCard:BasicDefend","theWildCard:BasicDefend+1","theWildCard:BasicDefend","theWildCard:BasicDefend","theWildCard:CallToAdventure","theWildCard:Arsene+1","Regret","CasketOfStar","Exhume","HollowMod:SlysStrikes","StarDustReverie","theWildCard:ArcanaArtistry","Ragnarok+1","theWildCard:Desolation+1"],"relics":["theWildCard:VelvetContract","HollowMod:QueensCombRelic","Molten Egg 2","Blood Vial","Ginger","Smiling Mask","PreservedInsect","Pear","Unceasing Top","Orichalcum","MealTicket","Omamori","Dead Branch","Fusion Hammer","CeramicFish","theWildCard:MemoriesOfPhantasm","Mercury Hourglass","Frozen Eye","Ancient Tea Set","Potion Belt","Regal Pillow","War Paint","Turnip"],"acts_visited":["Exordium","TheCity"],"potions_floor_usage":[16,16],"damage_taken":[{"damage":0,"enemies":"2 Louse","floor":1,"turns":1},{"damage":0,"enemies":"Cultist","floor":3,"turns":2},{"damage":19,"enemies":"Gremlin Nob","floor":6,"turns":3},{"damage":15,"enemies":"Lagavulin","floor":8,"turns":4},{"damage":17,"enemies":"Gremlin Nob","floor":11,"turns":3},{"damage":2,"enemies":"Small Slimes","floor":12,"turns":3},{"damage":37,"enemies":"3 Sentries","floor":13,"turns":6},{"damage":35,"enemies":"Hexaghost","floor":16,"turns":9},{"damage":13,"enemies":"Chosen","floor":18,"turns":3},{"damage":23,"enemies":"2 Thieves","floor":22,"turns":2},{"damage":42,"enemies":"Sentry and Sphere","floor":24,"turns":5},{"damage":23,"enemies":"Book of Stabbing","floor":27,"turns":3},{"damage":0,"enemies":"Centurion and Healer","floor":29,"turns":1}],"seed_played":"-2101368642046347441","potions_obtained":[{"floor":1,"key":"Dexterity Potion"},{"floor":11,"key":"DuplicationPotion"},{"floor":12,"key":"SkillPotion"},{"floor":13,"key":"LiquidMemories"},{"floor":24,"key":"ColorlessPotion"},{"floor":27,"key":"Dexterity Potion"}],"is_trial":true,"path_per_floor":["M","?","M","?","?","E","R","E","T","R","E","M","E","$","R","B",null,"M","?","?","$","M","R","M","R","T","E","R","M"],"character_chosen":"THE_WILD_CARD","items_purchased":["theWildCard:ArcanaArtistry","Omamori","Dead Branch","Frozen Eye","Ancient Tea Set"],"campfire_rested":6,"item_purchase_floors":[14,14,14,21,21],"current_hp_per_floor":[40,40,40,40,40,21,33,24,34,49,33,37,6,21,36,7,50,37,37,37,50,27,42,8,38,38,21,50,50,50],"gold":230,"neow_bonus":"","is_daily":false,"chose_seed":false,"campfire_upgraded":0,"win_rate":0.0,"timestamp":1610041729,"path_taken":["M","?","?","?","?","E","R","?","T","R","?","M","E","$","R","BOSS","M","?","?","$","?","R","M","R","T","E","R","M"],"items_purchased_type":["Card","Relic","Relic","Relic","Relic"],"build_version":"2020-12-22","purchased_purges":0,"victory":false,"max_hp_per_floor":[40,40,40,40,40,40,40,40,50,50,50,50,50,50,50,50,50,50,50,50,50,50,50,50,50,50,50,50,50,50],"card_choices":[{"not_picked":["KillingDoll+1","ForgedInTime"],"picked":"CasketOfStar","floor":6},{"not_picked":["TreasureHunter+1","AdministrixMod:StarSwordSoul"],"picked":"Exhume","floor":8},{"not_picked":["BinaryStars","Judgement"],"picked":"HollowMod:SlysStrikes","floor":11},{"not_picked":["BinaryStars","AdministrixMod:FearOfDeath"],"picked":"StarDustReverie","floor":13},{"not_picked":["Saiyan:SuperSaiyanThree","animator:HigakiRinne"],"picked":"Ragnarok+1","floor":16},{"not_picked":["Juggernaut","PokerPlayerMod:RoyalStrike+1"],"picked":"theWildCard:Desolation+1","floor":27}],"player_experience":177888,"relics_obtained":[{"floor":1,"key":"Molten Egg 2"},{"floor":3,"key":"Blood Vial"},{"floor":6,"key":"Smiling Mask"},{"floor":8,"key":"PreservedInsect"},{"floor":9,"key":"Pear"},{"floor":11,"key":"Unceasing Top"},{"floor":12,"key":"Orichalcum"},{"floor":13,"key":"MealTicket"},{"floor":18,"key":"CeramicFish"},{"floor":22,"key":"Potion Belt"},{"floor":24,"key":"Regal Pillow"},{"floor":26,"key":"War Paint"},{"floor":27,"key":"Turnip"}],"event_choices":[{"damage_healed":0,"gold_gain":0,"player_choice":"Cursed","damage_taken":0,"max_hp_gain":0,"max_hp_loss":0,"event_name":"Wheel of Change","floor":2,"gold_loss":0,"cards_obtained":["Decay"]},{"cards_removed":["Decay"],"damage_healed":0,"gold_gain":0,"player_choice":"Forget","damage_taken":0,"max_hp_gain":0,"max_hp_loss":0,"event_name":"Living Wall","floor":4,"gold_loss":0},{"damage_healed":0,"gold_gain":0,"player_choice":"Box","damage_taken":0,"relics_obtained":["Ginger"],"max_hp_gain":0,"max_hp_loss":0,"event_name":"Big Fish","floor":5,"gold_loss":0,"cards_obtained":["Regret"]},{"damage_healed":0,"gold_gain":0,"player_choice":"Obtained Relic","damage_taken":0,"relics_obtained":["theWildCard:MemoriesOfPhantasm"],"max_hp_gain":0,"max_hp_loss":0,"event_name":"Addict","floor":19,"gold_loss":85},{"damage_healed":0,"gold_gain":0,"player_choice":"Opened","damage_taken":0,"relics_obtained":["Mercury Hourglass"],"max_hp_gain":0,"max_hp_loss":0,"event_name":"The Mausoleum","floor":20,"gold_loss":0,"cards_obtained":["Writhe"]}],"is_beta":false,"boss_relics":[{"not_picked":["Empty Cage","Busted Crown"],"picked":"Fusion Hammer"}],"items_purged_floors":[],"is_endless":true,"potions_floor_spawned":[1,11,12,13,24,27],"killed_by":"Centurion and Healer","ascension_level":0}}