{"host":"qvm8mnkwg7phaqzl","time":1610002982,"event":{"mods":["2.2 Compatiblity","Act Like it!","Aspiration","Astrologer","Bard","BaseMod","Beaked The Cultist","Better Altar","Better Match","Better Note","Better Sensory Stone","Better Skull","Better Third Choice","CCEM","CapriCore","CatGirl Mod","Chen","Colored Map","Conspire","DeckTracker","Downfall","Elementarium","Friendly Minions","Gensokyo","GifTheSpireLib","Gremlin Mod","Halation","Hermit","Hubris","Koishi","Marisa（霧雨　魔理沙）","Marked Mod","Mathematician","Minty Spire (QoL Compilation)","Onozuka Komachi Mod","Potionbrewer","Random Character Button","Rare Cards Sparkle","Reimu（博??梦）","Replay The Spire","Shade Mod","Somnambulant","StSLib","The Accelerator","The Administrix","The Alterego","The Blackbeard","The Bladedancer","The Bug Knight","The Caster","The Construct","The Cursed","The Disciple","The Dragon Tamer","The Druid","The Elementalist","The Factory","The Florist","The Forsaken","The Gatherer","The Hierophant","The Immortal","The Judge","The Juggle","The Jungle","The Marked","The Mystic","The Necromancer","The Poker Player","The Problem Sleuth","The Runesmith","The Sage","The Servant 0.9.4","The Spell Scribe","The Valiant","The Witch","TheArtist","TheBandit","TheFirefly","Wandering Minibosses","Yakumo Yukari mod","Yuyuko","vexMod","yUi"],"gold_per_floor":[99,116,23,135,154,64,64,75,108,33,33,33,33,49,68,165,165,165,185,203,12,31,63,145,70,81,81,100,100,100,125,142,161,172,277,277,202,222,241,226,244,259,259,259,284,299,313,338,338,356,374,282,298,298,298,332,47,47,47],"floor_reached":60,"playtime":14796,"items_purged":["sneckomod:Strike","Voices","sneckomod:Defend"],"score":2249,"play_id":"b6defe2d-6cb8-4e06-9304-7c6f9e133ca9","local_time":"20210107010302","is_ascension_mode":false,"campfire_choices":[{"floor":10.0,"key":"REST"},{"data":"sneckomod:UnknownClassDEFAULT_GRAY_COLOR","floor":13.0,"key":"SMITH"},{"floor":18.0,"key":"RECALL"},{"data":"sneckomod:MasterEye","floor":25.0,"key":"SMITH"},{"data":"sneckomod:SnekBite","floor":27.0,"key":"SMITH"},{"data":"sneckomod:UnknownRareSkill","floor":37.0,"key":"SMITH"},{"floor":58,"key":"REST"}],"circlet_count":0,"master_deck":["sneckomod:Strike","sneckomod:Strike","sneckomod:Defend+1","sneckomod:Defend+1","sneckomod:TailWhip","sneckomod:SnekBite+1","sneckomod:Unknown+1","sneckomod:Unknown","sneckomod:WideSting","sneckomod:UnknownWeak+1","sneckomod:QuickMove","Gensokyo:SummonYinYangFox","sneckomod:UnknownClassDEFAULT_GRAY_COLOR+1","sneckomod:UnknownUncommonAttack+1","sneckomod:WideSting","sneckomod:UnknownClassPassionlip_Purple+1","sneckomod:Restock","sneckomod:UnknownRarePower+1","sneckomod:MasterEye+1","sneckomod:SoulExchange+1","sneckomod:UnknownClassWHITE+1","sneckomod:UnknownClassBEAKED_YELLOW+1","sneckomod:SerpentMind","sneckomod:UnknownClassWHITE+1","sneckomod:Nope","sneckomod:UnknownRareSkill+1","MachineGunSpark+1","sneckomod:Unknown3Cost+1","sneckomod:UnknownRareAttack+1","sneckomod:Restock+1","sneckomod:Restock"],"relics":["theForsaken:PaleLantern","War Paint","sneckomod:LoadedDie","aspiration:HatOfInfinitePower","downfall:HeartBlessingBlue","ReplayTheSpireMod:Ring of Collecting","Ring of Hypnosis","Gensokyo:Companionship","Replay:Bronze Core","Smiling Mask","CCEMRelics:FryingPan","downfall:HeartBlessingRed","CCEMRelics:PorcelainBowl","Replay:Grab Bag","halation:IncompleteEncyclopedia","Sozu","aspiration:MarisaSkillbook","downfall:HeartBlessingGreen","Ring of Panic","halation:PrussianBluePaint","hubris:SphereOfDissonance","Bag of Marbles","halation:AfternoonTea","Replay:Rubber Ducky","Guide Book"],"acts_visited":["Gensokyo:Gensokyo","Elementarium:Elementarium","Gensokyo:Gensokyoest","TheEnding"],"potions_floor_usage":[59],"damage_taken":[{"damage":0.0,"enemies":"Gensokyo:Python","floor":2.0,"turns":2.0},{"damage":0.0,"enemies":"Gensokyo:3_Fairies","floor":5.0,"turns":4.0},{"damage":5.0,"enemies":"downfall:FleeingMerchant","floor":6.0,"turns":4.0},{"damage":0.0,"enemies":"Gensokyo:2_Kodama","floor":8.0,"turns":4.0},{"damage":16.0,"enemies":"Gensokyo:Cirno","floor":9.0,"turns":6.0},{"damage":0.0,"enemies":"Gensokyo:2_Rabbits","floor":14.0,"turns":4.0},{"damage":5.0,"enemies":"Gensokyo:Python_and_Kodama","floor":15.0,"turns":4.0},{"damage":18.0,"enemies":"downfall:Silent","floor":16.0,"turns":11.0},{"damage":2.0,"enemies":"Elementarium:2_ELEMENTALS","floor":19.0,"turns":3.0},{"damage":9.0,"enemies":"Elementarium:Cyclone","floor":20.0,"turns":6.0},{"damage":0.0,"enemies":"downfall:FleeingMerchant","floor":21.0,"turns":5.0},{"damage":11.0,"enemies":"Elementarium:3_ELEMENTALS","floor":22.0,"turns":3.0},{"damage":0.0,"enemies":"Elementarium:FIRE_NOBILITY","floor":23.0,"turns":6.0},{"damage":11.0,"enemies":"Elementarium:VOID_CORRUPTION_AND_ORB_OF_FIRE","floor":26.0,"turns":8.0},{"damage":6.0,"enemies":"Elementarium:Hydrostalker","floor":28.0,"turns":7.0},{"damage":8.0,"enemies":"Elementarium:WarGolem","floor":31.0,"turns":4.0},{"damage":2.0,"enemies":"Elementarium:3_ELEMENTALS","floor":32.0,"turns":3.0},{"damage":10.0,"enemies":"Elementarium:VoidBeast","floor":33.0,"turns":3.0},{"damage":8.0,"enemies":"Elementarium:Hydrostalker","floor":34.0,"turns":7.0},{"damage":4.0,"enemies":"downfall:Watcher","floor":35.0,"turns":7.0},{"damage":9.0,"enemies":"Gensokyo:AncientGuardian","floor":38.0,"turns":3.0},{"damage":4.0,"enemies":"Gensokyo:3_Boulders","floor":39.0,"turns":4.0},{"damage":4.0,"enemies":"downfall:FleeingMerchant","floor":40.0,"turns":5.0},{"damage":19.0,"enemies":"Gensokyo:Sharpion","floor":41.0,"turns":4.0},{"damage":23.0,"enemies":"Gensokyo:Dusk_and_Dawn","floor":42.0,"turns":4.0},{"damage":0.0,"enemies":"Gensokyo:Rafflesia","floor":46.0,"turns":4.0},{"damage":0.0,"enemies":"Gensokyo:SeedOfUnknown","floor":47.0,"turns":3.0},{"damage":0.0,"enemies":"Gensokyo:Doremy","floor":48.0,"turns":2.0},{"damage":0.0,"enemies":"Gensokyo:Sharpion","floor":50.0,"turns":1.0},{"damage":9,"enemies":"Gensokyo:Dusk_and_Dawn","floor":51,"turns":3},{"damage":0,"enemies":"downfall:FleeingMerchant","floor":52,"turns":2},{"damage":19,"enemies":"Gensokyo:4_Bats","floor":53,"turns":3},{"damage":12,"enemies":"downfall:Ironclad","floor":54,"turns":5},{"damage":37,"enemies":"downfall:CharBossMerchant","floor":56,"turns":4},{"damage":21,"enemies":"downfall:NeowBoss","floor":59,"turns":14}],"seed_played":"6028298532585564366","potions_obtained":[{"floor":2.0,"key":"sneckomod:OffclassReductionPotion"},{"floor":15.0,"key":"SteroidPotion"},{"floor":16.0,"key":"LiquidBronze"},{"floor":19.0,"key":"DuplicationPotion"},{"floor":22.0,"key":"EntropicBrew"},{"floor":23.0,"key":"Block Potion"},{"floor":28.0,"key":"sneckomod:DiceRollPotion"},{"floor":33.0,"key":"LifebloodPotion"},{"floor":35.0,"key":"Milkshake"}],"is_trial":false,"path_per_floor":["R_BF","M","COS","?","M","$","T","M","E","R","?","?","R","M","M","B",null,"R","M","M","$","M","E","T","R","M","R","M","PTL","PTL","E","M","M","M","B",null,"R","M","M","$","M","M","PTL","PTL","T","M","M","E","?","M","M","$","M","B",null,"E","$","R","B",null],"character_chosen":"THE_SNECKO","items_purchased":["sneckomod:MasterEye","Bag of Marbles","halation:AfternoonTea","sneckomod:Restock","sneckomod:Restock","Guide Book"],"campfire_rested":2,"item_purchase_floors":[21,52,52,52,57,57],"current_hp_per_floor":[90,90,90,40,40,35,35,35,19,59,59,59,59,59,54,36,100,100,98,89,89,78,98,98,98,87,87,95,95,95,92,90,80,74,97,100,100,95,91,87,68,71,71,71,71,89,100,100,100,100,94,100,90,78,100,67,67,97,87],"gold":47,"neow_bonus":"BOSS_RELIC","is_daily":false,"chose_seed":false,"campfire_upgraded":4,"win_rate":0.0,"timestamp":1610002982,"path_taken":["R_BF","M","COS","?","?","$","T","M","E","R","?","?","R","M","M","BOSS","R","M","M","$","M","E","T","R","M","R","M","PTL","PTL","E","M","M","M","BOSS","R","M","M","$","M","M","PTL","PTL","T","M","M","E","?","M","M","$","M","BOSS","E","$","R","BOSS"],"items_purchased_type":["Card","Relic","Relic","Card","Card","Relic"],"build_version":"2020-12-22","purchased_purges":3,"victory":true,"max_hp_per_floor":[90,90,90,90,90,90,90,90,90,100,100,100,100,100,100,100,100,100,100,100,100,100,98,98,98,98,98,98,98,98,98,98,98,100,100,100,100,100,100,100,100,100,100,100,100,100,100,100,100,100,100,100,100,100,100,100,100,100,100],"card_choices":[{"not_picked":["sneckomod:UnknownCommonAttack","sneckomod:RainOfDice"],"picked":"sneckomod:WideSting","floor":2.0},{"not_picked":["sneckomod:UnknownClassLichGold+1","sneckomod:UnknownVulnerable+1"],"picked":"sneckomod:UnknownWeak+1","floor":5.0},{"not_picked":["sneckomod:UnknownClassRUNESMITH_BEIGE","sneckomod:UnknownCommonSkill"],"picked":"sneckomod:QuickMove","floor":5.0},{"not_picked":["sneckomod:UnknownClassBARD_COLOR","sneckomod:UnknownClassJUGGLER_ORANGE","sneckomod:Unknown1Cost"],"picked":"SKIP","floor":6.0},{"not_picked":["sneckomod:DiceBlock","sneckomod:QuickMove"],"picked":"sneckomod:MorePower","floor":8.0},{"not_picked":["sneckomod:UnknownUncommonSkill","sneckomod:UnknownClassACC"],"picked":"sneckomod:UnknownClassDEFAULT_GRAY_COLOR","floor":9.0},{"not_picked":["sneckomod:Unknown0Cost+1","sneckomod:UnknownClassCASTER_COLOR+1"],"picked":"sneckomod:UnknownUncommonAttack+1","floor":9.0},{"not_picked":["sneckomod:UnknownClassRED","sneckomod:Mudshield"],"picked":"sneckomod:WideSting","floor":14.0},{"not_picked":["sneckomod:UnknownClassPassionlip_Purple+1","sneckomod:UnknownClassACC+1","sneckomod:UnknownWeak+1"],"picked":"SKIP","floor":14.0},{"not_picked":["sneckomod:UnknownClassACC+1","sneckomod:UnknownWeak+1"],"picked":"sneckomod:UnknownClassPassionlip_Purple+1","floor":14.0},{"not_picked":["sneckomod:UnknownClassEV_BLUE_COLOR+1","sneckomod:UnknownClassMYSTIC_PURPLE+1","sneckomod:UnknownClassFLORIST_COLOR+1"],"picked":"SKIP","floor":15.0},{"not_picked":["sneckomod:DiceCrush","sneckomod:SoulDraw","sneckomod:UnknownVulnerable"],"picked":"SKIP","floor":15.0},{"not_picked":["sneckomod:Unknown3Cost","sneckomod:UnknownRareSkill"],"picked":"sneckomod:Restock","floor":16.0},{"not_picked":["sneckomod:UnknownClassCASTER_COLOR+1","sneckomod:UnknownBlock+1"],"picked":"sneckomod:UnknownRarePower+1","floor":19.0},{"not_picked":["sneckomod:QuickBite","sneckomod:CheapStock","sneckomod:WideSting"],"picked":"SKIP","floor":19.0},{"not_picked":["sneckomod:UnknownClassHEXA_GHOST_PURPLE+1","sneckomod:UnknownClassASTROLOGER+1","sneckomod:UnknownClasssleuth_GRAY_COLOR+1"],"picked":"SKIP","floor":20.0},{"not_picked":["sneckomod:Unknown1Cost","sneckomod:IronFang+1","sneckomod:UnknownCommonSkill"],"picked":"SKIP","floor":20.0},{"not_picked":["sneckomod:UnknownCommonAttack","sneckomod:UnknownClassSILVER+1","sneckomod:DiceCrush"],"picked":"SKIP","floor":21.0},{"not_picked":["sneckomod:UnknownClassUrban Legend","sneckomod:UnknownClassCHEN_COLOR"],"picked":"sneckomod:SoulExchange","floor":22.0},{"not_picked":["sneckomod:UnknownClassGREMLIN","sneckomod:SoulDraw","sneckomod:UnknownClassCHEN_COLOR"],"picked":"SKIP","floor":23.0},{"not_picked":["sneckomod:UnknownUncommonSkill+1","sneckomod:UnknownClassWORDO_MOD_COLOR+1","sneckomod:UnknownClasssleuth_GRAY_COLOR+1"],"picked":"SKIP","floor":26.0},{"not_picked":["sneckomod:UnknownClassACC","sneckomod:QuickBite+1","sneckomod:UnknownBlock"],"picked":"SKIP","floor":26.0},{"not_picked":["sneckomod:UnknownClassTHE_SAGE+1","sneckomod:UnknownCommonSkill+1"],"picked":"sneckomod:UnknownClassBEAKED_YELLOW+1","floor":28.0},{"not_picked":["sneckomod:UnknownCommonSkill","sneckomod:UnknownClassKOMACHI_COLOR","sneckomod:SoulDraw"],"picked":"SKIP","floor":28.0},{"not_picked":["sneckomod:UnknownClassRUNESMITH_BEIGE+1","sneckomod:UnknownBlock"],"picked":"sneckomod:SerpentMind","floor":31.0},{"not_picked":["sneckomod:UnknownClassGREMLIN+1","sneckomod:UnknownUncommonPower+1"],"picked":"sneckomod:UnknownClassWHITE+1","floor":31.0},{"not_picked":["sneckomod:UnknownClassGREEN+1","sneckomod:SoulRoll","sneckomod:UnknownClassGATHERER_LIME+1"],"picked":"SKIP","floor":32.0},{"not_picked":["sneckomod:UnknownClassSILVER+1","sneckomod:UnknownStrike"],"picked":"sneckomod:Nope","floor":33.0},{"not_picked":["sneckomod:UnknownClassSCRIBE_BLUE+1","sneckomod:UnknownClassORANGE+1","sneckomod:UnknownExhaust+1"],"picked":"SKIP","floor":34.0},{"not_picked":["sneckomod:Unknown0Cost","sneckomod:DiceBlock+1","sneckomod:DangerNoodle"],"picked":"SKIP","floor":34.0},{"not_picked":["sneckomod:UnlimitedRolls","sneckomod:DangerNoodle"],"picked":"sneckomod:UnknownRareSkill","floor":35.0},{"not_picked":["sneckomod:UnknownClassKOMACHI_COLOR+1","sneckomod:UnknownClassASTROLOGER+1","sneckomod:UnknownClassSILVER+1","sneckomod:UnknownClassYUYUKO_COLOR+1"],"picked":"SKIP","floor":38.0},{"not_picked":["sneckomod:QuickMove+1","sneckomod:UnknownVulnerable+1","sneckomod:UnknownClassBEAKED_YELLOW","NonDirectionalLaser"],"picked":"SKIP","floor":38.0},{"not_picked":["MysteriousBeam","AsteroidBelt+1","sneckomod:QuickBite","FairyDestructionRay"],"picked":"SKIP","floor":39.0},{"not_picked":["sneckomod:TrashToTreasure+1","FinalSpark","sneckomod:UnknownClassBUGKNIGHT_GRAY_COLOR","sneckomod:UnknownClassBARD_COLOR"],"picked":"SKIP","floor":40.0},{"not_picked":["sneckomod:UnknownClassSHADE_COLOR+1","sneckomod:UnknownClassORANGE+1","ManaConvection","sneckomod:UnknownClassCHEN_COLOR+1"],"picked":"SKIP","floor":41.0},{"not_picked":["sneckomod:UnknownCommonAttack","sneckomod:DiceCrush+1","sneckomod:IronFang+1"],"picked":"MachineGunSpark+1","floor":42.0},{"not_picked":["sneckomod:UnknownWeak+1","sneckomod:UnknownClassBLUE+1","sneckomod:UnknownClassSOMNAMBULANT_GRAY+1"],"picked":"sneckomod:Unknown3Cost+1","floor":46.0},{"not_picked":["WitchLeyline+1","DoubleSpark","WitchOfGreed+1","MilkyWay"],"picked":"SKIP","floor":46.0},{"not_picked":["sneckomod:UnknownClassACC+1","sneckomod:UnknownClassShop Special+1","sneckomod:UnknownClassYUYUKO_COLOR+1"],"picked":"sneckomod:UnknownRareAttack+1","floor":47.0},{"not_picked":["sneckomod:UnknownClassCATGIRL_TEAL+1","SuperPerseids","sneckomod:SoulRoll+1","DC+1"],"picked":"SKIP","floor":47.0},{"not_picked":["sneckomod:UnknownUncommonSkill+1","sneckomod:UnknownClassRED+1","sneckomod:UnknownClassSOMNAMBULANT_GRAY+1","sneckomod:UnknownClassCONSTRUCTMOD+1"],"picked":"SKIP","floor":48.0},{"not_picked":["sneckomod:ImprovisedAttack+1","MysteriousBeam","sneckomod:UnknownCommonAttack+1","sneckomod:QuickMove+1"],"picked":"SKIP","floor":48.0},{"not_picked":["sneckomod:SoulRoll+1","sneckomod:UnknownVulnerable+1","sneckomod:UnknownClassWITCH+1","DragonMeteor"],"picked":"SKIP","floor":50.0},{"not_picked":["sneckomod:DiceCrush","WitchOfGreed+1","sneckomod:UnknownClassPassionlip_Purple","sneckomod:QuickMove+1"],"picked":"SKIP","floor":51},{"not_picked":["sneckomod:RainOfDice","sneckomod:QuickMove+1","LuminesStrike+1","IllusionStar"],"picked":"SKIP","floor":52},{"not_picked":["sneckomod:UnknownStrike","GrandCross","sneckomod:MorePower","sneckomod:UnknownBlock"],"picked":"SKIP","floor":53},{"not_picked":["DarkMatter","GalacticHalo","GrandCross","MagicAbsorber+1"],"picked":"SKIP","floor":56}],"player_experience":653019,"relics_obtained":[{"floor":9.0,"key":"aspiration:HatOfInfinitePower"},{"floor":12.0,"key":"ReplayTheSpireMod:Ring of Collecting"},{"floor":12.0,"key":"Ring of Hypnosis"},{"floor":23.0,"key":"Smiling Mask"},{"floor":24.0,"key":"CCEMRelics:FryingPan"},{"floor":31.0,"key":"CCEMRelics:PorcelainBowl"},{"floor":45.0,"key":"Ring of Panic"},{"floor":45.0,"key":"halation:PrussianBluePaint"},{"floor":48.0,"key":"hubris:SphereOfDissonance"},{"floor":56,"key":"Replay:Rubber Ducky"}],"event_choices":[{"damage_healed":0.0,"max_hp_gain":0.0,"max_hp_loss":0.0,"gold_gain":112.0,"event_name":"betterSkull:BetterSkull","player_choice":"GO RE RE ","floor":4.0,"gold_loss":0.0,"damage_taken":55.0,"cards_upgraded":[],"relics_obtained":["War Paint","sneckomod:LoadedDie"]}],"is_beta":false,"boss_relics":[{"not_picked":["vexMod:FluxCapacitor","aspiration:FutureDiary"],"picked":"Replay:Bronze Core"},{"not_picked":["halation:CatFaceCupcake","hubris:VirtuousBlindfold"],"picked":"Replay:Grab Bag"},{"not_picked":["Painkiller Herb","Velvet Choker"],"picked":"halation:IncompleteEncyclopedia"},{"not_picked":["beaked:MawFillet","hubris:RunicObelisk"],"picked":"Sozu"},{"not_picked":["hubris:HollowSoul","aspiration:WatcherSkillbook"],"picked":"aspiration:MarisaSkillbook"}],"items_purged_floors":[6,21,52],"is_endless":false,"potions_floor_spawned":[2,15,16,19,20,22,23,28,33,35,41,42,46,47,51],"ascension_level":0}}