{"host":"Ringo","time":1610026090,"event":{"mods":["BaseMod","Colored Map","Conspire","Dota2Spire","Minty Spire (QoL Compilation)","StSLib","[IsaacMod]ÒÔÈö¼âËþ","¡¾ÒÅÎï¿¨ÅÆ¡¿REMEMod"],"gold_per_floor":[114,189,44,57,76,110,110,35,58,93,109,109,136,136,136,240,240,260,260,271,48,63,63,94,94,276,313,423,442,159,84,84,183,183,242,292,292,73,84,114,16,42,42,42,42,42],"floor_reached":45,"playtime":1888,"items_purged":["Defend_R"],"score":727,"play_id":"164ba7d3-99bb-4d7f-bbef-e73774a1497b","local_time":"20210107212810","is_ascension_mode":true,"campfire_choices":[{"data":"REME_Cut","floor":7,"key":"SMITH"},{"data":"Spot Weakness","floor":12,"key":"SMITH"},{"data":"Flame Barrier","floor":15,"key":"SMITH"},{"data":"REME_ACTH","floor":23,"key":"SMITH"},{"data":"Shrug It Off","floor":25,"key":"SMITH"},{"floor":28,"key":"REST"},{"data":"Offering","floor":32,"key":"SMITH"}],"circlet_count":0,"master_deck":["Strike_R+1","Strike_R","Strike_R","Defend_R","Bash+1","Intimidate+1","Dropkick","Spot Weakness+1","Flame Barrier+1","Shrug It Off+1","REME_Cut+1","Inflame","Rage+1","Pommel Strike","REME_ACTH+1","Iron Wave","Metallicize","Clash+1","Armaments+1","Cleave","Offering+1","Thunderclap+1","Uppercut"],"relics":["Black Blood","HushsDoor","REME_ComplimentaryCards","BelialBook","Lantern","Nunchaku","Dota2Spire:BladeMail","Dota2Spire:MagicBottle","Dota2Spire:MaskOfMadness","Empty Cage","MutagenicStrength","War Paint","PillsDrop","BloodDonationBag","Dota2Spire:ArcaneBoots","NineVolt","Pantograph","CeramicFish","Dota2Spire:PhaseBoots","Blood Vial","REME_CardOfGreed","UnicornStump","MaYiHuaBei"],"acts_visited":["Exordium","TheCity","TheBeyond"],"potions_floor_usage":[10,10,16,18,22,26,33,36,45],"damage_taken":[{"damage":2.0,"enemies":"2 Louse","floor":1.0,"turns":3.0},{"damage":6.0,"enemies":"Cultist","floor":4.0,"turns":3.0},{"damage":0.0,"enemies":"Jaw Worm","floor":5.0,"turns":2.0},{"damage":15,"enemies":"Lagavulin","floor":6,"turns":3},{"damage":24,"enemies":"conspire:MimicChest","floor":10,"turns":5},{"damage":9,"enemies":"2 Fungi Beasts","floor":11,"turns":7},{"damage":10,"enemies":"3 Sentries","floor":13,"turns":4},{"damage":6,"enemies":"The Guardian","floor":16,"turns":6},{"damage":0,"enemies":"conspire:FuzzyDice","floor":18,"turns":4},{"damage":10,"enemies":"Spheric Guardian","floor":20,"turns":4},{"damage":7,"enemies":"3 Cultists","floor":22,"turns":5},{"damage":2,"enemies":"Book of Stabbing","floor":24,"turns":3},{"damage":0,"enemies":"conspire:SneckoGhost","floor":27,"turns":6},{"damage":16,"enemies":"conspire:HollyBat","floor":29,"turns":7},{"damage":14,"enemies":"Collector","floor":33,"turns":4},{"damage":4,"enemies":"Orb Walker","floor":35,"turns":3},{"damage":6,"enemies":"Hiden Room Battle","floor":36,"turns":2},{"damage":0,"enemies":"3 Shapes","floor":39,"turns":1},{"damage":7,"enemies":"Giant Head","floor":40,"turns":3},{"damage":8,"enemies":"Reptomancer","floor":42,"turns":4},{"damage":79,"enemies":"Giant Head","floor":45,"turns":7}],"seed_played":"-6571189733888195256","potions_obtained":[{"floor":4.0,"key":"Swift Potion"},{"floor":6,"key":"conspire:TimeTravelPotion"},{"floor":13,"key":"SteroidPotion"},{"floor":16,"key":"BlessingOfTheForge"},{"floor":20,"key":"Fire Potion"},{"floor":24,"key":"BloodPotion"},{"floor":27,"key":"LiquidMemories"},{"floor":35,"key":"FearPotion"},{"floor":36,"key":"DistilledChaos"}],"is_trial":false,"path_per_floor":["M","?","$","M","M","E","R","$","T","?","M","R","E","?","R","B",null,"M","?","M","$","M","R","E","R","T","E","R","M","$","?","R","B",null,"M","?","?","$","M","E","$","E","T","?","E"],"character_chosen":"IRONCLAD","items_purchased":["Lantern","War Paint","Metallicize","Offering","NineVolt","Dota2Spire:PhaseBoots","Uppercut","REME_CardOfGreed"],"campfire_rested":1,"item_purchase_floors":[3,21,21,30,30,38,38,41],"current_hp_per_floor":[76,65,65,65,71,62,62,62,62,64,79,79,79,63,63,75,79,80,80,76,76,75,75,79,79,68,80,80,73,73,73,73,74,81,79,74,74,74,83,83,70,83,83,79,0,0],"gold":42,"neow_bonus":"TRANSFORM_CARD","is_daily":false,"chose_seed":false,"campfire_upgraded":6,"win_rate":0.0,"timestamp":1610026090,"path_taken":["M","?","$","?","M","E","R","?","T","?","M","R","E","?","R","BOSS","M","?","M","$","M","R","E","R","T","E","R","M","$","?","R","BOSS","M","?","?","$","M","E","$","E","T","?","E"],"items_purchased_type":["Relic","Relic","Card","Card","Relic","Relic","Card","Relic"],"build_version":"2020-12-18","purchased_purges":1,"victory":false,"max_hp_per_floor":[80,80,80,80,80,80,80,80,80,80,80,80,80,80,80,80,80,80,80,80,80,80,80,80,80,80,80,80,83,83,83,83,83,83,83,83,83,83,83,83,83,83,83,79,79,79],"card_choices":[{"not_picked":["Headbutt","Perfected Strike"],"picked":"Spot Weakness","floor":1.0},{"not_picked":["Disarm","Heavy Blade"],"picked":"Flame Barrier","floor":4.0},{"not_picked":["Carnage","Fiend Fire"],"picked":"Shrug It Off","floor":5.0},{"not_picked":["Flex","REME_FearOfPain"],"picked":"REME_Cut","floor":6},{"not_picked":["Carnage","Body Slam"],"picked":"Inflame","floor":10},{"not_picked":["Second Wind","Heavy Blade"],"picked":"Rage","floor":11},{"not_picked":["Armaments","Entrench"],"picked":"Pommel Strike","floor":13},{"not_picked":["Exhume","Demon Form"],"picked":"REME_ACTH","floor":16},{"not_picked":["Anger","Hemokinesis"],"picked":"Iron Wave","floor":18},{"not_picked":["Entrench","Wild Strike","Blood for Blood"],"picked":"SKIP","floor":20},{"not_picked":["conspire:HitWhereItHurts","Dual Wield"],"picked":"Clash+1","floor":22},{"not_picked":["Ghostly Armor","Warcry"],"picked":"Armaments+1","floor":24},{"not_picked":["True Grit","Clash"],"picked":"Cleave","floor":27},{"not_picked":["Armaments","Dark Embrace","Fire Breathing+1"],"picked":"SKIP","floor":29},{"not_picked":["Headbutt+1","True Grit+1"],"picked":"Thunderclap+1","floor":35},{"not_picked":["Rage+1","Feed","Dark Embrace+1"],"picked":"SKIP","floor":39},{"not_picked":["Warcry","Reckless Charge","conspire:Charge"],"picked":"SKIP","floor":40},{"not_picked":["Warcry","Clash+1","Body Slam"],"picked":"SKIP","floor":42}],"player_experience":511332,"relics_obtained":[{"floor":6,"key":"Nunchaku"},{"floor":9,"key":"Dota2Spire:BladeMail"},{"floor":10,"key":"Dota2Spire:MagicBottle"},{"floor":13,"key":"Dota2Spire:MaskOfMadness"},{"floor":24,"key":"PillsDrop"},{"floor":26,"key":"BloodDonationMachine"},{"floor":27,"key":"Dota2Spire:ArcaneBoots"},{"floor":36,"key":"Pantograph"},{"floor":36,"key":"CeramicFish"},{"floor":40,"key":"Blood Vial"},{"floor":42,"key":"UnicornStump"},{"floor":43,"key":"MaYiHuaBei"}],"event_choices":[{"damage_healed":0.0,"max_hp_gain":0.0,"max_hp_loss":0.0,"gold_gain":75.0,"event_name":"World of Goop","player_choice":"Gather Gold","floor":2.0,"gold_loss":0.0,"damage_taken":11.0},{"damage_healed":0,"gold_gain":0,"player_choice":"Entered Light","damage_taken":16,"max_hp_gain":0,"max_hp_loss":0,"event_name":"Shining Light","floor":14,"gold_loss":0,"cards_upgraded":["Bash","Strike_R"]},{"damage_healed":0,"gold_gain":0,"player_choice":"Inject Mutagens","damage_taken":0,"relics_obtained":["MutagenicStrength"],"max_hp_gain":0,"max_hp_loss":0,"event_name":"Drug Dealer","floor":19,"gold_loss":0},{"cards_removed":["Strike_R"],"damage_healed":0,"gold_gain":0,"player_choice":"Gave Gold","damage_taken":0,"max_hp_gain":0,"max_hp_loss":0,"event_name":"Beggar","floor":31,"gold_loss":75},{"damage_healed":0,"gold_gain":0,"player_choice":"Fight","damage_taken":0,"max_hp_gain":0,"max_hp_loss":0,"event_name":"HidenRoomEvent","floor":36,"gold_loss":0},{"damage_healed":0,"gold_gain":0,"player_choice":"Leave","damage_taken":0,"max_hp_gain":0,"max_hp_loss":0,"event_name":"conspire:Investor","floor":37,"gold_loss":0},{"damage_healed":0,"gold_gain":0,"player_choice":"Max HP","damage_taken":0,"max_hp_gain":0,"max_hp_loss":4,"event_name":"Winding Halls","floor":44,"gold_loss":0}],"is_beta":true,"boss_relics":[{"not_picked":["Philosopher\u0027s Stone","Velvet Choker"],"picked":"Empty Cage"},{"not_picked":[]},{"not_picked":["conspire:RunicOctahedron","Runic Pyramid"],"picked":"Black Blood"},{"not_picked":[]}],"items_purged_floors":[8],"is_endless":false,"potions_floor_spawned":[4,6,13,16,20,24,27,35,36],"killed_by":"Giant Head","ascension_level":6}}