{"host":"8xi53560pl5zaoq2","time":1610058914,"event":{"mods":["BaseMod","Colored Map","Highlight Path","Minty Spire (QoL Compilation)","StSLib","Synergy Search"],"gold_per_floor":[114,45,7,7,25,50,50,83,83,8,8,8],"floor_reached":11,"playtime":383,"items_purged":["Defend_P"],"score":146,"play_id":"99f38ac4-6686-4e44-a406-f8b3a3f0b445","local_time":"20210107153514","is_ascension_mode":true,"campfire_choices":[{"data":"Eruption","floor":7,"key":"SMITH"}],"circlet_count":0,"master_deck":["Strike_P+1","Strike_P+1","Strike_P","Strike_P","Defend_P","Defend_P","Defend_P","Eruption+1","Vigilance","Halt","Weave","Weave","WindmillStrike","Halt","Prostrate"],"relics":["PureWater","NeowsBlessing","GremlinMask","Ornamental Fan","Whetstone","TeardropLocket"],"acts_visited":["Exordium"],"potions_floor_usage":[],"damage_taken":[{"damage":0,"enemies":"Cultist","floor":1,"turns":1},{"damage":0,"enemies":"2 Louse","floor":5,"turns":1},{"damage":0,"enemies":"Lagavulin","floor":6,"turns":1},{"damage":38,"enemies":"Gremlin Nob","floor":8,"turns":5},{"damage":27,"enemies":"3 Sentries","floor":11,"turns":10}],"seed_played":"-4426742981520827443","potions_obtained":[{"floor":5,"key":"Block Potion"},{"floor":8,"key":"Strength Potion"}],"is_trial":false,"path_per_floor":["M","$","$","?","M","E","R","E","T","$","E"],"character_chosen":"WATCHER","items_purchased":["Weave","Weave"],"campfire_rested":0,"item_purchase_floors":[2,3],"current_hp_per_floor":[65,65,65,65,65,65,65,27,27,27,0,0],"gold":8,"neow_bonus":"THREE_ENEMY_KILL","is_daily":false,"chose_seed":false,"campfire_upgraded":1,"win_rate":0.0,"timestamp":1610058914,"path_taken":["M","?","$","?","?","E","R","E","T","$","E"],"items_purchased_type":["Card","Card"],"build_version":"2020-12-22","purchased_purges":1,"victory":false,"max_hp_per_floor":[72,72,72,72,72,72,72,72,72,72,72,72],"card_choices":[{"not_picked":["SashWhip","FearNoEvil"],"picked":"Halt","floor":1},{"not_picked":["Evaluate","Collect"],"picked":"WindmillStrike","floor":5},{"not_picked":["CrushJoints","Consecrate"],"picked":"Halt","floor":6},{"not_picked":["Swivel","ClearTheMind"],"picked":"Prostrate","floor":8}],"player_experience":1269080,"relics_obtained":[{"floor":6,"key":"Ornamental Fan"},{"floor":8,"key":"Whetstone"},{"floor":9,"key":"TeardropLocket"}],"event_choices":[{"damage_healed":0,"gold_gain":0,"player_choice":"Trade","damage_taken":0,"relics_obtained":["GremlinMask"],"max_hp_gain":0,"max_hp_loss":0,"event_name":"FaceTrader","floor":4,"gold_loss":0}],"is_beta":false,"boss_relics":[],"items_purged_floors":[10],"is_endless":false,"potions_floor_spawned":[5,8],"killed_by":"3 Sentries","ascension_level":8}}