{"host":"yptvp0rjza9g9li7","time":1610030173,"event":{"mods":["AchievementEnabler","BaseMod","Colored Map","Colored Powertips","DeckTracker","Minty Spire (QoL Compilation)","SuperFastMode"],"gold_per_floor":[368,468,486,502,427,460,17,35,35,60,70,70,84,3,3,3,3],"floor_reached":16,"playtime":716,"items_purged":["Strike_G","Defend_G"],"score":102,"play_id":"9a1b5c2a-10d1-49db-99e0-8aecfe82e386","local_time":"20210107233613","is_ascension_mode":false,"campfire_choices":[{"floor":15,"key":"REST"}],"circlet_count":0,"master_deck":["Strike_G","Strike_G","Strike_G","Strike_G","Defend_G","Defend_G","Defend_G","Defend_G","Survivor","Neutralize","Infinite Blades","Deadly Poison","Backstab","Cloak And Dagger","Calculated Gamble","Acrobatics","Cloak And Dagger","Prepared","Blade Dance","Bandage Up"],"relics":["Ring of the Snake","Akabeko","Tiny Chest","Dream Catcher","Nunchaku","Odd Mushroom","Centennial Puzzle"],"acts_visited":["Exordium"],"potions_floor_usage":[16,16],"damage_taken":[{"damage":5.0,"enemies":"2 Louse","floor":1.0,"turns":4.0},{"damage":0.0,"enemies":"Cultist","floor":3.0,"turns":3.0},{"damage":0.0,"enemies":"Jaw Worm","floor":4.0,"turns":4.0},{"damage":32.0,"enemies":"Gremlin Nob","floor":6.0,"turns":5.0},{"damage":0.0,"enemies":"Large Slime","floor":8.0,"turns":4.0},{"damage":7.0,"enemies":"The Mushroom Lair","floor":10.0,"turns":5.0},{"damage":2.0,"enemies":"3 Louse","floor":11.0,"turns":3.0},{"damage":7.0,"enemies":"2 Fungi Beasts","floor":13.0,"turns":2.0},{"damage":42,"enemies":"The Guardian","floor":16,"turns":11}],"seed_played":"-3619404831182205963","potions_obtained":[{"floor":1.0,"key":"Regen Potion"},{"floor":8.0,"key":"SteroidPotion"},{"floor":13.0,"key":"DuplicationPotion"}],"is_trial":false,"path_per_floor":["M","?","M","M","$","E","$","M","T","?","M","T","M","$","R","B"],"character_chosen":"THE_SILENT","items_purchased":["Calculated Gamble","Tiny Chest","Dream Catcher","Bandage Up"],"campfire_rested":1,"item_purchase_floors":[7,7,7,14],"current_hp_per_floor":[58,58,58,58,58,36,36,36,36,29,27,27,20,20,38,0,0],"gold":3,"neow_bonus":"TWO_FIFTY_GOLD","is_daily":false,"chose_seed":false,"campfire_upgraded":0,"win_rate":0.0,"timestamp":1610030173,"path_taken":["M","?","M","M","$","E","$","M","T","?","M","?","M","$","R","BOSS"],"items_purchased_type":["Card","Relic","Relic","Card"],"build_version":"2020-12-22","purchased_purges":2,"victory":false,"max_hp_per_floor":[63,63,63,63,63,63,63,63,63,63,63,63,63,63,63,63,63],"card_choices":[{"not_picked":["Deadly Poison","Deflect"],"picked":"Infinite Blades","floor":1.0},{"not_picked":["Dodge and Roll","Poisoned Stab"],"picked":"Deadly Poison","floor":3.0},{"not_picked":["Poisoned Stab","Bouncing Flask"],"picked":"Backstab","floor":4.0},{"not_picked":["Poisoned Stab","Masterful Stab"],"picked":"Cloak And Dagger","floor":6.0},{"not_picked":["Poisoned Stab","Distraction"],"picked":"Acrobatics","floor":8.0},{"not_picked":["Deflect","Underhanded Strike"],"picked":"Cloak And Dagger","floor":10.0},{"not_picked":["Envenom","Flying Knee"],"picked":"Prepared","floor":11.0},{"not_picked":["Dagger Throw","Acrobatics"],"picked":"Blade Dance","floor":13.0}],"player_experience":168332,"relics_obtained":[{"floor":6.0,"key":"Akabeko"},{"floor":9.0,"key":"Nunchaku"},{"floor":10.0,"key":"Odd Mushroom"},{"floor":12.0,"key":"Centennial Puzzle"}],"event_choices":[{"damage_healed":0.0,"max_hp_gain":0.0,"max_hp_loss":0.0,"gold_gain":100.0,"event_name":"Golden Shrine","player_choice":"Pray","floor":2.0,"gold_loss":0.0,"damage_taken":0.0},{"damage_healed":0.0,"max_hp_gain":0.0,"max_hp_loss":0.0,"gold_gain":0.0,"event_name":"Mushrooms","player_choice":"Fought Mushrooms","floor":10.0,"gold_loss":0.0,"damage_taken":0.0}],"is_beta":false,"boss_relics":[],"items_purged_floors":[5,7],"is_endless":false,"potions_floor_spawned":[1,8,13],"killed_by":"The Guardian","ascension_level":0}}