{"host":"nu52txkaz0lj0p7m","time":1610058113,"event":{"mods":["2.2 Compatiblity","AchievementEnabler","Arknights The Spire","Astrologer","BaseMod","Beaked The Cultist","Best Route Mod","BetterRewards","Colored Map","Colored Powertips","Conjunction","Custom Start","Downfall","Duelist Mod","Evolution","GifTheSpireLib","GungeonMod","Lobotomy","LobotomyExtend","Minty Spire (QoL Compilation)","Permanent Neow","Relic Filter","SIMod","Small Relic Pack","StSLib","SuperFastMode","Synergy Search","The Dragon Tamer","The Fake Hero","TheFirefly"],"gold_per_floor":[99,114,133,153,153,153,178,163,196,213,228,228,263,274,294,389,389,389,389,389,402,252,267,267,267,281,351,362,385,385,411,475,576,576,576,590,590,189,208,236,236,236,236,236],"floor_reached":43,"playtime":3628,"items_purged":["Slimebound:SelfFormingGoo"],"score":515,"play_id":"45c073e4-7388-4c29-9495-3d01980ded29","local_time":"20210108062151","is_ascension_mode":true,"campfire_choices":[{"data":"Slimebound:Split","floor":1,"key":"SMITH"},{"data":"Slimebound:RainOfGoop","floor":6,"key":"SMITH"},{"data":"Slimebound:Overexert","floor":12,"key":"SMITH"},{"data":"Slimebound:LivingWall","floor":18,"key":"SMITH"},{"data":"Slimebound:DisruptingSlam","floor":25,"key":"SMITH"},{"data":"Slimebound:GrowthPunch","floor":30,"key":"SMITH"},{"data":"Slimebound:Defend_Slimebound","floor":35,"key":"SMITH"},{"floor":42,"key":"REST"}],"circlet_count":0,"master_deck":["Slimebound:Strike_Slimebound","Slimebound:Strike_Slimebound","Slimebound:Tackle+1","Slimebound:Defend_Slimebound+1","Slimebound:Defend_Slimebound","Slimebound:Defend_Slimebound","Slimebound:Split+1","Slimebound:CorrosiveSpit+1","Slimebound:SlimeBrawl+1","Slimebound:SplitMire","Slimebound:RainOfGoop+1","Slimebound:LivingWall+1","Slimebound:Overexert+1","Slimebound:GrowthPunch+1","Slimebound:LevelUp","Slimebound:DisruptingSlam+1","Slimebound:SlimeSlap+1","Slimebound:HauntingLick+1","Ghostly","Slimebound:SplitMire","Slimebound:LeechLife","expansioncontent:BronzeBeam","expansioncontent:Collect"],"relics":["Slimebound:AbsorbEndCombat","EVO:Axolotl","LetterFromLob","War Paint","DemoMod:LamentConfigurum","Tiny Chest","relicPack:KazumaCape","relicPack:DSword","Gambling Chip","Whetstone","DemoMod:PoisonVial","Velvet Choker","Strawberry","HandDrill","Toxic Egg 2"],"acts_visited":["Exordium","TheCity","TheBeyond"],"potions_floor_usage":[13,16,23,26,32,33,33],"damage_taken":[{"damage":8,"enemies":"Small Slimes","floor":2,"turns":3},{"damage":8,"enemies":"Jaw Worm","floor":3,"turns":4},{"damage":21,"enemies":"2 Louse","floor":4,"turns":3},{"damage":16,"enemies":"downfall:FleeingMerchant","floor":8,"turns":4},{"damage":12,"enemies":"Lagavulin","floor":9,"turns":5},{"damage":15,"enemies":"Exordium Wildlife","floor":10,"turns":2},{"damage":13,"enemies":"Large Slime","floor":11,"turns":3},{"damage":27,"enemies":"Gremlin Nob","floor":13,"turns":3},{"damage":10,"enemies":"3 Louse","floor":14,"turns":4},{"damage":8,"enemies":"2 Fungi Beasts","floor":15,"turns":2},{"damage":37,"enemies":"downfall:Ironclad","floor":16,"turns":7},{"damage":23,"enemies":"Spheric Guardian","floor":21,"turns":4},{"damage":15,"enemies":"3 Byrds","floor":23,"turns":3},{"damage":15,"enemies":"Snake Plant","floor":26,"turns":3},{"damage":28,"enemies":"Shelled Parasite and Fungi","floor":27,"turns":5},{"damage":31,"enemies":"Sentry and Sphere","floor":28,"turns":5},{"damage":14,"enemies":"theDuelist:KaibaA2","floor":31,"turns":5},{"damage":26,"enemies":"Chosen and Byrds","floor":32,"turns":5},{"damage":45,"enemies":"downfall:Watcher","floor":33,"turns":6},{"damage":18,"enemies":"3 Shapes","floor":36,"turns":5},{"damage":30,"enemies":"downfall:FleeingMerchant","floor":38,"turns":4},{"damage":28,"enemies":"3 Darklings","floor":39,"turns":5},{"damage":81,"enemies":"beaked:SuperParasite","floor":40,"turns":6},{"damage":34,"enemies":"Nemesis","floor":43,"turns":2}],"seed_played":"3585298079807399758","potions_obtained":[{"floor":2,"key":"SteroidPotion"},{"floor":4,"key":"hexamod:EctoCoolerPotion"},{"floor":14,"key":"FearPotion"},{"floor":15,"key":"Conjunction:LightningMarble"},{"floor":16,"key":"DistilledChaos"},{"floor":27,"key":"DemoMod:LeadSkinPotion"},{"floor":32,"key":"AttackPotion"},{"floor":33,"key":"sneckomod:MuddlingPotion"}],"is_trial":false,"path_per_floor":["R","M","M","M","?","R","T","$","E","M","M","R","E","M","M","B",null,"R","M","?","M","?","M","T","R","M","M","M","T","R","E","M","B",null,"R","M","?","$","M","E","T","R","E"],"character_chosen":"SLIMEBOUND","items_purchased":["Strawberry","HandDrill"],"campfire_rested":1,"item_purchase_floors":[38,38],"current_hp_per_floor":[42,46,52,47,47,47,47,49,55,56,59,59,47,51,55,40,60,60,60,25,18,18,29,29,29,30,28,21,21,21,27,39,43,60,60,60,50,67,64,9,9,29,0,0],"gold":236,"neow_bonus":"REMOVE_TWO","is_daily":false,"chose_seed":false,"campfire_upgraded":7,"win_rate":0.0,"timestamp":1610058111,"path_taken":["R","M","M","M","?","R","T","$","E","M","M","R","E","M","M","BOSS","R","M","?","M","?","M","T","R","?","M","M","?","R","E","M","BOSS","R","M","?","$","M","E","T","R","E"],"items_purchased_type":["Relic","Relic"],"build_version":"2020-12-22","purchased_purges":1,"victory":false,"max_hp_per_floor":[60,60,60,60,60,60,60,60,60,60,60,60,60,60,60,60,60,60,60,60,60,60,60,60,60,60,60,60,60,60,60,60,60,60,60,60,60,67,67,67,67,67,67,67],"card_choices":[{"not_picked":["Slimebound:Grow","Slimebound:ForwardTackle"],"picked":"Slimebound:SlimeBrawl","floor":2},{"not_picked":["Slimebound:Equalize","Slimebound:SlimeSpikes"],"picked":"Slimebound:SplitMire","floor":3},{"not_picked":["Slimebound:Chomp","Slimebound:RollThrough"],"picked":"Slimebound:RainOfGoop","floor":4},{"not_picked":["Slimebound:SpikyOuterGoop","Slimebound:LeadByExample"],"picked":"Slimebound:LivingWall","floor":8},{"not_picked":["Slimebound:SplitBruiser","Slimebound:HauntingLick"],"picked":"Slimebound:Overexert","floor":9},{"not_picked":["Slimebound:ViciousTackle","Slimebound:ComboTackle"],"picked":"Slimebound:SelfFormingGoo","floor":10},{"not_picked":["Slimebound:LeechEnergy","Slimebound:FirmFortitude"],"picked":"Slimebound:GrowthPunch","floor":11},{"not_picked":["Slimebound:BestDefense","Slimebound:FirmFortitude"],"picked":"Slimebound:LevelUp","floor":13},{"not_picked":["Slimebound:SplitAcid","Slimebound:LeechingTouch"],"picked":"Slimebound:DisruptingSlam","floor":14},{"not_picked":["Slimebound:Replication","Slimebound:ForwardTackle","Slimebound:HauntingLick"],"picked":"SKIP","floor":15},{"not_picked":["Slimebound:RallyTheTroops","Slimebound:MassRepurpose"],"picked":"Slimebound:SlimeSlap","floor":16},{"not_picked":["Slimebound:PressTheAttack","Slimebound:SplitMire"],"picked":"Slimebound:HauntingLick+1","floor":21},{"not_picked":["Slimebound:SplitAcid+1","Slimebound:GoopSpray+1","Slimebound:FlameTackle"],"picked":"SKIP","floor":23},{"not_picked":["Slimebound:ComboTackle","Slimebound:BestDefense"],"picked":"Slimebound:SplitMire","floor":26},{"not_picked":["Slimebound:SplitLeeching","Slimebound:SlimeTap+1"],"picked":"Slimebound:LeechLife","floor":27},{"not_picked":["Slimebound:LeechEnergy+1","Slimebound:ViciousTackle+1","Slimebound:ComboTackle"],"picked":"SKIP","floor":28},{"not_picked":["Slimebound:GoopTackle","Slimebound:SamplingLick","Slimebound:Grow+1"],"picked":"SKIP","floor":31},{"not_picked":["Slimebound:SplitMire+1","Slimebound:Nibble","Slimebound:SplitBruiser"],"picked":"SKIP","floor":32},{"not_picked":["Slimebound:PressTheAttack+1","Slimebound:ItLooksTasty+1","Slimebound:Equalize"],"picked":"SKIP","floor":36},{"not_picked":["expansioncontent:DecasProtection","expansioncontent:DarkVoid"],"picked":"expansioncontent:BronzeBeam","floor":37},{"not_picked":["expansioncontent:LastStand","expansioncontent:AwakenDeath"],"picked":"expansioncontent:Collect","floor":37},{"not_picked":["Slimebound:ComboTackle+1","Slimebound:LeechEnergy+1","Slimebound:Grow"],"picked":"SKIP","floor":38},{"not_picked":["Slimebound:ItLooksTasty","Slimebound:DisruptingSlam","Slimebound:Replication+1"],"picked":"SKIP","floor":39},{"not_picked":["Slimebound:Schlurp+1","Slimebound:SplitAcid+1","Slimebound:SplitLeeching+1"],"picked":"SKIP","floor":40}],"player_experience":320485,"relics_obtained":[{"floor":2,"key":"LetterFromLob"},{"floor":7,"key":"War Paint"},{"floor":9,"key":"DemoMod:LamentConfigurum"},{"floor":13,"key":"Tiny Chest"},{"floor":24,"key":"Gambling Chip"},{"floor":29,"key":"Whetstone"},{"floor":31,"key":"DemoMod:PoisonVial"},{"floor":40,"key":"Toxic Egg 2"}],"event_choices":[],"is_beta":false,"boss_relics":[{"not_picked":["Busted Crown","Pandora\u0027s Box"],"picked":"relicPack:KazumaCape"},{"not_picked":["Slimebound:AbsorbEndCombatUpgraded","SlaversCollar"],"picked":"Velvet Choker"}],"items_purged_floors":[38],"is_endless":false,"potions_floor_spawned":[2,4,14,15,16,27,28,31,32,33,39],"killed_by":"Nemesis","ascension_level":1}}