{"host":"bf9sa99gaumonoeu","time":1610061787,"event":{"mods":["AchievementEnabler","Act Like it!","BaseMod","Better Sensory Stone","Colored Map","Colored Powertips","Downfall","Friendly Minions","Gensokyo","GifTheSpireLib","Googly Eyes","Hallownest","Hermit","Hubris","Jorbs\u0027s Wanderer Trilogy","KinomotoSakuraMod(????)","Koishi","Lobotomy","Marisa????????","Minty Spire (QoL Compilation)","Rare Cards Sparkle","Reimu??????","Relic Stats","Remilia??????","Replay The Spire","StSLib","The Administrix","The Animator","The Blue Laboratory","The Bug Knight","The Construct","The Cursed","The Disciple","The Hierophant","The Mystic","The Necromancer","The Poker Player","The Runesmith","The Senshi","The Servant 0.9.4"],"gold_per_floor":[111,127,141,141,156,156,169,21,96,96,106,106,122,151,151,226,226,243,2,2,16,16,16,33,56,80,107,107,172,212,236,236,236,236],"floor_reached":33,"playtime":3629,"items_purged":[],"score":643,"play_id":"3056c9c8-6a09-41bc-81ce-964fa91c5ef1","local_time":"20210107212307","is_ascension_mode":true,"campfire_choices":[{"data":"Dagger Spray","floor":6.0,"key":"SMITH"},{"data":"hubris:DuctTapeCard","floor":10.0,"key":"SMITH"},{"data":"Calculated Gamble","floor":12.0,"key":"SMITH"},{"data":"Catalyst","floor":15.0,"key":"SMITH"},{"data":"Blur","floor":23.0,"key":"SMITH"},{"floor":28.0,"key":"REST"},{"data":"Blur","floor":32.0,"key":"SMITH"}],"circlet_count":0,"master_deck":["AscendersBane","Strike_G","Strike_G","Strike_G+1","Strike_G","Defend_G+1","Defend_G","Defend_G","Defend_G","Defend_G","Survivor","Neutralize","Dagger Spray+1","Flechettes","Deadly Poison","Calculated Gamble+1","Backstab","Catalyst+1","Corpse Explosion","Prepared","Gensokyo:LockedMedkit","Backflip+1","Sneak Up","Replay:Poison Smokescreen","Blur+1","Die Die Die","Decay","Replay:Sluggish","Escape Plan","Parasite","Fluid Movement+1","Blur+1","hubris:DuctTapeCard"],"relics":["Ring of the Snake","Gensokyo:OccultBall","hubris:DuctTape","Tiny Chest","Ancient Tea Set","Cursed Key","Orrery","Simple Rune","hubris:TenFootPole","Snake Skull","CeramicFish","FossilizedHelix"],"acts_visited":["Gensokyo:Gensokyo","Gensokyo:Gensokyoer"],"potions_floor_usage":[33,33,33],"damage_taken":[{"damage":4.0,"enemies":"Gensokyo:Python","floor":1.0,"turns":6.0},{"damage":1.0,"enemies":"Gensokyo:3_Fairies","floor":2.0,"turns":3.0},{"damage":0.0,"enemies":"Gensokyo:Gryphon","floor":3.0,"turns":3.0},{"damage":12.0,"enemies":"Gensokyo:3_Kodama","floor":5.0,"turns":5.0},{"damage":2.0,"enemies":"Gensokyo:Python_and_Kodama","floor":7.0,"turns":4.0},{"damage":2.0,"enemies":"Gensokyo:Kitsune","floor":11.0,"turns":4.0},{"damage":3.0,"enemies":"Gensokyo:3_Kodama","floor":13.0,"turns":4.0},{"damage":0.0,"enemies":"Gensokyo:Cirno","floor":14.0,"turns":4.0},{"damage":28.0,"enemies":"Gensokyo:Yukari","floor":16.0,"turns":12.0},{"damage":6.0,"enemies":"Gensokyo:CosmicMonolith","floor":18.0,"turns":3.0},{"damage":3.0,"enemies":"Gensokyo:3_Dogs","floor":21.0,"turns":4.0},{"damage":0.0,"enemies":"Gensokyo:Swordslinger","floor":24.0,"turns":4.0},{"damage":24.0,"enemies":"Gensokyo:Tenshi","floor":27.0,"turns":6.0},{"damage":0.0,"enemies":"Gensokyo:Reisen","floor":30.0,"turns":7.0},{"damage":0.0,"enemies":"Gensokyo:3_Gloops","floor":31.0,"turns":2.0},{"damage":60,"enemies":"Gensokyo:Eternal_Rivals","floor":33,"turns":9}],"seed_played":"-1133590592363008269","potions_obtained":[{"floor":1.0,"key":"Adrenaline Potion"},{"floor":3.0,"key":"blueLaboratory:EmptyBottle"},{"floor":7.0,"key":"Block Potion"},{"floor":11.0,"key":"Explosive Potion"},{"floor":18.0,"key":"Explosive Potion"},{"floor":21.0,"key":"blueLaboratory:SavagePotion"},{"floor":27.0,"key":"SkillPotion"},{"floor":29.0,"key":"Toxic Potion"},{"floor":29.0,"key":"blueLaboratory:NullPotion"},{"floor":30.0,"key":"blueLaboratory:ImpenetrablePotion"}],"is_trial":false,"path_per_floor":["M","M","M","?","M","R","M","COS","T","R","M","R","M","E","R","B",null,"M","COS","?","M","?","R","M","T","T","E","R","?","E","M","R","B"],"character_chosen":"THE_SILENT","items_purchased":[],"campfire_rested":1,"item_purchase_floors":[],"current_hp_per_floor":[55,54,54,54,42,42,40,40,40,40,38,38,35,35,35,7,51,45,45,45,42,42,42,42,42,42,18,37,37,37,37,37,0,0],"gold":236,"neow_bonus":"TRANSFORM_CARD","is_daily":false,"chose_seed":false,"campfire_upgraded":6,"win_rate":0.0,"timestamp":1610061787,"path_taken":["M","M","M","?","M","R","M","COS","T","R","M","R","M","E","R","BOSS","M","COS","?","?","?","R","M","?","T","E","R","?","E","M","R","BOSS"],"items_purchased_type":[],"build_version":"2020-12-22","purchased_purges":0,"victory":false,"max_hp_per_floor":[66,66,66,66,66,66,66,66,66,66,66,66,66,66,66,66,66,66,66,66,66,66,66,66,66,66,66,66,66,66,66,66,66,66],"relic_stats":{"counters":[16,79],"CeramicFish":18,"Tiny Chest":1,"Snake Skull":[12],"Cursed Key":2,"obtain_stats":[{"hubris:DuctTape":9,"CeramicFish":29,"Orrery":19,"Gensokyo:OccultBall":4,"Tiny Chest":14,"Simple Rune":25,"Snake Skull":27,"hubris:TenFootPole":26,"Ancient Tea Set":16,"Cursed Key":17,"FossilizedHelix":30,"Ring of the Snake":0},{"hubris:DuctTape":5,"CeramicFish":13,"Orrery":10,"Gensokyo:OccultBall":3,"Tiny Chest":8,"Simple Rune":12,"Snake Skull":13,"hubris:TenFootPole":12,"Ancient Tea Set":9,"Cursed Key":9,"FossilizedHelix":14,"Ring of the Snake":0},{"hubris:DuctTape":20,"CeramicFish":61,"Orrery":47,"Gensokyo:OccultBall":12,"Tiny Chest":32,"Simple Rune":55,"Snake Skull":61,"hubris:TenFootPole":55,"Ancient Tea Set":33,"Cursed Key":44,"FossilizedHelix":68,"Ring of the Snake":0}],"Ring of the Snake":[32]},"card_choices":[{"not_picked":["hubris:Sniper","Cloak And Dagger"],"picked":"Dagger Spray","floor":1.0},{"not_picked":["Dagger Throw","Accuracy"],"picked":"Deadly Poison","floor":2.0},{"not_picked":["Slice","Dodge and Roll"],"picked":"Escape Plan","floor":3.0},{"not_picked":["Bouncing Flask","Hidden Blade"],"picked":"Flechettes","floor":5.0},{"not_picked":["Masterful Stab","Acrobatics"],"picked":"Deadly Poison","floor":7.0},{"not_picked":["Deadly Poison","Deflect"],"picked":"Calculated Gamble","floor":11.0},{"not_picked":["Outmaneuver","Cloak And Dagger"],"picked":"Backstab","floor":13.0},{"not_picked":["Slice","After Image"],"picked":"Catalyst","floor":14.0},{"not_picked":["Bullet Time","Tools of the Trade"],"picked":"Corpse Explosion","floor":16.0},{"not_picked":["Predator","Skewer"],"picked":"Prepared","floor":18.0},{"not_picked":["Flying Knee","Toxin Wave"],"picked":"PiercingWail","floor":19.0},{"not_picked":["Endless Agony","Blade Dance"],"picked":"Backflip","floor":19.0},{"not_picked":["PiercingWail","Blade Dance"],"picked":"Sneak Up","floor":19.0},{"not_picked":["Flying Knee","Deadly Poison"],"picked":"Replay:Poison Smokescreen","floor":19.0},{"not_picked":["Underhanded Strike","hubris:SlightOfHand+1"],"picked":"Blur","floor":19.0},{"not_picked":["Dagger Throw+1","ReplayTheSpireMod:Shiv Toss","Heel Hook"],"picked":"SKIP","floor":21.0},{"not_picked":["hubris:SlightOfHand","Deadly Poison"],"picked":"Die Die Die","floor":24.0},{"not_picked":["Caltrops","Eviscerate"],"picked":"Escape Plan","floor":27.0},{"not_picked":["Backstab","After Image"],"picked":"Fluid Movement+1","floor":30.0},{"not_picked":["Sneak Up","Outmaneuver"],"picked":"Blur","floor":31.0}],"player_experience":858425,"relics_obtained":[{"floor":9.0,"key":"hubris:DuctTape"},{"floor":14.0,"key":"Tiny Chest"},{"floor":16.0,"key":"Gensokyo:OccultBall"},{"floor":25.0,"key":"Simple Rune"},{"floor":26.0,"key":"hubris:TenFootPole"},{"floor":27.0,"key":"Gensokyo:OccultBall"},{"floor":27.0,"key":"Snake Skull"},{"floor":29.0,"key":"CeramicFish"},{"floor":30.0,"key":"FossilizedHelix"}],"event_choices":[],"is_beta":false,"boss_relics":[{"not_picked":["SlaversCollar","ReplayTheSpireMod:DimensionalGlitch"],"picked":"Cursed Key"}],"items_purged_floors":[],"is_endless":false,"potions_floor_spawned":[1,3,7,11,18,21,27,30],"killed_by":"Gensokyo:Eternal_Rivals","ascension_level":18}}