{"host":"j25kpsdysct9h495","time":1610052100,"event":{"mods":["BaseMod","Bestiary","Minty Spire (QoL Compilation)","Rare Cards Sparkle","StSLib"],"gold_per_floor":[113,113,0,0,14,14,45,69,115,115,135,135,135,160,160,281,281,296,296,314,314,337,337,357,357,357,357,372,388,422,195,195,326,326,344,344,368,386,185,204,204,504,504,504,524,156,156,179,179,179,179],"floor_reached":50,"playtime":2730,"items_purged":["Defend_B","Creative AI+1","Stack"],"score":539,"play_id":"08f55970-db9f-473a-b157-ea724307c747","local_time":"20210107184140","is_ascension_mode":false,"campfire_choices":[{"data":"Loop","floor":6,"key":"SMITH"},{"data":"Biased Cognition","floor":10,"key":"SMITH"},{"floor":13,"key":"REST"},{"floor":15,"key":"REST"},{"floor":23,"key":"REST"},{"data":"Zap","floor":27,"key":"SMITH"},{"floor":32,"key":"REST"},{"floor":41,"key":"REST"},{"floor":49,"key":"REST"}],"circlet_count":0,"master_deck":["Defend_B+1","Defend_B","Zap+1","Ball Lightning","Capacitor+1","Auto Shields","Loop+1","Biased Cognition+1","Chaos","Ball Lightning","Electrodynamics","Leap+1","Reboot+1","Auto Shields","Leap+1","BootSequence","Undo","Steam+1","Melter","BootSequence"],"relics":["Cracked Core","Golden Idol","Happy Flower","Anchor","Odd Mushroom","Astrolabe","Nloth\u0027s Gift","Shuriken","White Beast Statue","Empty Cage","Meat on the Bone","HornCleat"],"acts_visited":["Exordium","TheCity","TheBeyond"],"potions_floor_usage":[16,30,38,44,50,50],"damage_taken":[{"damage":0,"enemies":"Cultist","floor":1,"turns":1},{"damage":0,"enemies":"2 Louse","floor":5,"turns":1},{"damage":0,"enemies":"3 Sentries","floor":7,"turns":1},{"damage":0,"enemies":"Jaw Worm","floor":8,"turns":3},{"damage":8,"enemies":"Looter","floor":11,"turns":4},{"damage":8,"enemies":"The Mushroom Lair","floor":14,"turns":3},{"damage":9,"enemies":"The Guardian","floor":16,"turns":6},{"damage":17,"enemies":"Shell Parasite","floor":18,"turns":5},{"damage":0,"enemies":"Chosen","floor":20,"turns":4},{"damage":19,"enemies":"Centurion and Healer","floor":22,"turns":5},{"damage":6,"enemies":"Chosen and Byrds","floor":24,"turns":6},{"damage":8,"enemies":"Snake Plant","floor":28,"turns":4},{"damage":12,"enemies":"Centurion and Healer","floor":29,"turns":4},{"damage":14,"enemies":"Slavers","floor":30,"turns":3},{"damage":17,"enemies":"Champ","floor":33,"turns":10},{"damage":20,"enemies":"Orb Walker","floor":35,"turns":5},{"damage":29,"enemies":"3 Darklings","floor":37,"turns":4},{"damage":34,"enemies":"Maw","floor":38,"turns":8},{"damage":20,"enemies":"Writhing Mass","floor":40,"turns":6},{"damage":0,"enemies":"Transient","floor":44,"turns":1},{"damage":20,"enemies":"Maw","floor":45,"turns":9},{"damage":21,"enemies":"Jaw Worm Horde","floor":48,"turns":4},{"damage":77,"enemies":"Time Eater","floor":50,"turns":12}],"seed_played":"8122171995586844803","potions_obtained":[{"floor":1,"key":"SmokeBomb"},{"floor":8,"key":"Dexterity Potion"},{"floor":14,"key":"PotionOfCapacity"},{"floor":18,"key":"Strength Potion"},{"floor":24,"key":"DistilledChaos"},{"floor":33,"key":"ColorlessPotion"},{"floor":35,"key":"FocusPotion"},{"floor":38,"key":"Dexterity Potion"},{"floor":45,"key":"DistilledChaos"}],"is_trial":false,"path_per_floor":["M","?","$","?","M","R","E","M","T","R","M","?","R","?","R","B",null,"M","?","M","?","M","R","M","?","T","R","M","M","E","$","R","B",null,"M","?","M","M","$","M","R","?","T","M","M","$","?","M","R","B"],"character_chosen":"DEFECT","items_purchased":["Capacitor","Auto Shields","BootSequence","LiquidMemories","FairyPotion","HornCleat"],"campfire_rested":6,"item_purchase_floors":[3,3,31,31,39,46],"current_hp_per_floor":[75,57,57,57,57,57,57,57,57,57,49,34,56,48,70,61,75,58,58,58,58,39,61,55,55,55,55,47,35,21,21,43,26,75,55,85,56,22,22,2,27,27,27,39,31,31,31,22,47,0,0],"gold":179,"neow_bonus":"THREE_ENEMY_KILL","is_daily":false,"chose_seed":false,"campfire_upgraded":3,"win_rate":0.0,"timestamp":1610052100,"path_taken":["M","?","$","?","M","R","E","M","T","R","M","?","R","?","R","BOSS","M","?","M","?","M","R","?","?","T","R","M","?","E","?","R","BOSS","M","?","M","M","?","M","R","?","T","?","M","$","?","M","R","BOSS"],"items_purchased_type":["Card","Card","Card","Potion","Potion","Relic"],"build_version":"2020-12-22","purchased_purges":3,"victory":false,"max_hp_per_floor":[75,75,75,75,75,75,75,75,75,75,75,75,75,75,75,75,75,75,75,75,75,75,75,75,75,75,75,75,75,75,75,75,75,75,75,85,85,85,85,85,85,85,85,85,85,85,85,85,85,85,85],"card_choices":[{"not_picked":["Doom and Gloom","Stack"],"picked":"Ball Lightning","floor":1},{"not_picked":["Rebound","Compile Driver"],"picked":"Loop","floor":5},{"not_picked":["Cold Snap","Static Discharge"],"picked":"Biased Cognition","floor":7},{"not_picked":["Leap","Stack"],"picked":"Chaos","floor":8},{"not_picked":["FTL","Leap"],"picked":"Ball Lightning","floor":11},{"not_picked":["Seek","Reboot"],"picked":"Electrodynamics","floor":16},{"not_picked":["Turbo+1","Hologram"],"picked":"Auto Shields","floor":18},{"not_picked":["Turbo","Barrage","Ball Lightning"],"picked":"SKIP","floor":20},{"not_picked":["Sweeping Beam","Sunder","Cold Snap"],"picked":"SKIP","floor":22},{"not_picked":["Darkness","Barrage","Sweeping Beam"],"picked":"SKIP","floor":24},{"not_picked":["Doom and Gloom","Sunder+1"],"picked":"Leap+1","floor":28},{"not_picked":["Amplify","Stack","Ball Lightning"],"picked":"SKIP","floor":29},{"not_picked":["Go for the Eyes","Reinforced Body+1","Sweeping Beam"],"picked":"SKIP","floor":30},{"not_picked":["Meteor Strike","Creative AI"],"picked":"Core Surge","floor":33},{"not_picked":["Beam Cell","Loop+1"],"picked":"Undo","floor":35},{"not_picked":["White Noise","Sweeping Beam"],"picked":"Steam+1","floor":37},{"not_picked":["Loop","Scrape+1","Rip and Tear"],"picked":"SKIP","floor":38},{"not_picked":["Fusion+1","Beam Cell","Sweeping Beam"],"picked":"SKIP","floor":40},{"not_picked":["Stack","Conserve Battery"],"picked":"Melter","floor":45},{"not_picked":["Fusion+1","Static Discharge","Leap+1"],"picked":"SKIP","floor":48}],"player_experience":56982,"relics_obtained":[{"floor":7,"key":"Happy Flower"},{"floor":9,"key":"Anchor"},{"floor":14,"key":"Odd Mushroom"},{"floor":26,"key":"Shuriken"},{"floor":30,"key":"White Beast Statue"},{"floor":43,"key":"Meat on the Bone"}],"event_choices":[{"damage_healed":0,"gold_gain":0,"player_choice":"Take Damage","damage_taken":18,"relics_obtained":["Golden Idol"],"max_hp_gain":0,"max_hp_loss":0,"event_name":"Golden Idol","floor":2,"gold_loss":0},{"damage_healed":0,"gold_gain":0,"cards_transformed":["Strike_B"],"player_choice":"Change","damage_taken":0,"max_hp_gain":0,"max_hp_loss":0,"event_name":"Living Wall","floor":4,"gold_loss":0,"cards_obtained":["Reboot"]},{"damage_healed":0,"gold_gain":0,"player_choice":"Entered Light","damage_taken":15,"max_hp_gain":0,"max_hp_loss":0,"event_name":"Shining Light","floor":12,"gold_loss":0,"cards_upgraded":["Capacitor","Defend_B"]},{"damage_healed":0,"gold_gain":0,"player_choice":"Fought Mushrooms","damage_taken":0,"max_hp_gain":0,"max_hp_loss":0,"event_name":"Mushrooms","floor":14,"gold_loss":0},{"damage_healed":0,"gold_gain":0,"player_choice":"Ignored","damage_taken":0,"max_hp_gain":0,"max_hp_loss":0,"event_name":"Ghosts","floor":19,"gold_loss":0},{"damage_healed":0,"gold_gain":0,"cards_transformed":["Reboot"],"player_choice":"Transformed","damage_taken":0,"max_hp_gain":0,"max_hp_loss":0,"event_name":"Transmorgrifier","floor":21,"gold_loss":0,"cards_obtained":["Stack"]},{"damage_healed":0,"gold_gain":0,"player_choice":"Traded Relic","damage_taken":0,"relics_obtained":["Nloth\u0027s Gift"],"max_hp_gain":0,"max_hp_loss":0,"event_name":"N\u0027loth","floor":25,"relics_lost":["NeowsBlessing"],"gold_loss":0},{"cards_removed":["Core Surge"],"damage_healed":20,"gold_gain":0,"player_choice":"Offered Rare","damage_taken":0,"max_hp_gain":10,"max_hp_loss":0,"event_name":"Bonfire Elementals","floor":36,"gold_loss":0},{"damage_healed":0,"gold_gain":300,"player_choice":"Gold","damage_taken":0,"max_hp_gain":0,"max_hp_loss":0,"event_name":"Wheel of Change","floor":42,"gold_loss":0},{"damage_healed":0,"gold_gain":0,"player_choice":"Copied","damage_taken":0,"max_hp_gain":0,"max_hp_loss":0,"event_name":"Duplicator","floor":47,"gold_loss":0,"cards_obtained":["BootSequence"]}],"is_beta":false,"boss_relics":[{"not_picked":["Cursed Key","FrozenCore"],"picked":"Astrolabe"},{"not_picked":["Black Star","SlaversCollar"],"picked":"Empty Cage"}],"items_purged_floors":[31,39,46],"is_endless":false,"potions_floor_spawned":[1,8,14,18,24,28,29,33,35,37,38,40,44,45,48],"killed_by":"Time Eater","ascension_level":0}}