{"host":"kw4o7b3ro2ktmmbe","time":1610025315,"event":{"mods":["BaseMod","Evolution","Lobotomy","LobotomyExtend","Minty Spire (QoL Compilation)","StSLib"],"gold_per_floor":[114,129,304,304,304,304,319,335,361,361,376,376,440,520,520,625,625,645,388,348,362,362,373,373,388,388,67,97,110,140,140,140,235,235,254,304,315,315,315],"floor_reached":38,"playtime":3490,"items_purged":[],"score":584,"play_id":"b55b8219-94bb-42ce-bd42-b67ff85bd425","local_time":"20210108021515","is_ascension_mode":false,"campfire_choices":[{"data":"Berserk","floor":6,"key":"SMITH"},{"data":"Fire Breathing","floor":12,"key":"SMITH"},{"data":"Inflame","floor":15,"key":"SMITH"},{"data":"Metallicize","floor":24,"key":"SMITH"},{"data":"Demon Form","floor":32,"key":"SMITH"}],"circlet_count":0,"master_deck":["Thunderclap","Thunderclap+1","Thunderclap","Thunderclap","Shrug It Off","Shrug It Off","Bash+1","Inflame+1","OldLady","Doubt","MHz","Twin Strike","HappyTeddy","CrumblingArmor","Metallicize+1","Demon Form+1","BigBadWolf","Pommel Strike+1","VoidDream","Wild Strike+1","WhitesApple","Parasite","Pummel","Heavy Blade+1","GreedKing","Parasite","Inflame","CherryBlossoms","HeroicMonk","Parasite","Juggernaut","BeautyBeast","Parasite","BlueStar","Pummel","Parasite","Woodsman","Wild Strike+1","LittleHelper"],"relics":["Black Blood","EVO:Axolotl","CogitoBucket","LetterFromLob","Regal Pillow","Vajra","Meat on the Bone","TreeSap","Ornamental Fan","The Courier","Medical Kit","Mummified Hand","Pear","BackwardClock","Red Mask","RedMistMask","Velvet Choker","Ginger","ResearcherNote","HonorFeather"],"acts_visited":["Exordium","TheCity","TheBeyond"],"potions_floor_usage":[28,28,30,30],"damage_taken":[{"damage":3.0,"enemies":"Jaw Worm","floor":1.0,"turns":5.0},{"damage":0.0,"enemies":"Small Slimes","floor":2.0,"turns":3.0},{"damage":0,"enemies":"Cultist","floor":7,"turns":4},{"damage":10,"enemies":"Looter","floor":8,"turns":4},{"damage":4,"enemies":"Blue Slaver","floor":11,"turns":3},{"damage":18,"enemies":"3 Sentries","floor":13,"turns":4},{"damage":3,"enemies":"Slime Boss","floor":16,"turns":5},{"damage":29,"enemies":"Chosen","floor":18,"turns":4},{"damage":6,"enemies":"Spheric Guardian","floor":21,"turns":5},{"damage":30,"enemies":"Snake Plant","floor":23,"turns":4},{"damage":41,"enemies":"Centurion and Healer","floor":25,"turns":7},{"damage":21,"enemies":"Gremlin Leader","floor":28,"turns":4},{"damage":32,"enemies":"Snecko","floor":29,"turns":3},{"damage":6,"enemies":"Masked Bandits","floor":30,"turns":2},{"damage":15,"enemies":"Automaton","floor":33,"turns":7},{"damage":33,"enemies":"3 Shapes","floor":35,"turns":5},{"damage":0,"enemies":"Mind Bloom Boss Battle","floor":36,"turns":3},{"damage":6,"enemies":"Orb Walker","floor":37,"turns":4},{"damage":55,"enemies":"Orb Walker","floor":38,"turns":2}],"seed_played":"-2416034772772092924","potions_obtained":[{"floor":7,"key":"LiquidBronze"},{"floor":8,"key":"Strength Potion"},{"floor":16,"key":"Weak Potion"},{"floor":25,"key":"PowerPotion"},{"floor":28,"key":"LiquidMemories"},{"floor":29,"key":"DistilledChaos"},{"floor":33,"key":"SmokeBomb"},{"floor":35,"key":"AttackPotion"},{"floor":37,"key":"SkillPotion"}],"is_trial":false,"path_per_floor":["M","M","?","?","?","R","M","M","T","$","M","R","?","T","R","B",null,"M","$","?","M","?","M","R","M","T","$","E","M","?","?","R","B",null,"M","?","M","?"],"character_chosen":"IRONCLAD","items_purchased":["Ornamental Fan","Medical Kit","Mummified Hand"],"campfire_rested":0,"item_purchase_floors":[19,27,27],"current_hp_per_floor":[85,85,85,68,68,68,74,70,70,70,72,72,60,60,60,66,85,68,68,68,77,77,62,62,45,45,45,58,50,68,92,92,89,92,71,83,92,92,92],"gold":315,"neow_bonus":"","is_daily":false,"chose_seed":false,"campfire_upgraded":5,"win_rate":0.0,"timestamp":1610025315,"path_taken":["M","M","?","?","?","R","M","?","T","$","M","R","?","?","R","BOSS","M","$","?","?","?","M","R","M","T","$","E","M","?","?","R","BOSS","M","?","M","?"],"items_purchased_type":["Relic","Relic","Relic"],"build_version":"2020-12-22","purchased_purges":0,"victory":false,"max_hp_per_floor":[85,85,85,85,85,85,85,85,85,85,85,85,85,85,85,85,85,85,85,85,85,85,85,85,85,85,85,95,95,95,92,92,92,92,92,92,92,92,92],"card_choices":[{"not_picked":["Hemokinesis","Iron Wave"],"picked":"Inflame","floor":1.0},{"not_picked":["SpiderBud","Rudolta"],"picked":"OldLady","floor":1.0},{"not_picked":["Perfected Strike","Double Tap"],"picked":"Fire Breathing","floor":2.0},{"not_picked":["LittlePrince","HappyTeddy"],"picked":"OSAHOGD","floor":2.0},{"not_picked":["Dark Embrace","Pummel"],"picked":"Whirlwind","floor":7},{"not_picked":["PunishingBird","BeautyBeast"],"picked":"MHz","floor":7},{"not_picked":["Thunderclap","Armaments"],"picked":"Twin Strike","floor":8},{"not_picked":["PunishingBird","Funeral"],"picked":"HappyTeddy","floor":8},{"not_picked":["RedShoes","UniverseFragment"],"picked":"Wellcheers","floor":11},{"not_picked":["Pommel Strike","Body Slam","Clothesline"],"picked":"SKIP","floor":11},{"not_picked":["Pommel Strike","Body Slam","Clothesline"],"picked":"SKIP","floor":11},{"not_picked":["Murderer","Bloodbath"],"picked":"CrumblingArmor","floor":13},{"not_picked":["Headbutt","Sentinel"],"picked":"Metallicize","floor":13},{"not_picked":["Fiend Fire","Bludgeon"],"picked":"Demon Form","floor":16},{"not_picked":["LittlePrince","Alriune"],"picked":"BigBadWolf","floor":16},{"not_picked":["Reckless Charge","Clash"],"picked":"Pommel Strike+1","floor":18},{"not_picked":["Variant","FairyFestival"],"picked":"VoidDream","floor":18},{"not_picked":["Flame Barrier","Sword Boomerang"],"picked":"Wild Strike+1","floor":21},{"not_picked":["SpiderBud","Scarecrow"],"picked":"GalaxyChild","floor":21},{"not_picked":["ShyLook","BeautyBeast"],"picked":"WhitesApple","floor":23},{"not_picked":["Body Slam+1","Intimidate","Bloodletting"],"picked":"SKIP","floor":23},{"not_picked":["Body Slam+1","Intimidate","Bloodletting"],"picked":"SKIP","floor":23},{"not_picked":["ShyLook","UniverseFragment"],"picked":"FairyFestival","floor":25},{"not_picked":["Seeing Red","Cleave"],"picked":"Pummel","floor":25},{"not_picked":["Iron Wave","Twin Strike"],"picked":"Heavy Blade+1","floor":28},{"not_picked":["UniverseFragment","Funeral"],"picked":"GreedKing","floor":28},{"not_picked":["Clothesline","Armaments+1"],"picked":"Inflame","floor":29},{"not_picked":["Murderer","SpiderBud"],"picked":"CherryBlossoms","floor":29},{"not_picked":["QueenBee","Freischutz"],"picked":"HeroicMonk","floor":30},{"not_picked":["Immolate","Berserk"],"picked":"Juggernaut","floor":33},{"not_picked":["PunishingBird","Scorched"],"picked":"BeautyBeast","floor":33},{"not_picked":["NothingThere","Mercenary"],"picked":"BlueStar","floor":35},{"not_picked":["Sword Boomerang+1","Armaments+1"],"picked":"Pummel","floor":35},{"not_picked":["Rudolta","Scarecrow"],"picked":"Woodsman","floor":36},{"not_picked":["Pummel","Whirlwind"],"picked":"Wild Strike+1","floor":37},{"not_picked":["ShyLook","MeatLantern"],"picked":"LittleHelper","floor":37}],"player_experience":1801623,"relics_obtained":[{"floor":1.0,"key":"LetterFromLob"},{"floor":9,"key":"Regal Pillow"},{"floor":14,"key":"Meat on the Bone"},{"floor":26,"key":"The Courier"},{"floor":28,"key":"Pear"},{"floor":30,"key":"Red Mask"},{"floor":33,"key":"RedMistMask"},{"floor":36,"key":"Ginger"}],"event_choices":[{"damage_healed":0,"gold_gain":175,"player_choice":"AGREE","damage_taken":0,"max_hp_gain":0,"max_hp_loss":0,"event_name":"Liars Game","floor":3,"gold_loss":0,"cards_obtained":["Doubt"]},{"damage_healed":0,"gold_gain":0,"player_choice":"Entered Light","damage_taken":17,"max_hp_gain":0,"max_hp_loss":0,"event_name":"Shining Light","floor":4,"gold_loss":0,"cards_upgraded":["Bash","Shrug It Off"]},{"damage_healed":0,"gold_gain":0,"player_choice":"1 cards matched","damage_taken":0,"max_hp_gain":0,"max_hp_loss":0,"event_name":"Match and Keep!","floor":5,"gold_loss":0,"cards_obtained":["Berserk"]},{"damage_healed":0,"gold_gain":0,"player_choice":"Searched \u00272\u0027 times","damage_taken":0,"relics_obtained":["Vajra"],"max_hp_gain":0,"max_hp_loss":0,"event_name":"Dead Adventurer","floor":13,"gold_loss":0},{"damage_healed":0,"gold_gain":0,"player_choice":"Upgraded Two","damage_taken":0,"max_hp_gain":0,"max_hp_loss":0,"event_name":"Designer","floor":20,"gold_loss":40,"cards_upgraded":["Thunderclap","Whirlwind"]},{"damage_healed":0,"gold_gain":0,"player_choice":"Ignored","damage_taken":0,"max_hp_gain":0,"max_hp_loss":0,"event_name":"Beggar","floor":22,"gold_loss":0},{"damage_healed":0,"gold_gain":0,"player_choice":"Fought Bandits","damage_taken":0,"max_hp_gain":0,"max_hp_loss":0,"event_name":"Masked Bandits","floor":30,"gold_loss":0},{"damage_healed":0,"gold_gain":0,"player_choice":"Fight","damage_taken":0,"max_hp_gain":0,"max_hp_loss":0,"event_name":"MindBloom","floor":36,"gold_loss":0}],"is_beta":false,"boss_relics":[{"not_picked":["Snecko Eye","Runic Cube"],"picked":"Black Blood"},{"not_picked":["Fusion Hammer","SacredBark"],"picked":"Velvet Choker"}],"items_purged_floors":[],"is_endless":false,"potions_floor_spawned":[7,8,16,25,28,29,33,35,37,38],"killed_by":"Orb Walker","ascension_level":0}}