{"host":"b995t17pt6d05w8c","time":1610043915,"event":{"mods":["AchievementEnabler","BaseMod","Colored Map","Minty Spire (QoL Compilation)","SuperFastMode"],"gold_per_floor":[17,17,35,35,135,135,151,151,176,192,223,148,168,211,211,339,339,362,362,277,313,331,365,365,395,395,433,433,476,476,498,498,609,609,645,393,443,443,443,470,470,513,560,560,23,61,88,115,115,115],"floor_reached":51,"playtime":1706,"items_purged":["Strike_B","Strike_B","Defend_B"],"score":1099,"play_id":"27b263c5-7cb0-49df-85d7-6d91bfc19526","local_time":"20210108032515","is_ascension_mode":true,"campfire_choices":[{"data":"Sunder","floor":6.0,"key":"SMITH"},{"data":"Defragment","floor":8.0,"key":"SMITH"},{"data":"Fusion","floor":15.0,"key":"SMITH"},{"data":"Defragment","floor":28.0,"key":"SMITH"},{"data":"Coolheaded","floor":30.0,"key":"SMITH"},{"data":"Seek","floor":32.0,"key":"SMITH"},{"data":"Echo Form","floor":41.0,"key":"SMITH"},{"data":"Heatsinks","floor":44,"key":"SMITH"},{"data":"Capacitor","floor":49,"key":"SMITH"}],"circlet_count":0,"master_deck":["Defend_B","Zap","Dualcast","Heatsinks+1","Ball Lightning+1","Sunder+1","Conserve Battery","Defragment+1","Coolheaded+1","Force Field","Chill","Fusion+1","Electrodynamics","Stack+1","Turbo","Steam+1","Reinforced Body","Tempest","Seek+1","Go for the Eyes+1","Rebound+1","Defragment+1","White Noise","Stack+1","Echo Form+1","Coolheaded+1","Consume+1","Glacier","Skim","Loop","Capacitor+1","Compile Driver+1","Stack","Darkness+1","Heatsinks+1"],"relics":["Cracked Core","Bloody Idol","Pen Nib","WingedGreaves","CeramicFish","Sozu","Prayer Wheel","Bird Faced Urn","Eternal Feather","Oddly Smooth Stone","Shuriken","Black Star","ClockworkSouvenir","Du-Vu Doll","Matryoshka","Vajra","Potion Belt","Toy Ornithopter","Molten Egg 2","Whetstone","Mummified Hand","Orrery","Cables","Omamori"],"acts_visited":["Exordium","TheCity","TheBeyond"],"potions_floor_usage":[],"damage_taken":[{"damage":2.0,"enemies":"Jaw Worm","floor":1.0,"turns":2.0},{"damage":10.0,"enemies":"Small Slimes","floor":3.0,"turns":2.0},{"damage":6.0,"enemies":"Cultist","floor":7.0,"turns":3.0},{"damage":16.0,"enemies":"Exordium Thugs","floor":10.0,"turns":3.0},{"damage":15.0,"enemies":"Lagavulin","floor":11.0,"turns":6.0},{"damage":1.0,"enemies":"Blue Slaver","floor":13.0,"turns":2.0},{"damage":4.0,"enemies":"Gremlin Nob","floor":14.0,"turns":4.0},{"damage":3.0,"enemies":"The Guardian","floor":16.0,"turns":11.0},{"damage":7.0,"enemies":"Shell Parasite","floor":18.0,"turns":6.0},{"damage":0.0,"enemies":"Spheric Guardian","floor":21.0,"turns":2.0},{"damage":0.0,"enemies":"Gremlin Leader","floor":23.0,"turns":6.0},{"damage":1.0,"enemies":"Centurion and Healer","floor":25.0,"turns":5.0},{"damage":15.0,"enemies":"Slavers","floor":27.0,"turns":3.0},{"damage":1.0,"enemies":"Gremlin Leader","floor":29.0,"turns":5.0},{"damage":0.0,"enemies":"Snecko","floor":31.0,"turns":6.0},{"damage":9.0,"enemies":"Automaton","floor":33.0,"turns":10.0},{"damage":0.0,"enemies":"3 Shapes","floor":35.0,"turns":3.0},{"damage":0.0,"enemies":"Mind Bloom Boss Battle","floor":37.0,"turns":5.0},{"damage":31.0,"enemies":"Nemesis","floor":40.0,"turns":9.0},{"damage":8.0,"enemies":"Reptomancer","floor":42.0,"turns":6.0},{"damage":1,"enemies":"3 Darklings","floor":46,"turns":4},{"damage":12,"enemies":"Sphere and 2 Shapes","floor":47,"turns":3},{"damage":0,"enemies":"Nemesis","floor":48,"turns":7},{"damage":3,"enemies":"Time Eater","floor":50,"turns":7}],"seed_played":"1865861744904658287","potions_obtained":[{"floor":1.0,"key":"PowerPotion"},{"floor":11.0,"key":"FairyPotion"},{"floor":13.0,"key":"Fruit Juice"},{"floor":14.0,"key":"Explosive Potion"}],"is_trial":false,"path_per_floor":["M","?","M","?","?","R","M","R","T","M","E","$","M","E","R","B",null,"M","?","?","M","?","E","?","M","T","E","R","E","R","M","R","B",null,"M","$","?","?","?","E","R","E","T","R","$","M","M","E","R","B",null],"character_chosen":"DEFECT","items_purchased":["ClockworkSouvenir","Mummified Hand","Skim","Orrery"],"campfire_rested":0,"item_purchase_floors":[36,45,45,45],"current_hp_per_floor":[73,69,59,59,59,59,53,53,53,37,22,22,26,22,22,19,60,53,53,53,68,74,74,74,74,74,71,74,74,74,74,74,74,74,74,74,74,70,70,56,70,70,70,70,70,70,70,70,70,70],"gold":115,"neow_bonus":"TRANSFORM_TWO_CARDS","is_daily":false,"chose_seed":false,"campfire_upgraded":9,"win_rate":0.0,"timestamp":1610043915,"path_taken":["M","?","M","?","?","R","M","R","T","M","E","$","?","E","R","BOSS","M","?","?","M","?","E","?","M","T","E","R","E","R","M","R","BOSS","M","$","?","?","?","E","R","E","T","R","$","M","M","E","R","BOSS"],"items_purchased_type":["Relic","Relic","Card","Relic"],"build_version":"2020-12-22","purchased_purges":3,"victory":true,"max_hp_per_floor":[75,69,69,69,69,69,69,69,69,69,69,69,74,74,74,74,74,74,74,74,74,74,74,74,74,74,74,74,74,74,74,74,74,74,74,74,74,70,70,70,70,70,70,70,70,70,70,70,70,70],"card_choices":[{"not_picked":["FTL","Compile Driver"],"picked":"Sunder","floor":1.0},{"not_picked":["Ball Lightning","Hello World"],"picked":"Conserve Battery","floor":3.0},{"not_picked":["Coolheaded","Sweeping Beam"],"picked":"Defragment","floor":7.0},{"not_picked":["Hologram","Heatsinks"],"picked":"Coolheaded","floor":10.0},{"not_picked":["Turbo","Coolheaded"],"picked":"Force Field","floor":11.0},{"not_picked":["Steam","Ball Lightning"],"picked":"Chill","floor":13.0},{"not_picked":["Static Discharge","Reprogram"],"picked":"Fusion","floor":14.0},{"not_picked":["Echo Form","Creative AI"],"picked":"Electrodynamics","floor":16.0},{"not_picked":["Hologram","Sweeping Beam"],"picked":"Stack+1","floor":18.0},{"not_picked":["Ball Lightning","Sweeping Beam"],"picked":"Turbo","floor":21.0},{"not_picked":["Lockon","Scrape"],"picked":"Steam+1","floor":21.0},{"not_picked":["Cold Snap","Fusion"],"picked":"Seek","floor":23.0},{"not_picked":["Redo","Rebound"],"picked":"Go for the Eyes+1","floor":25.0},{"not_picked":["Turbo+1","Beam Cell"],"picked":"Rebound","floor":25.0},{"not_picked":["Stack","Hologram+1"],"picked":"Defragment","floor":27.0},{"not_picked":["Ball Lightning","Streamline"],"picked":"White Noise","floor":29.0},{"not_picked":["Barrage","Steam"],"picked":"Stack+1","floor":31.0},{"not_picked":["Ball Lightning","Turbo","Reinforced Body"],"picked":"SKIP","floor":31.0},{"not_picked":["Thunder Strike","Hyperbeam"],"picked":"Echo Form","floor":33.0},{"not_picked":["Sunder+1","Beam Cell"],"picked":"Coolheaded+1","floor":35.0},{"not_picked":["Redo","Rebound"],"picked":"Consume+1","floor":35.0},{"not_picked":["Sunder","Redo","Leap"],"picked":"SKIP","floor":40.0},{"not_picked":["Doom and Gloom+1","Steam Power"],"picked":"Glacier","floor":42},{"not_picked":["Hyperbeam+1","Glacier"],"picked":"Loop","floor":45},{"not_picked":["Coolheaded","Redo"],"picked":"Capacitor","floor":45},{"not_picked":["Conserve Battery+1","Go for the Eyes+1"],"picked":"Compile Driver+1","floor":45},{"not_picked":["Blizzard+1","Gash+1"],"picked":"Stack","floor":46},{"not_picked":["Steam Power+1","Reprogram"],"picked":"Darkness+1","floor":46},{"not_picked":["Conserve Battery","Reboot"],"picked":"Heatsinks+1","floor":47},{"not_picked":["Turbo","Lockon+1","Cold Snap+1"],"picked":"SKIP","floor":47},{"not_picked":["Streamline+1","Hologram","Sunder+1"],"picked":"SKIP","floor":48}],"player_experience":44227,"relics_obtained":[{"floor":9.0,"key":"Pen Nib"},{"floor":11.0,"key":"WingedGreaves"},{"floor":14.0,"key":"CeramicFish"},{"floor":23.0,"key":"Bird Faced Urn"},{"floor":26.0,"key":"Eternal Feather"},{"floor":27.0,"key":"Oddly Smooth Stone"},{"floor":29.0,"key":"Shuriken"},{"floor":37.0,"key":"Du-Vu Doll"},{"floor":40.0,"key":"Matryoshka"},{"floor":40.0,"key":"Vajra"},{"floor":42,"key":"Potion Belt"},{"floor":42,"key":"Toy Ornithopter"},{"floor":43,"key":"Molten Egg 2"},{"floor":43,"key":"Whetstone"},{"floor":48,"key":"Cables"},{"floor":48,"key":"Omamori"}],"event_choices":[{"damage_healed":0.0,"max_hp_gain":0.0,"max_hp_loss":6.0,"gold_gain":0.0,"event_name":"Golden Idol","player_choice":"Lose Max HP","floor":2.0,"gold_loss":0.0,"damage_taken":0.0,"relics_obtained":["Golden Idol"]},{"damage_healed":0.0,"max_hp_gain":0.0,"max_hp_loss":0.0,"gold_gain":0.0,"event_name":"Liars Game","player_choice":"Ignored","floor":4.0,"gold_loss":0.0,"damage_taken":0.0},{"damage_healed":0.0,"max_hp_gain":0.0,"max_hp_loss":0.0,"gold_gain":100.0,"event_name":"Golden Shrine","player_choice":"Pray","floor":5.0,"gold_loss":0.0,"damage_taken":0.0},{"damage_healed":0.0,"max_hp_gain":0.0,"max_hp_loss":0.0,"gold_gain":0.0,"event_name":"Forgotten Altar","player_choice":"Gave Idol","floor":19.0,"relics_lost":["Golden Idol"],"gold_loss":0.0,"damage_taken":0.0,"relics_obtained":["Bloody Idol"]},{"damage_healed":0.0,"max_hp_gain":0.0,"max_hp_loss":0.0,"gold_gain":0.0,"event_name":"Addict","player_choice":"Obtained Relic","floor":20.0,"gold_loss":85.0,"damage_taken":0.0,"relics_obtained":["Prayer Wheel"]},{"damage_healed":0.0,"max_hp_gain":0.0,"max_hp_loss":0.0,"gold_gain":0.0,"cards_transformed":["Strike_B","Defend_B"],"event_name":"Drug Dealer","player_choice":"Became Test Subject","floor":22.0,"gold_loss":0.0,"damage_taken":0.0,"cards_obtained":["Reinforced Body","Tempest"]},{"damage_healed":0.0,"max_hp_gain":0.0,"max_hp_loss":0.0,"gold_gain":0.0,"event_name":"The Mausoleum","player_choice":"Ignored","floor":24.0,"gold_loss":0.0,"damage_taken":0.0},{"damage_healed":0.0,"max_hp_gain":0.0,"max_hp_loss":0.0,"gold_gain":0.0,"event_name":"MindBloom","player_choice":"Fight","floor":37.0,"gold_loss":0.0,"damage_taken":0.0},{"damage_healed":0.0,"max_hp_gain":0.0,"max_hp_loss":4.0,"gold_gain":0.0,"event_name":"Winding Halls","player_choice":"Max HP","floor":38.0,"gold_loss":0.0,"damage_taken":0.0},{"damage_healed":0.0,"max_hp_gain":0.0,"max_hp_loss":0.0,"gold_gain":0.0,"event_name":"Mysterious Sphere","player_choice":"Ignored","floor":39.0,"gold_loss":0.0,"damage_taken":0.0}],"is_beta":false,"boss_relics":[{"not_picked":["SacredBark","Coffee Dripper"],"picked":"Sozu"},{"not_picked":["Busted Crown","Calling Bell"],"picked":"Black Star"}],"items_purged_floors":[12,36,45],"is_endless":false,"potions_floor_spawned":[1,11,13,14,23,31,33,40,42,46],"ascension_level":5}}