{"host":"jyuuog6ydc2s7nd8","time":1610032377,"event":{"mods":["BaseMod","Better Vampires","Minty Spire (QoL Compilation)","Shop Mod","StSLib","The Hierophant","The Servant 0.9.4","TheBandit","[IsaacMod]ÒÔÈö¼âËþ"],"gold_per_floor":[118,118,193,205,220,255,255,270,270,270,270,280,29,39,39,39,39],"floor_reached":16,"playtime":225,"items_purged":["Strike_R"],"score":204,"play_id":"33e11bef-2a45-440b-900c-8343bc79537e","local_time":"20210107231257","is_ascension_mode":true,"campfire_choices":[{"data":"EpicFetus","floor":7,"key":"SMITH"},{"data":"Body Slam","floor":11,"key":"SMITH"},{"data":"Bash","floor":15,"key":"SMITH"}],"circlet_count":0,"master_deck":["AscendersBane","Strike_R","Strike_R","Strike_R","Defend_R","Defend_R","Defend_R","Defend_R","Bash+1","EpicFetus+1","Body Slam+1","Bomb","Second Wind","Shrug It Off"],"relics":["Burning Blood","HushsDoor","NeowsBlessing","DeathBook","White Beast Statue","Ornamental Fan","Akabeko","SteamSale"],"acts_visited":["Exordium"],"potions_floor_usage":[14],"damage_taken":[{"damage":0,"enemies":"Small Slimes","floor":1,"turns":1},{"damage":0,"enemies":"2 Louse","floor":4,"turns":2},{"damage":0,"enemies":"Jaw Worm","floor":5,"turns":1},{"damage":56,"enemies":"Gremlin Nob","floor":6,"turns":5},{"damage":0,"enemies":"Lots of Slimes","floor":8,"turns":1},{"damage":11,"enemies":"Looter","floor":12,"turns":2},{"damage":0,"enemies":"Large Slime","floor":14,"turns":5},{"damage":0,"enemies":"Slime Boss","floor":16,"turns":3}],"seed_played":"549627640595487413","potions_obtained":[{"floor":4,"key":"SteroidPotion"},{"floor":8,"key":"BlessingOfTheForge"},{"floor":14,"key":"Strength Potion"}],"is_trial":false,"path_per_floor":["M","?","?","M","M","E","R","M","T","?","R","M","$","M","R","B"],"character_chosen":"IRONCLAD","items_purchased":["SteamSale","Second Wind"],"campfire_rested":0,"item_purchase_floors":[13,13],"current_hp_per_floor":[74,67,56,62,68,18,18,24,24,19,19,14,14,20,20,20,20],"gold":39,"neow_bonus":"THREE_ENEMY_KILL","is_daily":false,"chose_seed":false,"campfire_upgraded":3,"win_rate":0.0,"timestamp":1610032377,"path_taken":["M","?","?","M","?","E","R","M","T","?","R","M","$","?","R","BOSS"],"items_purchased_type":["Relic","Card"],"build_version":"2020-12-22","purchased_purges":1,"victory":false,"max_hp_per_floor":[75,75,75,75,75,75,75,75,75,75,75,75,75,75,75,75,75],"card_choices":[{"not_picked":[],"picked":"EpicFetus","floor":0},{"not_picked":["Warcry","Flex"],"picked":"Body Slam","floor":1},{"not_picked":["Flex","Dark Embrace","Twin Strike"],"picked":"SKIP","floor":4},{"not_picked":["Heavy Blade","Dropkick","Burning Pact"],"picked":"SKIP","floor":5},{"not_picked":["Juggernaut","Evolve","Clash"],"picked":"SKIP","floor":6},{"not_picked":["Intimidate","True Grit","Twin Strike"],"picked":"SKIP","floor":8},{"not_picked":["Spot Weakness","Thunderclap"],"picked":"Bomb","floor":12},{"not_picked":["True Grit","Disarm"],"picked":"Shrug It Off","floor":14}],"player_experience":1804960,"relics_obtained":[{"floor":6,"key":"White Beast Statue"},{"floor":9,"key":"Ornamental Fan"}],"event_choices":[{"cards_removed":["Strike_R"],"damage_healed":0,"gold_gain":0,"player_choice":"Card Removal","damage_taken":7,"max_hp_gain":0,"max_hp_loss":0,"event_name":"Golden Wing","floor":2,"gold_loss":0},{"damage_healed":0,"gold_gain":75,"player_choice":"Gather Gold","damage_taken":11,"max_hp_gain":0,"max_hp_loss":0,"event_name":"World of Goop","floor":3,"gold_loss":0},{"damage_healed":0,"gold_gain":0,"player_choice":"Success","damage_taken":5,"relics_obtained":["Akabeko"],"max_hp_gain":0,"max_hp_loss":0,"event_name":"Scrap Ooze","floor":10,"gold_loss":0}],"is_beta":false,"boss_relics":[],"items_purged_floors":[13],"is_endless":false,"potions_floor_spawned":[4,8,12,14],"killed_by":"Slime Boss","ascension_level":20}}