{"host":"a0paspe0zwqgzttz","time":1610034867,"event":{"mods":["AchievementEnabler","Act Like it!","BaseMod","BetterRewards","Colored Powertips","Conspire","Downfall","GifTheSpireLib","Hermit","Highlight Path","Lobotomy","Mad Scientist","Marisa????????","Minty Spire (QoL Compilation)","Quick Restart","Replay The Spire","Robot Space Explorer","Shop Mod","StSLib","SuperFastMode","The Bug Knight","The Construct","The Cursed","The Hierophant","The Jungle","The Mystic","The Necromancer","The Runesmith","The Senshi","The Servant 0.9.4"],"gold_per_floor":[10,26,26,37,53,53,69,124,193,368,95,113,124,137,137,235,235,253,270,284,301,316,316,329,329,329,38,76,110,110,136,136,243,243,274,309,348,225,227,227],"floor_reached":39,"playtime":2679,"items_purged":["Doubt"],"score":385,"play_id":"f056fbbf-341a-4629-adde-ab9ca26b41c0","local_time":"20210107105427","is_ascension_mode":false,"campfire_choices":[{"data":"HollowMod:BaldurShell","floor":6,"key":"SMITH"},{"floor":15,"key":"REST"},{"floor":23,"key":"REST"},{"data":"HollowMod:SlysStrikes","floor":25,"key":"SMITH"},{"floor":30,"key":"REST"},{"floor":32,"key":"REST"}],"circlet_count":0,"master_deck":["HollowMod:NailStrikeStart","HollowMod:NailStrikeStart","HollowMod:NailStrikeStart","HollowMod:NailStrikeStart+1","HollowMod:QuickDashStart","HollowMod:QuickDashStart","HollowMod:QuickDashStart","HollowMod:QuickDashStart+1","HollowMod:FocusHealStart","HollowMod:PogoStrike","HollowMod:BaldurShell+1","HollowMod:SoulVessel","HollowMod:DreamGate","HollowMod:VengefulSpirit","HollowMod:ChannelNail","HollowMod:NewJinnsSoul","HollowMod:CycloneSlash","HollowMod:LifebloodCocoon","HollowMod:HuntersJournal","HollowMod:GoodIntentions","HollowMod:SlysStrikes+1","HollowMod:NewLittleFool","HollowMod:GreatSlash","HollowMod:SlysStrikes","HollowMod:SoulSplash","HollowMod:SoulShaman","HollowMod:SoulSplash+1","HollowMod:CloakDash","HollowMod:LifebloodCore","HollowMod:GoodIntentions+1","HollowMod:HuntersJournal+1","HollowMod:RecoilStrike+1"],"relics":["HollowMod:VesselMask","Bird Faced Urn","Calipers","Ornamental Fan","HollowMod:MillibellesNoteRelic","Painkiller Herb","Pet Ghost","OrangePellets","Replay:Bandana","Ring of Chaos","Bronze Scales"],"acts_visited":["Exordium","TheCity","TheBeyond"],"potions_floor_usage":[8,12,13,16,22,24,28,33,35],"damage_taken":[{"damage":0,"enemies":"Small Slimes","floor":1,"turns":3},{"damage":9,"enemies":"2 Louse","floor":2,"turns":3},{"damage":0,"enemies":"Cultist","floor":4,"turns":4},{"damage":7,"enemies":"Looter","floor":5,"turns":4},{"damage":43,"enemies":"Gremlin Gang","floor":7,"turns":5},{"damage":19,"enemies":"3 Sentries","floor":8,"turns":8},{"damage":17,"enemies":"Lots of Slimes","floor":12,"turns":4},{"damage":16,"enemies":"2 Fungi Beasts","floor":13,"turns":5},{"damage":10,"enemies":"Looter","floor":14,"turns":4},{"damage":53,"enemies":"HollowMod:FalseKnight","floor":16,"turns":17},{"damage":20,"enemies":"Spheric Guardian","floor":18,"turns":6},{"damage":24,"enemies":"HollowMod:HuskSentry","floor":19,"turns":7},{"damage":23,"enemies":"3 Cultists","floor":20,"turns":5},{"damage":11,"enemies":"conspire:HollyBat","floor":21,"turns":7},{"damage":30,"enemies":"Cultist and Chosen","floor":22,"turns":6},{"damage":24,"enemies":"Centurion and Healer","floor":24,"turns":6},{"damage":25,"enemies":"Shelled Parasite and Fungi","floor":28,"turns":4},{"damage":8,"enemies":"3 Cultists","floor":29,"turns":4},{"damage":24,"enemies":"Snake Plant","floor":31,"turns":6},{"damage":33,"enemies":"HollowMod:NKGrimm","floor":33,"turns":11},{"damage":18,"enemies":"3 Shapes","floor":35,"turns":5},{"damage":32,"enemies":"3 Darklings","floor":36,"turns":8},{"damage":46,"enemies":"Sphere and 2 Shapes","floor":37,"turns":9},{"damage":14,"enemies":"HollowMod:SlobberingHusk","floor":39,"turns":1}],"seed_played":"-6369278109894819053","potions_obtained":[{"floor":1,"key":"Dexterity Potion"},{"floor":2,"key":"Explosive Potion"},{"floor":7,"key":"SteroidPotion"},{"floor":8,"key":"Dexterity Potion"},{"floor":14,"key":"Energy Potion"},{"floor":20,"key":"ColorlessPotion"},{"floor":21,"key":"Elixir"},{"floor":22,"key":"PowerPotion"},{"floor":33,"key":"Fire Potion"}],"is_trial":false,"path_per_floor":["M","M","?","M","M","R","M","?","T","?","$","M","M","M","R","B",null,"?","?","?","?","?","T","?","T","T","T","?","?","T","?","T","B",null,"?","?","?","?","?"],"character_chosen":"THE_BUGKNIGHT","items_purchased":["HollowMod:MillibellesNoteRelic","HollowMod:CycloneSlash","OrangePellets","Replay:Bandana"],"campfire_rested":4,"item_purchase_floors":[11,11,27,27],"current_hp_per_floor":[75,72,57,67,70,70,41,36,36,36,36,27,21,19,41,4,75,61,53,36,33,19,41,37,37,37,37,20,20,42,32,54,41,75,59,35,7,7,0,0],"gold":227,"neow_bonus":"ONE_RARE_RELIC","is_daily":false,"chose_seed":false,"campfire_upgraded":2,"win_rate":0.0,"timestamp":1610034867,"path_taken":["M","M","?","M","M","R","M","?","T","?","$","M","M","M","R","BOSS","?","?","?","?","?","T","?","T","T","T","?","?","T","?","T","BOSS","?","?","?","?","?"],"items_purchased_type":["Relic","Card","Relic","Relic"],"build_version":"2020-12-22","purchased_purges":1,"victory":false,"max_hp_per_floor":[75,75,75,75,75,75,75,75,75,75,75,75,75,75,75,75,75,75,75,75,75,75,75,75,75,75,75,75,75,75,75,75,75,75,75,75,75,75,75,75],"card_choices":[{"not_picked":["HollowMod:BlackTendrils","HollowMod:SoulVessel"],"picked":"HollowMod:BaldurShell","floor":1},{"not_picked":["HollowMod:InfectionAssault","HollowMod:WraithStrike"],"picked":"HollowMod:SoulVessel","floor":2},{"not_picked":["HollowMod:CornifersMapStart","HollowMod:VengefulVoid"],"picked":"HollowMod:DreamGate","floor":4},{"not_picked":["HollowMod:VengefulVoid","HollowMod:CloakDash"],"picked":"HollowMod:VengefulSpirit","floor":5},{"not_picked":["HollowMod:InfectionAssault","HollowMod:InfectedCysts"],"picked":"HollowMod:ChannelNail","floor":7},{"not_picked":["HollowMod:WraithStrike","HollowMod:TaintedHusks"],"picked":"HollowMod:NewJinnsSoul","floor":8},{"not_picked":["HollowMod:HeavyBlow","HollowMod:WraithStrike"],"picked":"HollowMod:LifebloodCocoon","floor":12},{"not_picked":["HollowMod:GrimmsGift","HollowMod:DungDefenderAura"],"picked":"HollowMod:HuntersJournal","floor":13},{"not_picked":["HollowMod:VengefulVoid","HollowMod:MawleksShell"],"picked":"HollowMod:GoodIntentions","floor":14},{"not_picked":["HollowMod:ElderbugsWisdom","HollowMod:SoulMaster"],"picked":"HollowMod:SlysStrikes","floor":16},{"not_picked":["HollowMod:DescendingDark","HollowMod:DungDefenderAura"],"picked":"HollowMod:NewLittleFool","floor":18},{"not_picked":["HollowMod:Grubsong+1","HollowMod:SoulStrike"],"picked":"HollowMod:GreatSlash","floor":19},{"not_picked":["HollowMod:WraithStrike","HollowMod:SoulVessel"],"picked":"HollowMod:SlysStrikes","floor":20},{"not_picked":["HollowMod:NewJinnsSoul","HollowMod:ShadowDash","HollowMod:SiblingsSouls"],"picked":"SKIP","floor":21},{"not_picked":["HollowMod:SharpenedNail","HollowMod:InfectedCysts"],"picked":"HollowMod:SoulSplash","floor":22},{"not_picked":["HollowMod:CycloneSlash","HollowMod:InfectionAssault+1"],"picked":"HollowMod:SoulShaman","floor":24},{"not_picked":["HollowMod:CycloneSlash+1","HollowMod:NewInfectedGuardian"],"picked":"HollowMod:SoulSplash+1","floor":28},{"not_picked":["HollowMod:CycloneSlash","HollowMod:NewJinnsSoul+1"],"picked":"HollowMod:CloakDash","floor":29},{"not_picked":["HollowMod:SiblingsSouls","HollowMod:DescendingDark","HollowMod:SiblingsShadow"],"picked":"SKIP","floor":31},{"not_picked":["HollowMod:NewInfectedGuardian","HollowMod:SlysStrikes"],"picked":"HollowMod:LifebloodCore","floor":33},{"not_picked":["HollowMod:DoubleDash","HollowMod:HuntersJournal"],"picked":"HollowMod:GoodIntentions+1","floor":35},{"not_picked":["HollowMod:InfectedAttack","HollowMod:TaintedHusks+1"],"picked":"HollowMod:HuntersJournal+1","floor":36},{"not_picked":["HollowMod:DoubleDash","HollowMod:Grubsong"],"picked":"HollowMod:RecoilStrike+1","floor":37}],"player_experience":443070,"relics_obtained":[{"floor":9,"key":"Ornamental Fan"},{"floor":26,"key":"Pet Ghost"}],"event_choices":[{"damage_healed":0,"gold_gain":0,"player_choice":"Entered Light","damage_taken":15,"max_hp_gain":0,"max_hp_loss":0,"event_name":"Shining Light","floor":3,"gold_loss":0,"cards_upgraded":["HollowMod:NailStrikeStart","HollowMod:QuickDashStart"]},{"damage_healed":0,"gold_gain":0,"player_choice":"Searched \u00272\u0027 times","damage_taken":0,"relics_obtained":["Calipers"],"max_hp_gain":0,"max_hp_loss":0,"event_name":"Dead Adventurer","floor":8,"gold_loss":0},{"damage_healed":0,"gold_gain":175,"player_choice":"AGREE","damage_taken":0,"max_hp_gain":0,"max_hp_loss":0,"event_name":"Liars Game","floor":10,"gold_loss":0,"cards_obtained":["Doubt"]},{"damage_healed":0,"gold_gain":0,"player_choice":"Paid Gold","damage_taken":0,"relics_obtained":["Bronze Scales"],"max_hp_gain":0,"max_hp_loss":0,"event_name":"WeMeetAgain","floor":38,"gold_loss":123}],"is_beta":false,"boss_relics":[{"not_picked":["Replay:Wanted Poster","conspire:RunicOctahedron"],"picked":"Painkiller Herb"},{"not_picked":["Runic Dome","SacredBark"],"picked":"Ring of Chaos"}],"items_purged_floors":[11],"is_endless":false,"potions_floor_spawned":[1,2,7,8,14,20,21,22,33],"killed_by":"HollowMod:SlobberingHusk","ascension_level":0}}