{"host":"hn99riirbf0lv0ml","time":1610038349,"event":{"mods":["AchievementEnabler","Act Like it!","BaseMod","Colored Map","Colored Powertips","Downfall","Duelist Mod","Friendly Minions","Gensokyo","GifTheSpireLib","Jorbs\u0027s Wanderer Trilogy","Marisa????????","Minty Spire (QoL Compilation)","Rare Cards Sparkle","StSLib","The Animator","The Bug Knight","The Cursed","The Runesmith","The Servant 0.9.4"],"gold_per_floor":[115,127,146,146,161,161,177,177,222,242,259,273,273,286,286,382,382,393,406,40,40,58,58,84,98,98,111,111,129,147,147,147,147,147],"floor_reached":33,"playtime":9525,"items_purged":["Amplify"],"score":317,"play_id":"ba031bd0-798d-46f3-b84d-cf81fd239571","local_time":"20210107115229","is_ascension_mode":false,"campfire_choices":[{"data":"BootSequence","floor":6,"key":"SMITH"},{"data":"Rebound","floor":8,"key":"SMITH"},{"data":"Capacitor","floor":13,"key":"SMITH"},{"floor":15,"key":"REST"},{"floor":23,"key":"REST"},{"floor":28,"key":"REST"},{"floor":32,"key":"REST"}],"circlet_count":0,"master_deck":["Strike_B","Strike_B","Strike_B","Strike_B","Defend_B","Defend_B","Defend_B","Defend_B","Zap+1","BootSequence+1","Conserve Battery","Conserve Battery","Conserve Battery","Rebound+1","Cold Snap","Sweeping Beam","Capacitor+1","Turbo","Rainbow","Gash+1","Conserve Battery+1","expansioncontent:Corrupt","Turbo","expansioncontent:PrepareCrush","Rebound+1","Chaos+1","Lockon","Stack","Sweeping Beam","Glacier"],"relics":["Cracked Core","Snecko Eye","Matryoshka","Bag of Preparation","TungstenRod"],"acts_visited":["Exordium","TheCity"],"potions_floor_usage":[27,27,27,29,30,33],"damage_taken":[{"damage":4,"enemies":"Cultist","floor":1,"turns":4},{"damage":0,"enemies":"2 Louse","floor":2,"turns":3},{"damage":1,"enemies":"Small Slimes","floor":3,"turns":4},{"damage":1,"enemies":"Exordium Wildlife","floor":5,"turns":4},{"damage":1,"enemies":"Gremlin Gang","floor":7,"turns":4},{"damage":1,"enemies":"3 Louse","floor":10,"turns":3},{"damage":0,"enemies":"Blue Slaver","floor":11,"turns":4},{"damage":6,"enemies":"Large Slime","floor":12,"turns":6},{"damage":0,"enemies":"Exordium Wildlife","floor":14,"turns":4},{"damage":52,"enemies":"Hexaghost","floor":16,"turns":12},{"damage":23,"enemies":"3 Byrds","floor":18,"turns":6},{"damage":8,"enemies":"Spheric Guardian","floor":19,"turns":4},{"damage":7,"enemies":"Chosen and Byrds","floor":22,"turns":7},{"damage":0,"enemies":"theDuelist:KaibaA2","floor":24,"turns":4},{"damage":33,"enemies":"Sentry and Sphere","floor":25,"turns":6},{"damage":9,"enemies":"Centurion and Healer","floor":27,"turns":8},{"damage":32,"enemies":"Cultist and Chosen","floor":29,"turns":9},{"damage":4,"enemies":"Shelled Parasite and Fungi","floor":30,"turns":16},{"damage":43,"enemies":"Champ","floor":33,"turns":19}],"seed_played":"-4835650586553386358","potions_obtained":[{"floor":1,"key":"hexamod:EctoCoolerPotion"},{"floor":7,"key":"EssenceOfSteel"},{"floor":11,"key":"SkillPotion"},{"floor":27,"key":"champ:CounterPotion"},{"floor":29,"key":"Energy Potion"},{"floor":30,"key":"Explosive Potion"}],"is_trial":false,"path_per_floor":["M","M","M","?","M","R","M","R","T","M","M","M","R","M","R","B",null,"M","M","$","$","M","R","E","M","T","M","R","M","M","?","R","B"],"character_chosen":"DEFECT","items_purchased":["expansioncontent:Corrupt","Turbo","expansioncontent:PrepareCrush"],"campfire_rested":4,"item_purchase_floors":[20,20,20],"current_hp_per_floor":[71,71,70,70,69,69,68,68,68,67,67,61,61,61,75,23,75,52,44,44,44,37,59,59,26,26,17,39,7,3,3,25,0,0],"gold":147,"neow_bonus":"TRANSFORM_CARD","is_daily":false,"chose_seed":false,"campfire_upgraded":3,"win_rate":0.0,"timestamp":1610038349,"path_taken":["M","M","M","?","M","R","M","R","T","M","M","M","R","?","R","BOSS","M","M","?","$","M","R","E","M","T","M","R","M","M","?","R","BOSS"],"items_purchased_type":["Card","Card","Card"],"build_version":"2020-12-22","purchased_purges":1,"victory":false,"max_hp_per_floor":[75,75,75,75,75,75,75,75,75,75,75,75,75,75,75,75,75,75,75,75,75,75,75,75,75,75,75,75,75,75,75,75,75,75],"card_choices":[{"not_picked":["Heatsinks","Stack"],"picked":"Conserve Battery","floor":1},{"not_picked":["Redo","Cold Snap"],"picked":"Conserve Battery","floor":2},{"not_picked":["Stack","Turbo"],"picked":"Conserve Battery","floor":3},{"not_picked":["Compile Driver","Gash"],"picked":"Rebound","floor":5},{"not_picked":["Conserve Battery","FTL"],"picked":"Cold Snap","floor":7},{"not_picked":["Stack","Turbo"],"picked":"Amplify","floor":10},{"not_picked":["Gash","Buffer"],"picked":"Sweeping Beam","floor":11},{"not_picked":["Go for the Eyes","Reprogram"],"picked":"Capacitor","floor":12},{"not_picked":["Hologram","Compile Driver"],"picked":"Turbo","floor":14},{"not_picked":["Thunder Strike","Reboot"],"picked":"Rainbow","floor":16},{"not_picked":["Undo","Glacier"],"picked":"Gash+1","floor":18},{"not_picked":["Skim","Beam Cell"],"picked":"Conserve Battery+1","floor":19},{"not_picked":["Scrape","Coolheaded"],"picked":"Rebound+1","floor":22},{"not_picked":["Gash+1","Sunder"],"picked":"Chaos+1","floor":24},{"not_picked":["Stack","Streamline+1"],"picked":"Lockon","floor":25},{"not_picked":["Ball Lightning","Steam"],"picked":"Stack","floor":27},{"not_picked":["Amplify","Static Discharge"],"picked":"Sweeping Beam","floor":29},{"not_picked":["Sweeping Beam+1","Leap"],"picked":"Glacier","floor":30}],"player_experience":122615,"relics_obtained":[{"floor":24,"key":"Matryoshka"},{"floor":26,"key":"Bag of Preparation"},{"floor":26,"key":"TungstenRod"}],"event_choices":[{"damage_healed":0,"gold_gain":0,"player_choice":"Upgraded","damage_taken":0,"max_hp_gain":0,"max_hp_loss":0,"event_name":"Upgrade Shrine","floor":4,"gold_loss":0,"cards_upgraded":["Zap"]},{"damage_healed":0,"gold_gain":0,"player_choice":"0 cards matched","damage_taken":0,"max_hp_gain":0,"max_hp_loss":0,"event_name":"Match and Keep!","floor":31,"gold_loss":0,"cards_obtained":[]}],"is_beta":false,"boss_relics":[{"not_picked":["Tiny House","Astrolabe"],"picked":"Snecko Eye"}],"items_purged_floors":[20],"is_endless":false,"potions_floor_spawned":[1,7,11,16,18,24,27,29,30],"killed_by":"Champ","ascension_level":0}}