{"host":"hca6liskeo7s99fa","time":1610052339,"event":{"mods":["BaseMod","Downfall","Minty Spire (QoL Compilation)","Replay The Spire","StSLib"],"gold_per_floor":[119,169,181,204,216,242,282,294,331,376,388,412,455,128,128,230,230,247,300,318,318,337,370,66,66,66,84,84,115,138,154,154,154,154],"floor_reached":33,"playtime":2047,"items_purged":[],"score":494,"play_id":"17b06b63-bc39-4037-9448-6fa3d799bf3f","local_time":"20210107154539","is_ascension_mode":true,"campfire_choices":[{"data":"expansioncontent:DashGenerateEvil","floor":8,"key":"SMITH"},{"data":"Fire Breathing","floor":11,"key":"SMITH"},{"data":"Inflame","floor":15,"key":"SMITH"},{"floor":28,"key":"RECALL"},{"data":"Fire Breathing","floor":32,"key":"SMITH"}],"circlet_count":0,"master_deck":["Strike_R+2","Strike_R","Strike_R+1","Strike_R","Strike_R","Defend_R","Defend_R","Defend_R","Defend_R","Bash+1","CommonCold","expansioncontent:DashGenerateEvil+1","Fire Breathing+1","Amnesia","Pain","ReplayTheSpireMod:Strike From Hell","ReplayTheSpireMod:Faulty Equipment","Burning Pact","Inflame+1","Sickly","Battle Trance","ReplayTheSpireMod:Limb From Limb","CommonCold","Fiend Fire","CurseOfTheBell","ReplayTheSpireMod:Limb From Limb","Fire Breathing+1","Infernal Blade","RitualDagger","Languid","Evolve","Rampage"],"relics":["Burning Blood","Ring of Greed","MawBank","Tiny Chest","ReplayTheSpireMod:Ring of Addiction","Potion Belt","Chameleon Ring","WarpedTongs","Bronze Scales","White Beast Statue","Simple Rune","Replay:Baseball","Blue Doll","Calling Bell","Bag of Marbles","StrikeDummy","Torii","Blood Vial","MutagenicStrength","HornCleat","Anchor","Brimstone","Mummified Hand","Whetstone","ReplayFunnel"],"acts_visited":["Exordium","TheCity"],"potions_floor_usage":[4,7,10,12,13,16,20,23,29,29,33,33,33,33],"damage_taken":[{"damage":14,"enemies":"2 Louse","floor":1,"turns":3},{"damage":0,"enemies":"Cultist","floor":4,"turns":3},{"damage":9,"enemies":"Jaw Worm","floor":6,"turns":4},{"damage":15,"enemies":"Lagavulin","floor":7,"turns":7},{"damage":14,"enemies":"Gremlin Nob","floor":10,"turns":4},{"damage":8,"enemies":"Looter","floor":12,"turns":3},{"damage":5,"enemies":"Lagavulin","floor":13,"turns":4},{"damage":16,"enemies":"Fading Forest","floor":16,"turns":11},{"damage":0,"enemies":"Shell Parasite","floor":18,"turns":2},{"damage":0,"enemies":"Chosen","floor":20,"turns":3},{"damage":3,"enemies":"Centurion and Healer","floor":22,"turns":3},{"damage":21,"enemies":"Gremlin Leader","floor":23,"turns":4},{"damage":1,"enemies":"Snake Plant","floor":27,"turns":2},{"damage":6,"enemies":"Book of Stabbing","floor":29,"turns":3},{"damage":3,"enemies":"Cultist and Chosen","floor":31,"turns":3},{"damage":88,"enemies":"Collector","floor":33,"turns":6}],"seed_played":"8059036833162449478","potions_obtained":[{"floor":2,"key":"Languid Potion"},{"floor":2,"key":"Fire Potion"},{"floor":2,"key":"Strength Potion"},{"floor":10,"key":"ColorlessPotion"},{"floor":12,"key":"Block Potion"},{"floor":13,"key":"Weak Potion"},{"floor":16,"key":"Languid Potion"},{"floor":18,"key":"LifebloodPotion"},{"floor":20,"key":"Fire Potion"},{"floor":22,"key":"AttackPotion"},{"floor":23,"key":"Milkshake"},{"floor":27,"key":"Weak Potion"},{"floor":29,"key":"LiquidBronze"},{"floor":31,"key":"SkillPotion"}],"is_trial":false,"path_per_floor":["M","?","$","M","?","M","E","R","T","E","R","M","E","$","R","B",null,"M","T","M","?","M","E","$","?","T","M","R","E","T","M","R","B"],"character_chosen":"IRONCLAD","items_purchased":["Replay:Baseball","Blue Doll","ReplayTheSpireMod:Limb From Limb","Anchor","Brimstone"],"campfire_rested":0,"item_purchase_floors":[14,14,14,24,24],"current_hp_per_floor":[72,72,72,78,78,80,71,71,71,63,63,61,62,62,62,62,80,80,80,78,78,78,63,63,57,57,64,64,66,66,71,71,0,0],"gold":154,"neow_bonus":"RANDOM_COLORLESS_2","is_daily":false,"chose_seed":false,"campfire_upgraded":4,"win_rate":0.0,"timestamp":1610052339,"path_taken":["M","?","$","M","?","M","E","R","T","E","R","?","E","?","R","BOSS","M","?","M","?","M","E","$","?","T","?","R","E","?","?","R","BOSS"],"items_purchased_type":["Relic","Relic","Card","Relic","Relic"],"build_version":"2020-12-22","purchased_purges":0,"victory":false,"max_hp_per_floor":[80,80,80,80,80,80,80,80,80,80,80,80,80,80,80,80,80,80,80,78,78,78,78,78,78,78,76,76,76,76,76,76,74,74],"card_choices":[{"not_picked":["Secret Weapon","ReplayTheSpireMod:Necrogeddon"],"picked":"expansioncontent:DashGenerateEvil","floor":0},{"not_picked":["Whirlwind","Battle Trance"],"picked":"Fire Breathing","floor":1},{"not_picked":["Anger","Iron Wave","Headbutt"],"picked":"SKIP","floor":4},{"not_picked":["Battle Trance","Massacre"],"picked":"ReplayTheSpireMod:Strike From Hell","floor":6},{"not_picked":["Shockwave","Havoc"],"picked":"Burning Pact","floor":7},{"not_picked":["Wild Strike","Dark Embrace"],"picked":"Inflame","floor":10},{"not_picked":["Hemokinesis","Pommel Strike","Sword Boomerang"],"picked":"SKIP","floor":12},{"not_picked":["Warcry","Armaments"],"picked":"Battle Trance","floor":13},{"not_picked":["Bludgeon","Immolate"],"picked":"Fiend Fire","floor":16},{"not_picked":["Searing Blow","Clash"],"picked":"ReplayTheSpireMod:Limb From Limb","floor":18},{"not_picked":["Perfected Strike+1","Combust"],"picked":"Fire Breathing","floor":20},{"not_picked":["Shrug It Off","True Grit"],"picked":"Infernal Blade","floor":22},{"not_picked":["Cleave","Iron Wave","Power Through"],"picked":"SKIP","floor":23},{"not_picked":["Body Slam","Armaments","Havoc"],"picked":"SKIP","floor":27},{"not_picked":["Bludgeon","Thunderclap"],"picked":"Evolve","floor":29},{"not_picked":["Clash","Sword Boomerang"],"picked":"Rampage","floor":31}],"player_experience":240965,"relics_obtained":[{"floor":2,"key":"Ring of Greed"},{"floor":2,"key":"MawBank"},{"floor":2,"key":"Tiny Chest"},{"floor":2,"key":"ReplayTheSpireMod:Ring of Addiction"},{"floor":2,"key":"Potion Belt"},{"floor":2,"key":"Chameleon Ring"},{"floor":7,"key":"Bronze Scales"},{"floor":10,"key":"White Beast Statue"},{"floor":13,"key":"Simple Rune"},{"floor":17,"key":"Bag of Marbles"},{"floor":17,"key":"StrikeDummy"},{"floor":17,"key":"Torii"},{"floor":19,"key":"Blood Vial"},{"floor":23,"key":"HornCleat"},{"floor":26,"key":"Mummified Hand"},{"floor":29,"key":"Whetstone"},{"floor":30,"key":"ReplayFunnel"}],"event_choices":[{"damage_healed":0,"gold_gain":0,"player_choice":"Rummage","damage_taken":0,"relics_obtained":["WarpedTongs"],"max_hp_gain":0,"max_hp_loss":0,"event_name":"Accursed Blacksmith","floor":5,"gold_loss":0,"cards_obtained":["Pain"]},{"damage_healed":0,"gold_gain":0,"player_choice":"Inject Mutagens","damage_taken":0,"relics_obtained":["MutagenicStrength"],"max_hp_gain":0,"max_hp_loss":0,"event_name":"Drug Dealer","floor":21,"gold_loss":0},{"damage_healed":0,"gold_gain":0,"player_choice":"Joined the Cult","damage_taken":6,"max_hp_gain":0,"max_hp_loss":0,"event_name":"Nest","floor":25,"gold_loss":0,"cards_obtained":["RitualDagger"]}],"is_beta":false,"boss_relics":[{"not_picked":["Velvet Choker","Runic Pyramid"],"picked":"Calling Bell"}],"items_purged_floors":[],"is_endless":false,"potions_floor_spawned":[10,12,13,16,18,20,22,23,27,29,31],"killed_by":"Collector","ascension_level":1}}