{"host":"opzhahlj0fyaqzop","time":1610023254,"event":{"mods":["BaseMod","Colored Map","Downfall","Marisa£®ÏF”Í°°ƒß¿Ì…≥£©","Minty Spire (QoL Compilation)","Replay The Spire","StSLib","The Animator"],"gold_per_floor":[99,109,109,124,124,155,155,5,31,70,101,101,130,156,184,184,184],"floor_reached":16,"playtime":1422,"items_purged":[],"score":131,"play_id":"dfd6387d-52e0-4d0e-89eb-beddee2dbb88","local_time":"20210107204054","is_ascension_mode":false,"campfire_choices":[{"floor":1.0,"key":"RECALL"},{"data":"EscapeVelocity","floor":8.0,"key":"SMITH"},{"floor":12.0,"key":"REST"}],"circlet_count":0,"master_deck":["Strike_MRS","Strike_MRS","Strike_MRS","Strike_MRS","Defend_MRS","Defend_MRS","Defend_MRS","Defend_MRS","MasterSpark","UnstableBomb","WitchOfGreed","MagicChant","EscapeVelocity+1","AsteroidBelt","GalacticHalo","WitchLeyline","UnstableBomb","PowerUp"],"relics":["MiniHakkero","downfall:HeartBlessingRed","downfall:HeartBlessingBlue","Oddly Smooth Stone"],"acts_visited":["Exordium"],"potions_floor_usage":[16],"damage_taken":[{"damage":1.0,"enemies":"Jaw Worm","floor":2.0,"turns":4.0},{"damage":0.0,"enemies":"Small Slimes","floor":4.0,"turns":3.0},{"damage":5.0,"enemies":"Cultist","floor":6.0,"turns":4.0},{"damage":13.0,"enemies":"Lots of Slimes","floor":9.0,"turns":4.0},{"damage":10.0,"enemies":"Exordium Wildlife","floor":10.0,"turns":4.0},{"damage":8.0,"enemies":"3 Louse","floor":11.0,"turns":4.0},{"damage":5.0,"enemies":"Looter","floor":13.0,"turns":2.0},{"damage":13.0,"enemies":"Gremlin Nob","floor":14.0,"turns":5.0},{"damage":9.0,"enemies":"Blue Slaver","floor":15.0,"turns":4.0},{"damage":72,"enemies":"Fading Forest","floor":16,"turns":10}],"seed_played":"-5965947803874970095","potions_obtained":[{"floor":4.0,"key":"SpeedPotion"},{"floor":6.0,"key":"ShroomBrew"},{"floor":9.0,"key":"EssenceOfSteel"},{"floor":10.0,"key":"CultistPotion"},{"floor":11.0,"key":"Fire Potion"},{"floor":13.0,"key":"Block Potion"},{"floor":14.0,"key":"BlessingOfTheForge"},{"floor":15.0,"key":"Ancient Potion"},{"floor":15.0,"key":"champ:CounterPotion"}],"is_trial":false,"path_per_floor":["R","M","?","M","?","M","T","R","M","M","M","R","M","E","M","B"],"character_chosen":"MARISA","items_purchased":[],"campfire_rested":1,"item_purchase_floors":[],"current_hp_per_floor":[82,81,81,81,81,76,76,86,73,63,55,82,77,64,55,0,0],"gold":184,"neow_bonus":"TEN_PERCENT_HP_BONUS","is_daily":false,"chose_seed":false,"campfire_upgraded":1,"win_rate":0.0,"timestamp":1610023254,"path_taken":["R","M","?","M","?","M","T","R","M","M","M","R","?","E","M","BOSS"],"items_purchased_type":[],"build_version":"2020-12-22","purchased_purges":0,"victory":false,"max_hp_per_floor":[82,82,82,82,82,82,82,92,92,92,92,92,92,92,92,92,92],"card_choices":[{"not_picked":["EarthLightRay","IllusionStar"],"picked":"UnstableBomb","floor":2.0},{"not_picked":["ShootingEcho","ChargingUp"],"picked":"WitchOfGreed","floor":4.0},{"not_picked":["Acceleration","WitchOfGreed"],"picked":"EscapeVelocity","floor":6.0},{"not_picked":["GasGiant","DarkMatter"],"picked":"AsteroidBelt","floor":9.0},{"not_picked":["PowerUp","AsteroidBelt","SporeBomb"],"picked":"SKIP","floor":10.0},{"not_picked":["EnergyFlow","EventHorizon"],"picked":"GalacticHalo","floor":11.0},{"not_picked":["ShootTheMoon","AsteroidBelt"],"picked":"WitchLeyline","floor":13.0},{"not_picked":["EarthLightRay","AbsoluteMagnitude"],"picked":"UnstableBomb","floor":14.0},{"not_picked":["EnergyFlow","MysteriousBeam"],"picked":"PowerUp","floor":15.0}],"player_experience":34104,"relics_obtained":[{"floor":14.0,"key":"Oddly Smooth Stone"}],"event_choices":[{"damage_healed":0.0,"max_hp_gain":0.0,"max_hp_loss":0.0,"gold_gain":0.0,"event_name":"Liars Game","player_choice":"Ignored","floor":3.0,"gold_loss":0.0,"damage_taken":0.0},{"damage_healed":0.0,"max_hp_gain":0.0,"max_hp_loss":0.0,"gold_gain":0.0,"cards_transformed":["UpSweep"],"event_name":"Transmorgrifier","player_choice":"Transformed","floor":5.0,"gold_loss":0.0,"damage_taken":0.0,"cards_obtained":["MagicChant"]}],"is_beta":false,"boss_relics":[],"items_purged_floors":[],"is_endless":false,"potions_floor_spawned":[4,9,13,14,15],"killed_by":"Fading Forest","ascension_level":0}}