{"host":"k4et7hlhlqy8fuoz","time":1610057749,"event":{"mods":["2.2 Compatiblity","AchievementEnabler","BaseMod","Colored Map","DeckTracker","Highlight Path","Minty Spire (QoL Compilation)","Random Character Button","Rare Cards Sparkle"],"gold_per_floor":[112,126,55,67,242,207,241,241,266,266,277,277,277,277],"floor_reached":13,"playtime":1360,"items_purged":[],"score":87,"play_id":"929138df-bddb-4827-b0aa-eb94d2051691","local_time":"20210107231549","is_ascension_mode":true,"campfire_choices":[{"floor":8.0,"key":"REST"},{"data":"Deadly Poison","floor":10.0,"key":"SMITH"}],"circlet_count":0,"master_deck":["Strike_G","Strike_G","Strike_G","Strike_G","Strike_G","Defend_G","Defend_G","Defend_G","Defend_G","Defend_G","Survivor","Neutralize","Flying Knee","Dagger Throw","Flying Knee","Endless Agony","Deadly Poison+1","Doubt","Phantasmal Killer","Slice"],"relics":["Ring of the Snake","Strawberry","Orichalcum","Mummified Hand"],"acts_visited":["Exordium"],"potions_floor_usage":[],"damage_taken":[{"damage":2.0,"enemies":"Jaw Worm","floor":1.0,"turns":6.0},{"damage":0.0,"enemies":"Small Slimes","floor":2.0,"turns":2.0},{"damage":0.0,"enemies":"2 Louse","floor":4.0,"turns":2.0},{"damage":34.0,"enemies":"3 Sentries","floor":7.0,"turns":18.0},{"damage":46.0,"enemies":"Large Slime","floor":11.0,"turns":24.0},{"damage":21,"enemies":"Lagavulin","floor":13,"turns":3}],"seed_played":"-2756617620588418464","potions_obtained":[{"floor":2.0,"key":"Swift Potion"},{"floor":4.0,"key":"SkillPotion"},{"floor":11,"key":"Block Potion"}],"is_trial":false,"path_per_floor":["M","M","$","M","?","?","E","R","T","R","M","?","E"],"character_chosen":"THE_SILENT","items_purchased":["Endless Agony"],"campfire_rested":1,"item_purchase_floors":[3],"current_hp_per_floor":[68,68,68,68,68,70,43,66,66,66,20,17,0,0],"gold":277,"neow_bonus":"THREE_CARDS","is_daily":false,"chose_seed":false,"campfire_upgraded":1,"win_rate":0.0,"timestamp":1610057749,"path_taken":["M","M","$","M","?","?","E","R","T","R","M","?","E"],"items_purchased_type":["Card"],"build_version":"2020-12-22","purchased_purges":0,"victory":false,"max_hp_per_floor":[70,70,70,70,70,70,77,77,77,77,77,77,77,77],"card_choices":[{"not_picked":["Underhanded Strike","Bane"],"picked":"Flying Knee","floor":0.0},{"not_picked":["Flechettes","Escape Plan"],"picked":"Dagger Throw","floor":1.0},{"not_picked":["Tactician","Outmaneuver"],"picked":"Flying Knee","floor":2.0},{"not_picked":["Poisoned Stab","Flechettes"],"picked":"Deadly Poison","floor":4.0},{"not_picked":["Bane","Venomology"],"picked":"Phantasmal Killer","floor":7.0},{"not_picked":["Choke","Dash"],"picked":"Slice","floor":11}],"player_experience":99170,"relics_obtained":[{"floor":7.0,"key":"Strawberry"},{"floor":9.0,"key":"Orichalcum"}],"event_choices":[{"damage_healed":0.0,"max_hp_gain":0.0,"max_hp_loss":0.0,"gold_gain":175.0,"event_name":"Liars Game","player_choice":"AGREE","floor":5.0,"gold_loss":0.0,"damage_taken":0.0,"cards_obtained":["Doubt"]},{"damage_healed":17.0,"max_hp_gain":0.0,"max_hp_loss":0.0,"gold_gain":0.0,"event_name":"The Cleric","player_choice":"Healed","floor":6.0,"gold_loss":35.0,"damage_taken":0.0},{"damage_healed":0,"gold_gain":0,"player_choice":"Success","damage_taken":3,"relics_obtained":["Mummified Hand"],"max_hp_gain":0,"max_hp_loss":0,"event_name":"Scrap Ooze","floor":12,"gold_loss":0}],"is_beta":false,"boss_relics":[],"items_purged_floors":[],"is_endless":false,"potions_floor_spawned":[2,4,11],"killed_by":"Lagavulin","ascension_level":1}}