{"host":"qa029bqsloh3rj2z","time":1610003954,"event":{"mods":["AchievementEnabler","BaseMod","Colored Powertips","DeckTracker","Minty Spire (QoL Compilation)","Permanent Neow","Waifu the Spire"],"gold_per_floor":[116,35,35,35,48,48,67,96,122,197,122,122,135,135,135,240,240,253,253,153,164,164,164],"floor_reached":22,"playtime":967,"items_purged":["Defend_R","Decay"],"score":182,"play_id":"db383664-3bab-448b-88cf-bb730f32b66f","local_time":"20210107021914","is_ascension_mode":false,"campfire_choices":[{"data":"Bash","floor":12,"key":"SMITH"},{"floor":15,"key":"REST"}],"circlet_count":0,"master_deck":["Strike_R","Strike_R","Strike_R","Strike_R","Defend_R","Defend_R","Defend_R","Bash+1","Dropkick","Inflame","Clash+1","Bash"],"relics":["SlaversCollar","Lantern","Pen Nib","Runic Pyramid"],"acts_visited":["Exordium","TheCity"],"potions_floor_usage":[],"damage_taken":[{"damage":9,"enemies":"2 Louse","floor":1,"turns":4},{"damage":0,"enemies":"Small Slimes","floor":5,"turns":3},{"damage":1,"enemies":"Cultist","floor":7,"turns":4},{"damage":21,"enemies":"Lagavulin","floor":8,"turns":4},{"damage":12,"enemies":"3 Louse","floor":13,"turns":3},{"damage":28,"enemies":"Hexaghost","floor":16,"turns":6},{"damage":56,"enemies":"3 Byrds","floor":18,"turns":8},{"damage":12,"enemies":"Shell Parasite","floor":21,"turns":4},{"damage":12,"enemies":"Snake Plant","floor":22,"turns":2}],"seed_played":"8318637106435232110","potions_obtained":[{"floor":1,"key":"SkillPotion"},{"floor":8,"key":"LiquidMemories"},{"floor":13,"key":"ElixirPotion"}],"is_trial":false,"path_per_floor":["M","$","?","?","M","?","M","E","T","?","$","R","M","?","R","B",null,"M","?","$","M","M"],"character_chosen":"IRONCLAD","items_purchased":["Dropkick"],"campfire_rested":1,"item_purchase_floors":[2],"current_hp_per_floor":[71,71,71,80,80,80,79,58,58,47,47,47,35,35,59,31,80,24,24,24,12,0,0],"gold":164,"neow_bonus":"BOSS_RELIC","is_daily":false,"chose_seed":false,"campfire_upgraded":1,"win_rate":0.0,"timestamp":1610003954,"path_taken":["M","$","?","?","?","?","?","E","T","?","$","R","M","?","R","BOSS","M","?","$","?","M"],"items_purchased_type":["Card"],"build_version":"2020-12-22","purchased_purges":2,"victory":false,"max_hp_per_floor":[80,80,80,80,80,80,80,80,80,80,80,80,80,80,80,80,80,80,80,80,80,80,80],"card_choices":[{"not_picked":["Clothesline","Headbutt","Rage"],"picked":"SKIP","floor":1},{"not_picked":["True Grit","Burning Pact","Sword Boomerang"],"picked":"SKIP","floor":5},{"not_picked":["Headbutt","Shrug It Off"],"picked":"Clash","floor":7},{"not_picked":["Headbutt","Clothesline","Sword Boomerang"],"picked":"SKIP","floor":8},{"not_picked":["Inflame","Burning Pact","Armaments"],"picked":"SKIP","floor":13},{"not_picked":["Perfected Strike","Wild Strike","Clothesline"],"picked":"SKIP","floor":18},{"not_picked":["Shockwave","Warcry+1","Armaments"],"picked":"SKIP","floor":21}],"player_experience":28720,"relics_obtained":[{"floor":8,"key":"Lantern"},{"floor":9,"key":"Pen Nib"}],"event_choices":[{"damage_healed":0,"gold_gain":0,"player_choice":"Leave","damage_taken":0,"max_hp_gain":0,"max_hp_loss":0,"event_name":"The Cleric","floor":3,"gold_loss":0},{"damage_healed":9,"gold_gain":0,"player_choice":"Full Heal","damage_taken":0,"max_hp_gain":0,"max_hp_loss":0,"event_name":"Wheel of Change","floor":4,"gold_loss":0},{"damage_healed":0,"gold_gain":0,"cards_transformed":["Strike_R"],"player_choice":"Transformed","damage_taken":0,"max_hp_gain":0,"max_hp_loss":0,"event_name":"Transmorgrifier","floor":6,"gold_loss":0,"cards_obtained":["Inflame"]},{"damage_healed":0,"gold_gain":75,"player_choice":"Gather Gold","damage_taken":11,"max_hp_gain":0,"max_hp_loss":0,"event_name":"World of Goop","floor":10,"gold_loss":0},{"damage_healed":0,"gold_gain":0,"player_choice":"Upgraded","damage_taken":0,"max_hp_gain":0,"max_hp_loss":0,"event_name":"Upgrade Shrine","floor":14,"gold_loss":0,"cards_upgraded":["Clash"]},{"damage_healed":0,"gold_gain":0,"player_choice":"2 cards matched","damage_taken":0,"max_hp_gain":0,"max_hp_loss":0,"event_name":"Match and Keep!","floor":19,"gold_loss":0,"cards_obtained":["Bash","Decay"]}],"is_beta":false,"boss_relics":[{"not_picked":["SacredBark","Runic Dome"],"picked":"Runic Pyramid"}],"items_purged_floors":[11,20],"is_endless":false,"potions_floor_spawned":[1,8,13,21],"killed_by":"Snake Plant","ascension_level":0}}