{"host":"g01l53quoe6lrer0","time":1610058968,"event":{"mods":["2.2 Compatiblity","AchievementEnabler","BaseMod","Colored Map","Highlight Path","Keyboard Shortcuts","Minty Spire (QoL Compilation)","Permanent Neow","StSLib","SuperFastMode","everything is the same but u backflip on backflip"],"gold_per_floor":[114,129,54,69,69,69,69,69,94,113,113,188,207,245,245,245,245],"floor_reached":16,"playtime":363,"items_purged":["EmptyFist"],"score":125,"play_id":"08086900-1917-437f-a141-c43226237e6f","local_time":"20210108073608","daily_mods":["SealedDeck","Vintage","Lethality"],"is_ascension_mode":false,"campfire_choices":[{"data":"WindmillStrike","floor":6,"key":"SMITH"},{"data":"EmptyFist","floor":8,"key":"SMITH"},{"data":"Halt","floor":11,"key":"SMITH"},{"floor":15,"key":"REST"}],"circlet_count":0,"master_deck":["EmptyFist+1","Halt+1","EmptyMind","Crescendo","BowlingBash","Crescendo","Adaptation+1","WindmillStrike+1","MentalFortress"],"relics":["PureWater","TeardropLocket","Shuriken","Bronze Scales","Golden Idol","Vajra","Matryoshka","Mercury Hourglass","MealTicket"],"acts_visited":["Exordium"],"potions_floor_usage":[],"damage_taken":[{"damage":14,"enemies":"Jaw Worm","floor":1,"turns":2},{"damage":0,"enemies":"2 Louse","floor":2,"turns":1},{"damage":0,"enemies":"Cultist","floor":4,"turns":2},{"damage":9,"enemies":"Looter","floor":10,"turns":2},{"damage":0,"enemies":"Large Slime","floor":13,"turns":1},{"damage":0,"enemies":"Gremlin Nob","floor":14,"turns":2},{"damage":0,"enemies":"Hexaghost","floor":16,"turns":1}],"seed_played":"8350349167999303424","potions_obtained":[{"floor":2,"key":"BlessingOfTheForge"},{"floor":10,"key":"Strength Potion"},{"floor":13,"key":"DuplicationPotion"}],"is_trial":false,"path_per_floor":["M","M","$","M","?","R","?","R","T","M","R","?","M","E","R","B"],"character_chosen":"WATCHER","items_purchased":[],"campfire_rested":1,"item_purchase_floors":[],"current_hp_per_floor":[58,58,58,58,58,58,58,58,58,49,49,38,38,38,58,58,58],"gold":245,"neow_bonus":"","is_daily":true,"chose_seed":false,"campfire_upgraded":3,"win_rate":0.0,"timestamp":1610058968,"path_taken":["M","M","$","M","?","R","?","R","T","M","R","?","M","E","R","BOSS"],"items_purchased_type":[],"build_version":"2020-12-22","purchased_purges":1,"victory":false,"max_hp_per_floor":[72,72,72,72,67,67,67,67,67,67,67,67,67,67,67,67,67],"card_choices":[{"not_picked":["Protect","CutThroughFate","ThirdEye"],"picked":"SKIP","floor":14}],"player_experience":81137,"relics_obtained":[{"floor":1,"key":"TeardropLocket"},{"floor":2,"key":"Shuriken"},{"floor":4,"key":"Bronze Scales"},{"floor":9,"key":"Vajra"},{"floor":10,"key":"Matryoshka"},{"floor":13,"key":"Mercury Hourglass"},{"floor":14,"key":"MealTicket"}],"event_choices":[{"damage_healed":0,"gold_gain":0,"player_choice":"Lose Max HP","damage_taken":0,"relics_obtained":["Golden Idol"],"max_hp_gain":0,"max_hp_loss":5,"event_name":"Golden Idol","floor":5,"gold_loss":0},{"damage_healed":0,"gold_gain":0,"player_choice":"Grow","damage_taken":0,"max_hp_gain":0,"max_hp_loss":0,"event_name":"Living Wall","floor":7,"gold_loss":0,"cards_upgraded":["Adaptation"]},{"damage_healed":0,"gold_gain":75,"player_choice":"Gather Gold","damage_taken":11,"max_hp_gain":0,"max_hp_loss":0,"event_name":"World of Goop","floor":12,"gold_loss":0}],"is_beta":false,"boss_relics":[],"items_purged_floors":[3],"is_endless":false,"potions_floor_spawned":[2,10,13],"killed_by":"Hexaghost","ascension_level":0}}