{"host":"0ydzwspkajt4brzd","time":1610010730,"event":{"mods":["AchievementEnabler","BaseMod","Colored Map","DeckTracker","Googly Eyes","Highlight Path","Minty Spire (QoL Compilation)","Quick Restart","Random Character Button","Rare Cards Sparkle"],"gold_per_floor":[116,116,132,12,29,62,74,74,74,85,120,120,138,148,148,219,219,219],"floor_reached":17,"playtime":671,"items_purged":["Strike_R"],"score":287,"play_id":"b754ee27-d06a-4ced-8bdc-06ea1ecb436d","local_time":"20210107011210","is_ascension_mode":true,"campfire_choices":[{"data":"Bash","floor":8,"key":"SMITH"},{"data":"Entrench","floor":12,"key":"SMITH"},{"data":"Blood for Blood","floor":15,"key":"SMITH"}],"circlet_count":0,"master_deck":["AscendersBane","Bash+1","Sword Boomerang","Battle Trance","Shrug It Off","Headbutt","Blood for Blood+1","Shockwave","Perfected Strike","Entrench+1","Immolate","Clothesline","Battle Trance","Barricade","Rage","True Grit","Twin Strike","Barricade"],"relics":["Burning Blood","NeowsBlessing","Mercury Hourglass","Self Forming Clay","Centennial Puzzle","Pandora\u0027s Box"],"acts_visited":["Exordium","TheCity"],"potions_floor_usage":[16,16],"damage_taken":[{"damage":0,"enemies":"Jaw Worm","floor":1,"turns":1},{"damage":0,"enemies":"2 Louse","floor":3,"turns":2},{"damage":0,"enemies":"Cultist","floor":5,"turns":1},{"damage":26,"enemies":"Gremlin Nob","floor":6,"turns":4},{"damage":2,"enemies":"Red Slaver","floor":7,"turns":4},{"damage":6,"enemies":"Lots of Slimes","floor":10,"turns":4},{"damage":30,"enemies":"Lagavulin","floor":11,"turns":8},{"damage":3,"enemies":"2 Fungi Beasts","floor":13,"turns":3},{"damage":19,"enemies":"Red Slaver","floor":14,"turns":4},{"damage":1,"enemies":"Slime Boss","floor":16,"turns":6}],"seed_played":"-758147736559550357","potions_obtained":[{"floor":5,"key":"CultistPotion"},{"floor":10,"key":"BlessingOfTheForge"},{"floor":16,"key":"Dexterity Potion"}],"is_trial":false,"path_per_floor":["M","?","M","$","M","E","M","R","T","M","E","R","M","M","R","B",null],"character_chosen":"IRONCLAD","items_purchased":["Shrug It Off"],"campfire_rested":0,"item_purchase_floors":[4],"current_hp_per_floor":[74,67,73,73,75,55,59,59,59,59,35,35,38,25,25,30,64,64],"gold":219,"neow_bonus":"THREE_ENEMY_KILL","is_daily":false,"chose_seed":false,"campfire_upgraded":3,"win_rate":0.0,"timestamp":1610010730,"path_taken":["M","?","M","$","M","E","M","R","T","M","E","R","M","M","R","BOSS"],"items_purchased_type":["Card"],"build_version":"2020-12-22","purchased_purges":1,"victory":false,"max_hp_per_floor":[75,75,75,75,75,75,75,75,75,75,75,75,75,75,75,75,75,75],"card_choices":[{"not_picked":["Anger","Clash"],"picked":"Sword Boomerang","floor":1},{"not_picked":["Havoc","Iron Wave"],"picked":"Battle Trance","floor":3},{"not_picked":["Thunderclap","Entrench"],"picked":"Headbutt","floor":5},{"not_picked":["Reckless Charge","Bloodletting"],"picked":"Blood for Blood","floor":6},{"not_picked":["Blood for Blood","Twin Strike"],"picked":"Shockwave","floor":7},{"not_picked":["Second Wind","Fiend Fire"],"picked":"Perfected Strike","floor":10},{"not_picked":["Reckless Charge","Heavy Blade"],"picked":"Entrench","floor":11},{"not_picked":["Warcry","Cleave","Burning Pact"],"picked":"SKIP","floor":13},{"not_picked":["Cleave","Warcry","Rupture"],"picked":"SKIP","floor":14},{"not_picked":["Berserk","Reaper"],"picked":"Immolate","floor":16}],"player_experience":472331,"relics_obtained":[{"floor":6,"key":"Mercury Hourglass"},{"floor":9,"key":"Self Forming Clay"},{"floor":11,"key":"Centennial Puzzle"}],"event_choices":[{"cards_removed":["Strike_R"],"damage_healed":0,"gold_gain":0,"player_choice":"Card Removal","damage_taken":7,"max_hp_gain":0,"max_hp_loss":0,"event_name":"Golden Wing","floor":2,"gold_loss":0}],"is_beta":false,"boss_relics":[{"not_picked":["Runic Cube","Coffee Dripper"],"picked":"Pandora\u0027s Box"}],"items_purged_floors":[4],"is_endless":false,"potions_floor_spawned":[5,10,13,14,16],"ascension_level":14}}