{"host":"i0avyit1s6jb1siw","time":1610019881,"event":{"mods":["BaseMod","DeckTracker","Dota2Spire","Highlight Path","Minty Spire (QoL Compilation)","Quick Restart","StSLib","SuperFastMode"],"gold_per_floor":[12,26,26,26,26,26,59,59,59,24,35,35,53,67,67,158,158,171,187,22,22,37,37,49,79,128,155,155,168,187,206,206,280,280,290,302,302,302,141,141,166,198,221,443,456,487,502,517,517,517,517,517,517,42,67,67],"floor_reached":57,"playtime":2395,"items_purged":["Strike_R","Strike_R"],"score":2843,"play_id":"110d9a34-22fc-4762-9783-267d698c1297","local_time":"20210107124441","is_ascension_mode":true,"campfire_choices":[{"data":"Bash","floor":6.0,"key":"SMITH"},{"data":"Armaments","floor":12.0,"key":"SMITH"},{"data":"Dark Embrace","floor":15.0,"key":"SMITH"},{"floor":23.0,"key":"REST"},{"floor":28.0,"key":"REST"},{"floor":32.0,"key":"REST"},{"floor":40.0,"key":"RECALL"},{"data":"Corruption","floor":49.0,"key":"SMITH"},{"data":"Fire Breathing","floor":53.0,"key":"SMITH"}],"circlet_count":0,"master_deck":["AscendersBane","Strike_R","Strike_R","Strike_R","Defend_R","Defend_R","Defend_R","Defend_R","Bash+1","Magnetism+1","Dark Embrace+1","Ghostly Armor","Armaments+1","Havoc+1","Disarm+1","Warcry+1","Corruption+1","Pommel Strike","Reckless Charge+1","Fire Breathing+1","Wild Strike+1","Second Wind+1","Shrug It Off+1","Entrench+1","Infernal Blade+1","Reaper","Battle Trance+1","Shrug It Off+1","Impervious+1","CurseOfTheBell","Blind+1","Panacea+1","Magnetism","Pommel Strike","Feel No Pain","Shrug It Off+1","Spot Weakness+1","Sentinel+1","Sentinel+1","Fire Breathing","Spot Weakness+1","Master of Strategy+1","Power Through+1"],"relics":["Burning Blood","Dream Catcher","Self Forming Clay","Toxic Egg 2","Dota2Spire:Bloodstone","FossilizedHelix","Whetstone","Red Mask","Calling Bell","Dota2Spire:MagicBottle","Dota2Spire:BlackKingBar","Dota2Spire:AssaultCuirass","Orrery","Gambling Chip","Dota2Spire:ShivaGuard","Ancient Tea Set","Medical Kit","Centennial Puzzle"],"acts_visited":["Exordium","TheCity","TheBeyond","TheEnding"],"potions_floor_usage":[],"damage_taken":[{"damage":10.0,"enemies":"Cultist","floor":1.0,"turns":5.0},{"damage":7.0,"enemies":"Small Slimes","floor":2.0,"turns":4.0},{"damage":51.0,"enemies":"Lagavulin","floor":7.0,"turns":11.0},{"damage":11.0,"enemies":"2 Louse","floor":11.0,"turns":3.0},{"damage":8.0,"enemies":"Blue Slaver","floor":13.0,"turns":6.0},{"damage":1.0,"enemies":"Exordium Wildlife","floor":14.0,"turns":4.0},{"damage":24.0,"enemies":"The Guardian","floor":16.0,"turns":11.0},{"damage":16.0,"enemies":"3 Byrds","floor":18.0,"turns":8.0},{"damage":6.0,"enemies":"Chosen","floor":19.0,"turns":6.0},{"damage":22.0,"enemies":"Snake Plant","floor":22.0,"turns":5.0},{"damage":49.0,"enemies":"Centurion and Healer","floor":24.0,"turns":8.0},{"damage":10.0,"enemies":"Gremlin Leader","floor":25.0,"turns":6.0},{"damage":19.0,"enemies":"Masked Bandits","floor":27.0,"turns":5.0},{"damage":0.0,"enemies":"3 Cultists","floor":29.0,"turns":5.0},{"damage":0.0,"enemies":"Chosen and Byrds","floor":30.0,"turns":5.0},{"damage":0.0,"enemies":"Cultist and Chosen","floor":31.0,"turns":4.0},{"damage":47.0,"enemies":"Champ","floor":33.0,"turns":9.0},{"damage":40.0,"enemies":"3 Darklings","floor":35.0,"turns":7.0},{"damage":0.0,"enemies":"Orb Walker","floor":36.0,"turns":4.0},{"damage":0.0,"enemies":"Mind Bloom Boss Battle","floor":41.0,"turns":9.0},{"damage":0.0,"enemies":"Reptomancer","floor":42.0,"turns":7.0},{"damage":0.0,"enemies":"Spire Growth","floor":45.0,"turns":6.0},{"damage":0.0,"enemies":"Nemesis","floor":46.0,"turns":7.0},{"damage":0.0,"enemies":"3 Darklings","floor":47.0,"turns":4.0},{"damage":2.0,"enemies":"Maw","floor":48.0,"turns":7.0},{"damage":10.0,"enemies":"Time Eater","floor":50.0,"turns":12.0},{"damage":32.0,"enemies":"Donu and Deca","floor":51.0,"turns":9.0},{"damage":0.0,"enemies":"Shield and Spear","floor":55.0,"turns":6.0},{"damage":46,"enemies":"The Heart","floor":56,"turns":10}],"seed_played":"-5066439420768624037","potions_obtained":[{"floor":2.0,"key":"Dexterity Potion"},{"floor":7.0,"key":"Regen Potion"},{"floor":16.0,"key":"Ancient Potion"},{"floor":19.0,"key":"LiquidMemories"},{"floor":27.0,"key":"LiquidBronze"},{"floor":30.0,"key":"DistilledChaos"},{"floor":31.0,"key":"FearPotion"},{"floor":33.0,"key":"EssenceOfSteel"},{"floor":35.0,"key":"DuplicationPotion"},{"floor":36.0,"key":"Energy Potion"}],"is_trial":false,"path_per_floor":["M","M","$","?","?","R","E","T","T","?","M","R","M","M","R","B",null,"M","M","$","?","M","R","M","E","T","?","R","M","M","M","R","B",null,"M","M","?","?","$","R","?","E","T","?","M","E","M","M","R","B","B",null,"R","$","E","B",null],"character_chosen":"IRONCLAD","items_purchased":["Fire Breathing","Wild Strike","Orrery","Medical Kit","Master of Strategy+1"],"campfire_rested":3,"item_purchase_floors":[20,20,39,54,54],"current_hp_per_floor":[64,63,63,68,68,68,23,23,23,43,38,38,36,41,41,38,70,60,60,60,60,44,68,25,21,21,8,32,46,52,58,80,52,73,45,56,56,46,46,46,58,76,76,76,76,76,76,76,76,72,70,75,75,75,76,76],"gold":67,"neow_bonus":"RANDOM_COLORLESS_2","is_daily":false,"chose_seed":false,"campfire_upgraded":5,"win_rate":0.0,"timestamp":1610019881,"path_taken":["M","M","?","?","?","R","E","?","T","?","M","R","?","M","R","BOSS","M","M","$","?","M","R","M","E","T","?","R","?","?","M","R","BOSS","M","M","?","?","$","R","?","E","T","?","M","E","M","M","R","BOSS","BOSS","R","$","E","BOSS"],"items_purchased_type":["Card","Card","Relic","Relic","Card"],"build_version":"2020-12-22","purchased_purges":2,"victory":true,"max_hp_per_floor":[75,75,75,80,80,80,80,80,80,80,80,80,80,80,80,80,80,80,80,80,80,80,80,80,80,80,80,80,80,80,80,80,80,80,80,80,76,76,76,76,76,76,76,76,76,76,76,76,76,76,76,76,76,76,76,76],"card_choices":[{"not_picked":["Transmutation","Violence"],"picked":"Magnetism","floor":0.0},{"not_picked":["Flex","Havoc"],"picked":"Dark Embrace","floor":1.0},{"not_picked":["Rage","Thunderclap"],"picked":"Ghostly Armor","floor":2.0},{"not_picked":["Anger","Clothesline"],"picked":"Armaments","floor":7.0},{"not_picked":["Sword Boomerang","Rampage"],"picked":"Havoc+1","floor":11.0},{"not_picked":["Rupture","Dual Wield+1"],"picked":"Disarm+1","floor":13.0},{"not_picked":["Twin Strike","Rampage"],"picked":"Warcry+1","floor":14.0},{"not_picked":["Limit Break+1","Impervious+1"],"picked":"Corruption","floor":16.0},{"not_picked":["Headbutt","Thunderclap"],"picked":"Pommel Strike","floor":18.0},{"not_picked":["Pummel","Rampage"],"picked":"Reckless Charge","floor":19.0},{"not_picked":["True Grit+1","Limit Break+1"],"picked":"Shrug It Off+1","floor":22.0},{"not_picked":["Anger","Combust","Heavy Blade"],"picked":"SKIP","floor":24.0},{"not_picked":["Sword Boomerang","Rupture"],"picked":"Entrench+1","floor":25.0},{"not_picked":["Armaments+1","True Grit+1"],"picked":"Infernal Blade+1","floor":27.0},{"not_picked":["Armaments+1","Headbutt"],"picked":"Reaper","floor":28.0},{"not_picked":["Wild Strike+1","Headbutt"],"picked":"Battle Trance+1","floor":29.0},{"not_picked":["Perfected Strike","Thunderclap","Iron Wave"],"picked":"SKIP","floor":30.0},{"not_picked":["Iron Wave+1","Warcry+1","Cleave"],"picked":"SKIP","floor":31.0},{"not_picked":["Body Slam","Armaments+1"],"picked":"Shrug It Off+1","floor":32.0},{"not_picked":["Exhume+1","Demon Form"],"picked":"Impervious+1","floor":33.0},{"not_picked":["Headbutt+1","Battle Trance+1","Armaments+1"],"picked":"SKIP","floor":35.0},{"not_picked":["Rupture","Searing Blow+1","Wild Strike+1"],"picked":"SKIP","floor":36.0},{"not_picked":["Impatience+1","Violence+1"],"picked":"Blind+1","floor":38.0},{"not_picked":["Madness+1","Jack Of All Trades+1"],"picked":"Panacea+1","floor":38.0},{"not_picked":["Dramatic Entrance","Mayhem"],"picked":"Magnetism","floor":38.0},{"not_picked":["Thunderclap+1","Entrench+1"],"picked":"Pommel Strike","floor":39.0},{"not_picked":["Seeing Red+1","Clothesline"],"picked":"Feel No Pain","floor":39.0},{"not_picked":["Body Slam+1","Twin Strike"],"picked":"Shrug It Off+1","floor":39.0},{"not_picked":["Wild Strike+1","Inflame"],"picked":"Spot Weakness+1","floor":41.0},{"not_picked":["Second Wind+1","Twin Strike+1"],"picked":"Sentinel+1","floor":42.0},{"not_picked":["Intimidate+1","Infernal Blade+1"],"picked":"Sentinel+1","floor":45.0},{"not_picked":["True Grit+1","Sword Boomerang+1"],"picked":"Fire Breathing","floor":46.0},{"not_picked":["Cleave","Iron Wave"],"picked":"Spot Weakness+1","floor":47.0},{"not_picked":["Hemokinesis","Sword Boomerang","Headbutt"],"picked":"SKIP","floor":48.0},{"not_picked":["Berserk","Sentinel+1"],"picked":"Power Through+1","floor":55.0}],"player_experience":2180501,"relics_obtained":[{"floor":7.0,"key":"Dream Catcher"},{"floor":8.0,"key":"Self Forming Clay"},{"floor":9.0,"key":"Toxic Egg 2"},{"floor":25.0,"key":"FossilizedHelix"},{"floor":26.0,"key":"Whetstone"},{"floor":27.0,"key":"Red Mask"},{"floor":34.0,"key":"Dota2Spire:MagicBottle"},{"floor":34.0,"key":"Dota2Spire:BlackKingBar"},{"floor":34.0,"key":"Dota2Spire:AssaultCuirass"},{"floor":41.0,"key":"Gambling Chip"},{"floor":42.0,"key":"Dota2Spire:ShivaGuard"},{"floor":46.0,"key":"Ancient Tea Set"},{"floor":55.0,"key":"Centennial Puzzle"}],"event_choices":[{"damage_healed":0.0,"max_hp_gain":5.0,"max_hp_loss":0.0,"gold_gain":0.0,"event_name":"Big Fish","player_choice":"Donut","floor":4.0,"gold_loss":0.0,"damage_taken":0.0},{"damage_healed":0.0,"max_hp_gain":0.0,"max_hp_loss":0.0,"gold_gain":0.0,"event_name":"Living Wall","player_choice":"Grow","floor":5.0,"gold_loss":0.0,"damage_taken":0.0,"cards_upgraded":["Magnetism"]},{"damage_healed":20.0,"max_hp_gain":0.0,"max_hp_loss":0.0,"gold_gain":0.0,"event_name":"The Cleric","player_choice":"Healed","floor":10.0,"gold_loss":35.0,"damage_taken":0.0},{"damage_healed":0.0,"max_hp_gain":0.0,"max_hp_loss":0.0,"gold_gain":0.0,"event_name":"The Library","player_choice":"Read","floor":21.0,"gold_loss":0.0,"damage_taken":0.0,"cards_obtained":["Second Wind"]},{"damage_healed":0.0,"max_hp_gain":0.0,"max_hp_loss":0.0,"gold_gain":0.0,"event_name":"Masked Bandits","player_choice":"Fought Bandits","floor":27.0,"gold_loss":0.0,"damage_taken":0.0},{"damage_healed":0.0,"max_hp_gain":0.0,"max_hp_loss":4.0,"gold_gain":0.0,"event_name":"Winding Halls","player_choice":"Max HP","floor":37.0,"gold_loss":0.0,"damage_taken":0.0},{"damage_healed":0.0,"max_hp_gain":0.0,"max_hp_loss":0.0,"gold_gain":0.0,"event_name":"SensoryStone","player_choice":"Memory 3","floor":38.0,"gold_loss":0.0,"damage_taken":10.0},{"damage_healed":0.0,"max_hp_gain":0.0,"max_hp_loss":0.0,"gold_gain":0.0,"event_name":"MindBloom","player_choice":"Fight","floor":41.0,"gold_loss":0.0,"damage_taken":0.0},{"damage_healed":0.0,"max_hp_gain":0.0,"max_hp_loss":0.0,"gold_gain":222.0,"event_name":"Tomb of Lord Red Mask","player_choice":"Wore Mask","floor":44.0,"gold_loss":0.0,"damage_taken":0.0}],"is_beta":false,"boss_relics":[{"not_picked":["Coffee Dripper","Runic Pyramid"],"picked":"Dota2Spire:Bloodstone"},{"not_picked":["SacredBark","Busted Crown"],"picked":"Calling Bell"}],"items_purged_floors":[20,54],"is_endless":false,"potions_floor_spawned":[2,7,13,14,16,19,27,30,31,33,35,36,45,46],"ascension_level":20}}