{"host":"anpwk55bj6rntrcq","time":1610053681,"event":{"mods":["Act Like it!","BaseMod","BetterRewards","Duelist Mod","GifTheSpireLib","Hermit","Hubris","Kratos Character Expansion","Minty Spire (QoL Compilation)","Replay The Spire","Robot Space Explorer","SCP261 Mod","StSLib","The Blackbeard","The Death Knight","The Exalted","The Necromancer","The Servant 0.9.4"],"gold_per_floor":[116,131,131,131,59,59,78,98,98,114,73,89,120,131,131,131,131],"floor_reached":16,"playtime":846,"items_purged":[],"score":104,"play_id":"45c9fa30-0f6b-4ff4-8474-61e7bbbdcefb","local_time":"20210107160801","is_ascension_mode":false,"campfire_choices":[{"data":"RobotSpaceExplorer:PowerCollector","floor":6,"key":"SMITH"},{"floor":15,"key":"REST"}],"circlet_count":0,"master_deck":["RobotSpaceExplorer:Strike","RobotSpaceExplorer:Strike","RobotSpaceExplorer:Strike","RobotSpaceExplorer:Strike","RobotSpaceExplorer:Defend","RobotSpaceExplorer:Defend","RobotSpaceExplorer:Defend","RobotSpaceExplorer:Defend","RobotSpaceExplorer:Scan","RobotSpaceExplorer:MiniLasers","RobotSpaceExplorer:MetalStrike","RobotSpaceExplorer:PowerCollector+1","RobotSpaceExplorer:BigMissile","RobotSpaceExplorer:IronShell","RobotSpaceExplorer:Smokescreen","RobotSpaceExplorer:StunGrenade","RobotSpaceExplorer:Pulsar","RobotSpaceExplorer:StunGrenade","RobotSpaceExplorer:LuckyStrike"],"relics":["RobotSpaceExplorer:RoboCore","NeowsBlessing","hubris:Towel","WingedGreaves","hubris:TenFootPole"],"acts_visited":["Exordium"],"potions_floor_usage":[13,13,16,16],"damage_taken":[{"damage":0,"enemies":"Cultist","floor":1,"turns":1},{"damage":0,"enemies":"2 Louse","floor":2,"turns":1},{"damage":0,"enemies":"Small Slimes","floor":7,"turns":1},{"damage":20,"enemies":"Exordium Wildlife","floor":8,"turns":11},{"damage":11,"enemies":"Lots of Slimes","floor":10,"turns":7},{"damage":0,"enemies":"3 Louse","floor":12,"turns":3},{"damage":24,"enemies":"Gremlin Nob","floor":13,"turns":6},{"damage":1,"enemies":"Looter","floor":14,"turns":3},{"damage":70,"enemies":"Fading Forest","floor":16,"turns":9}],"seed_played":"5195444651669429875","potions_obtained":[{"floor":1,"key":"Elixir"},{"floor":10,"key":"Block Potion"},{"floor":12,"key":"LifebloodPotion"},{"floor":13,"key":"SCP261:DewritoBlazePotion"},{"floor":14,"key":"SCP261:EnergyGasPotion"}],"is_trial":false,"path_per_floor":["M","M","$","?","$","R","M","M","T","M","?","M","E","M","R","B"],"character_chosen":"RobotSpaceExplorer","items_purchased":["RobotSpaceExplorer:BigMissile"],"campfire_rested":1,"item_purchase_floors":[5],"current_hp_per_floor":[75,75,75,75,75,75,75,55,55,44,44,44,20,19,41,0,0],"gold":131,"neow_bonus":"THREE_ENEMY_KILL","is_daily":false,"chose_seed":false,"campfire_upgraded":1,"win_rate":0.0,"timestamp":1610053681,"path_taken":["M","?","$","?","$","R","M","M","T","M","?","M","E","M","R","BOSS"],"items_purchased_type":["Card"],"build_version":"2020-12-22","purchased_purges":0,"victory":false,"max_hp_per_floor":[75,75,75,75,75,75,75,75,75,75,75,75,75,75,75,75,75],"card_choices":[{"not_picked":["RobotSpaceExplorer:GearShield","RobotSpaceExplorer:ShovelStrike"],"picked":"RobotSpaceExplorer:MetalStrike","floor":1},{"not_picked":["RobotSpaceExplorer:StunGrenade","RobotSpaceExplorer:DoubleFind"],"picked":"RobotSpaceExplorer:PowerCollector","floor":2},{"not_picked":["RobotSpaceExplorer:StunGrenade","RobotSpaceExplorer:ImprovisedAttack"],"picked":"RobotSpaceExplorer:IronShell","floor":7},{"not_picked":["RobotSpaceExplorer:SwiftStep","RobotSpaceExplorer:MetalStrike"],"picked":"RobotSpaceExplorer:Smokescreen","floor":8},{"not_picked":["RobotSpaceExplorer:Probe","RobotSpaceExplorer:BigMissile"],"picked":"RobotSpaceExplorer:StunGrenade","floor":10},{"not_picked":["RobotSpaceExplorer:SurgingShield","RobotSpaceExplorer:MetalStrike"],"picked":"RobotSpaceExplorer:Pulsar","floor":12},{"not_picked":["RobotSpaceExplorer:Electroshield","RobotSpaceExplorer:JunkDive"],"picked":"RobotSpaceExplorer:StunGrenade","floor":13},{"not_picked":["RobotSpaceExplorer:Scanner","RobotSpaceExplorer:ShockKick"],"picked":"RobotSpaceExplorer:LuckyStrike","floor":14}],"player_experience":373399,"relics_obtained":[{"floor":9,"key":"WingedGreaves"},{"floor":13,"key":"hubris:TenFootPole"}],"event_choices":[{"damage_healed":0,"gold_gain":0,"player_choice":"Left Gold","damage_taken":0,"max_hp_gain":0,"max_hp_loss":0,"event_name":"World of Goop","floor":11,"gold_loss":41}],"is_beta":false,"boss_relics":[],"items_purged_floors":[],"is_endless":false,"potions_floor_spawned":[1,10,12,13,14],"killed_by":"Fading Forest","ascension_level":0}}