{"host":"sav7uxregyirlf69","time":1610037621,"event":{"mods":["AchievementEnabler","BaseMod","Colored Map","DeckTracker","Keyboard Shortcuts","Minty Spire (QoL Compilation)","READ ME - Guardian Mod","StSLib","SuperFastMode"],"gold_per_floor":[211,211,211,236,1,1,1,19,19,43,43,58,72,95,95,193,193,217,235,98,98,122,163,163,182,182,200,215,235,235,253,253,352,352,375,16,47,47,72,72,91,129,129,55,96,121,144,158,158,158,158,158,158,49,49,49],"floor_reached":55,"playtime":1369,"items_purged":["Defend_B","Strike_B"],"score":1811,"play_id":"d62a4e58-99f5-46cb-ad24-694ded9cf7be","local_time":"20210108014021","is_ascension_mode":true,"campfire_choices":[{"data":"Zap","floor":6,"key":"SMITH"},{"data":"Dualcast","floor":11,"key":"SMITH"},{"data":"Blizzard","floor":15,"key":"SMITH"},{"data":"Fission","floor":24,"key":"SMITH"},{"floor":30,"key":"REST"},{"data":"Turbo","floor":32,"key":"SMITH"},{"data":"Loop","floor":40,"key":"SMITH"},{"floor":49,"key":"RECALL"},{"data":"Loop","floor":53,"key":"SMITH"}],"circlet_count":0,"master_deck":["AscendersBane","Defend_B","Zap+1","Dualcast+1","Conserve Battery","Cold Snap","Genetic Algorithm","Blizzard+1","Go for the Eyes","Core Surge","Ball Lightning+1","Chill+1","Chill","Loop+1","Fission+1","Turbo+1","Chill","Chill+1","Skim","Compile Driver","Electrodynamics","BootSequence+1","Recycle","Chill","Coolheaded+1","Blizzard+1","Loop+1","Coolheaded+1","Self Repair","Defragment","Compile Driver"],"relics":["Cracked Core","Golden Idol","Bronze Scales","Toy Ornithopter","Astrolabe","Bag of Preparation","DataDisk","Prayer Wheel","Runic Pyramid","Ice Cream","Thread and Needle","PreservedInsect","Mummified Hand","Lizard Tail"],"acts_visited":["Exordium","TheCity","TheBeyond","TheEnding"],"potions_floor_usage":[16,16,31,33,50,50],"damage_taken":[{"damage":1,"enemies":"2 Louse","floor":1,"turns":3},{"damage":5,"enemies":"Small Slimes","floor":4,"turns":5},{"damage":0,"enemies":"Jaw Worm","floor":8,"turns":2},{"damage":1,"enemies":"Exordium Wildlife","floor":12,"turns":2},{"damage":9,"enemies":"Gremlin Gang","floor":13,"turns":6},{"damage":2,"enemies":"Looter","floor":14,"turns":3},{"damage":6,"enemies":"The Guardian","floor":16,"turns":14},{"damage":2,"enemies":"3 Byrds","floor":18,"turns":3},{"damage":8,"enemies":"Chosen","floor":19,"turns":5},{"damage":16,"enemies":"Slavers","floor":23,"turns":5},{"damage":2,"enemies":"Snecko","floor":25,"turns":6},{"damage":10,"enemies":"Shelled Parasite and Fungi","floor":27,"turns":4},{"damage":2,"enemies":"Snake Plant","floor":28,"turns":4},{"damage":0,"enemies":"Sentry and Sphere","floor":29,"turns":4},{"damage":5,"enemies":"Snecko","floor":31,"turns":5},{"damage":33,"enemies":"Automaton","floor":33,"turns":9},{"damage":0,"enemies":"3 Darklings","floor":35,"turns":3},{"damage":0,"enemies":"Mind Bloom Boss Battle","floor":37,"turns":5},{"damage":0,"enemies":"3 Shapes","floor":39,"turns":2},{"damage":0,"enemies":"Sphere and 2 Shapes","floor":41,"turns":3},{"damage":9,"enemies":"Giant Head","floor":42,"turns":8},{"damage":10,"enemies":"Nemesis","floor":45,"turns":5},{"damage":0,"enemies":"Jaw Worm Horde","floor":46,"turns":2},{"damage":0,"enemies":"4 Shapes","floor":47,"turns":2},{"damage":0,"enemies":"Sphere and 2 Shapes","floor":48,"turns":3},{"damage":46,"enemies":"Time Eater","floor":50,"turns":10},{"damage":6,"enemies":"Donu and Deca","floor":51,"turns":8},{"damage":98,"enemies":"Shield and Spear","floor":55,"turns":6}],"seed_played":"-7093991193862813721","potions_obtained":[{"floor":1,"key":"Block Potion"},{"floor":13,"key":"Weak Potion"},{"floor":25,"key":"SneckoOil"},{"floor":27,"key":"DistilledChaos"},{"floor":35,"key":"EssenceOfSteel"},{"floor":42,"key":"Fire Potion"}],"is_trial":false,"path_per_floor":["M","?","?","M","$","R","?","M","T","T","R","M","M","M","R","B",null,"M","M","$","?","T","E","R","M","T","M","M","M","R","M","R","B",null,"M","$","?","?","M","R","M","E","T","$","E","M","M","M","R","B","B",null,"R","$","E"],"character_chosen":"DEFECT","items_purchased":["Bronze Scales","Loop","Recycle","Ice Cream","Loop","Defragment","Compile Driver"],"campfire_rested":1,"item_purchase_floors":[5,20,36,36,44,54,54],"current_hp_per_floor":[63,63,68,63,63,63,56,56,56,56,56,55,46,44,44,48,64,62,54,54,54,54,38,38,36,36,26,24,24,44,44,44,16,56,56,56,56,56,56,56,56,47,47,47,37,37,37,37,37,8,9,54,54,54,0,0],"gold":49,"neow_bonus":"HUNDRED_GOLD","is_daily":false,"chose_seed":false,"campfire_upgraded":7,"win_rate":0.0,"timestamp":1610037621,"path_taken":["M","?","?","M","$","R","?","M","T","?","R","M","M","M","R","BOSS","M","M","$","?","?","E","R","M","T","?","M","M","R","M","R","BOSS","M","$","?","?","?","R","M","E","T","?","E","M","M","M","R","BOSS","BOSS","R","$","E"],"items_purchased_type":["Relic","Card","Card","Relic","Card","Card","Card"],"build_version":"2020-12-22","purchased_purges":2,"victory":false,"max_hp_per_floor":[71,64,69,69,69,69,69,69,69,69,69,69,69,69,69,69,69,69,69,69,69,69,69,69,69,69,69,69,69,69,69,69,69,69,69,69,69,69,69,69,69,69,69,69,69,69,69,69,69,69,69,69,69,69,69,69],"card_choices":[{"not_picked":["Hello World","Coolheaded"],"picked":"Conserve Battery","floor":1},{"not_picked":["Conserve Battery","Turbo","Reprogram"],"picked":"SKIP","floor":4},{"not_picked":["Sweeping Beam","Streamline"],"picked":"Cold Snap","floor":8},{"not_picked":["Stack","Fusion"],"picked":"Genetic Algorithm","floor":12},{"not_picked":["Fusion","Redo"],"picked":"Blizzard","floor":13},{"not_picked":["Sweeping Beam","Aggregate"],"picked":"Go for the Eyes","floor":14},{"not_picked":["Rainbow","Hyperbeam"],"picked":"Core Surge","floor":16},{"not_picked":["Streamline","Genetic Algorithm","Consume"],"picked":"SKIP","floor":18},{"not_picked":["Sweeping Beam","Auto Shields"],"picked":"Chill","floor":19},{"not_picked":["Fusion","FTL"],"picked":"Chill","floor":23},{"not_picked":["Conserve Battery","Chaos","Sweeping Beam"],"picked":"SKIP","floor":25},{"not_picked":["Barrage","Static Discharge"],"picked":"Chill+1","floor":27},{"not_picked":["Steam","Reinforced Body","FTL"],"picked":"SKIP","floor":27},{"not_picked":["Rebound","Rip and Tear"],"picked":"Skim","floor":28},{"not_picked":["Cold Snap","Reprogram","Streamline"],"picked":"SKIP","floor":28},{"not_picked":["Leap","Buffer","Redo"],"picked":"SKIP","floor":29},{"not_picked":["Leap","White Noise","Scrape"],"picked":"SKIP","floor":29},{"not_picked":["Reinforced Body","Rebound"],"picked":"Compile Driver","floor":31},{"not_picked":["Skim+1","Consume","Static Discharge"],"picked":"SKIP","floor":31},{"not_picked":["Hyperbeam","Meteor Strike"],"picked":"Electrodynamics","floor":33},{"not_picked":["Cold Snap","Redo"],"picked":"BootSequence+1","floor":35},{"not_picked":["Steam","Conserve Battery","Redo"],"picked":"SKIP","floor":35},{"not_picked":["Echo Form","Steam"],"picked":"Coolheaded+1","floor":39},{"not_picked":["Redo","Ball Lightning","FTL"],"picked":"SKIP","floor":39},{"not_picked":["Hologram+1","Echo Form"],"picked":"Blizzard+1","floor":41},{"not_picked":["Compile Driver","Ball Lightning+1","Doom and Gloom"],"picked":"SKIP","floor":41},{"not_picked":["Lockon","Machine Learning","Rebound"],"picked":"SKIP","floor":42},{"not_picked":["Chill","FTL"],"picked":"Coolheaded+1","floor":45},{"not_picked":["Turbo","Cold Snap","Leap"],"picked":"SKIP","floor":46},{"not_picked":["Gash","Leap","Stack"],"picked":"SKIP","floor":46},{"not_picked":["FTL","Leap"],"picked":"Self Repair","floor":47},{"not_picked":["Fusion","Steam+1","BootSequence"],"picked":"SKIP","floor":47},{"not_picked":["Seek","Storm+1","Streamline"],"picked":"SKIP","floor":48},{"not_picked":["Coolheaded","Barrage+1","Gash+1"],"picked":"SKIP","floor":48}],"player_experience":1187135,"relics_obtained":[{"floor":10,"key":"Toy Ornithopter"},{"floor":22,"key":"Bag of Preparation"},{"floor":23,"key":"DataDisk"},{"floor":26,"key":"Prayer Wheel"},{"floor":37,"key":"Thread and Needle"},{"floor":42,"key":"PreservedInsect"},{"floor":43,"key":"Mummified Hand"},{"floor":45,"key":"Lizard Tail"}],"event_choices":[{"damage_healed":0,"gold_gain":0,"player_choice":"Lose Max HP","damage_taken":0,"relics_obtained":["Golden Idol"],"max_hp_gain":0,"max_hp_loss":7,"event_name":"Golden Idol","floor":2,"gold_loss":0},{"damage_healed":0,"gold_gain":0,"player_choice":"Donut","damage_taken":0,"max_hp_gain":5,"max_hp_loss":0,"event_name":"Big Fish","floor":3,"gold_loss":0},{"cards_removed":["Strike_B"],"damage_healed":0,"gold_gain":0,"player_choice":"Card Removal","damage_taken":7,"max_hp_gain":0,"max_hp_loss":0,"event_name":"Golden Wing","floor":7,"gold_loss":0},{"damage_healed":0,"gold_gain":0,"cards_transformed":["Defend_B","Amplify"],"player_choice":"Became Test Subject","damage_taken":0,"max_hp_gain":0,"max_hp_loss":0,"event_name":"Drug Dealer","floor":21,"gold_loss":0,"cards_obtained":["Fission","Turbo"]},{"damage_healed":0,"gold_gain":0,"player_choice":"Fight","damage_taken":0,"max_hp_gain":0,"max_hp_loss":0,"event_name":"MindBloom","floor":37,"gold_loss":0},{"damage_healed":0,"gold_gain":0,"player_choice":"Copied","damage_taken":0,"max_hp_gain":0,"max_hp_loss":0,"event_name":"Duplicator","floor":38,"gold_loss":0,"cards_obtained":["Chill"]}],"is_beta":false,"boss_relics":[{"not_picked":["SacredBark","Tiny House"],"picked":"Astrolabe"},{"not_picked":["Calling Bell","Pandora\u0027s Box"],"picked":"Runic Pyramid"}],"items_purged_floors":[5,20],"is_endless":false,"potions_floor_spawned":[1,13,25,27,35,42,47],"killed_by":"Shield and Spear","ascension_level":20}}