{"host":"Krakhan","time":1610032446,"event":{"mods":["AchievementEnabler","BaseMod","Colored Map","Colored Powertips","Faster Ascension Climbing","Highlight Path","Minty Spire (QoL Compilation)","Rare Cards Sparkle","Relic Stats","StSLib"],"gold_per_floor":[111,60,79,105,29,62,77,112,165,195,218,218,218,237,237,312,312,328,328,328,111,128,128,155,155,155,155,170,170,170,196,196,269,269,285,285,303,318,336,336,362,362,442,474,474,494,494,526,526,526,526,526,526,88,114,114],"floor_reached":57,"playtime":5164,"items_purged":["Strike_R"],"score":2938,"play_id":"ce569a5c-acd4-4717-9fc7-dfd333d6cb91","local_time":"20210107101406","is_ascension_mode":true,"campfire_choices":[{"data":"Demon Form","floor":13.0,"key":"SMITH"},{"floor":15.0,"key":"REST"},{"floor":23.0,"key":"REST"},{"floor":25.0,"key":"REST"},{"floor":32.0,"key":"REST"},{"floor":40.0,"key":"RECALL"},{"data":"Armaments","floor":42.0,"key":"SMITH"},{"data":"Disarm","floor":45.0,"key":"SMITH"},{"data":"Uppercut","floor":47.0,"key":"SMITH"},{"data":"Heavy Blade","floor":49.0,"key":"SMITH"},{"data":"Shrug It Off","floor":53.0,"key":"SMITH"}],"circlet_count":0,"master_deck":["AscendersBane","Strike_R","Strike_R","Defend_R","Defend_R","Defend_R","Defend_R","Bash","Dropkick","Pommel Strike","Anger","Inflame","Cleave","Shrug It Off+1","Disarm+1","Demon Form+1","Heavy Blade+1","Armaments+1","Clothesline","Whirlwind","Uppercut+1","Ghostly+1","Ghostly+1","Ghostly+1","Disarm+1","Immolate","Bloodletting+1","Impervious+1","Flex+1","Intimidate+1","Metallicize+1","Shockwave+1","Shrug It Off+1","Dual Wield+1","Metallicize+1","Panacea+1","Sword Boomerang","True Grit+1"],"relics":["Burning Blood","NeowsBlessing","Omamori","Pocketwatch","Pear","Du-Vu Doll","Odd Mushroom","Kunai","Philosopher\u0027s Stone","Nilry\u0027s Codex","Bag of Preparation","Toxic Egg 2","PreservedInsect","Runic Pyramid","Blue Candle","Shuriken","Art of War","Bird Faced Urn","Orrery","InkBottle"],"acts_visited":["Exordium","TheCity","TheBeyond","TheEnding"],"potions_floor_usage":[56,56],"damage_taken":[{"damage":0.0,"enemies":"Cultist","floor":1.0,"turns":1.0},{"damage":0.0,"enemies":"2 Louse","floor":3.0,"turns":1.0},{"damage":0.0,"enemies":"Gremlin Nob","floor":6.0,"turns":1.0},{"damage":7.0,"enemies":"Small Slimes","floor":7.0,"turns":3.0},{"damage":22.0,"enemies":"3 Sentries","floor":8.0,"turns":6.0},{"damage":13.0,"enemies":"Lagavulin","floor":10.0,"turns":7.0},{"damage":13.0,"enemies":"The Mushroom Lair","floor":11.0,"turns":4.0},{"damage":22.0,"enemies":"Exordium Thugs","floor":14.0,"turns":6.0},{"damage":6.0,"enemies":"The Guardian","floor":16.0,"turns":6.0},{"damage":42.0,"enemies":"Shell Parasite","floor":18.0,"turns":4.0},{"damage":0.0,"enemies":"3 Byrds","floor":22.0,"turns":3.0},{"damage":27.0,"enemies":"Gremlin Leader","floor":24.0,"turns":5.0},{"damage":18.0,"enemies":"Shelled Parasite and Fungi","floor":28.0,"turns":5.0},{"damage":14.0,"enemies":"Book of Stabbing","floor":31.0,"turns":4.0},{"damage":33.0,"enemies":"Automaton","floor":33.0,"turns":9.0},{"damage":11.0,"enemies":"3 Darklings","floor":35.0,"turns":4.0},{"damage":17.0,"enemies":"3 Shapes","floor":37.0,"turns":6.0},{"damage":3.0,"enemies":"3 Darklings","floor":38.0,"turns":4.0},{"damage":8.0,"enemies":"Transient","floor":39.0,"turns":6.0},{"damage":4.0,"enemies":"Giant Head","floor":41.0,"turns":7.0},{"damage":3.0,"enemies":"Reptomancer","floor":44.0,"turns":7.0},{"damage":5.0,"enemies":"Spire Growth","floor":46.0,"turns":5.0},{"damage":7.0,"enemies":"Giant Head","floor":48.0,"turns":7.0},{"damage":27.0,"enemies":"Time Eater","floor":50.0,"turns":9.0},{"damage":23.0,"enemies":"Donu and Deca","floor":51.0,"turns":12.0},{"damage":19,"enemies":"Shield and Spear","floor":55,"turns":5},{"damage":48,"enemies":"The Heart","floor":56,"turns":13}],"seed_played":"4148788607633794411","potions_obtained":[{"floor":1.0,"key":"Fire Potion"},{"floor":3.0,"key":"CultistPotion"},{"floor":10.0,"key":"BlessingOfTheForge"},{"floor":14.0,"key":"FearPotion"},{"floor":31.0,"key":"Dexterity Potion"},{"floor":37.0,"key":"PowerPotion"},{"floor":46.0,"key":"ColorlessPotion"}],"is_trial":false,"path_per_floor":["M","$","M","T","$","E","M","E","T","E","?","?","R","M","R","B",null,"M","?","?","$","M","R","E","R","T","?","M","?","?","E","R","B",null,"M","?","M","M","M","R","E","R","T","E","R","M","R","E","R","B","B",null,"R","$","E","B",null],"character_chosen":"IRONCLAD","items_purchased":["Pommel Strike","Inflame","Whirlwind","Block Potion","PowerPotion","Dexterity Potion","Orrery","Panacea+1","Sword Boomerang"],"campfire_rested":4,"item_purchase_floors":[2,5,21,21,54,54,54,54,54],"current_hp_per_floor":[74,74,75,75,75,75,74,68,68,61,54,36,36,20,45,45,75,39,39,18,18,24,49,28,53,53,42,30,30,30,22,34,7,33,28,52,41,44,42,42,44,44,44,47,47,48,48,47,47,32,25,45,45,45,36,10],"gold":114,"neow_bonus":"THREE_ENEMY_KILL","is_daily":false,"chose_seed":false,"campfire_upgraded":6,"win_rate":0.0,"timestamp":1610032446,"path_taken":["M","$","?","?","$","E","?","E","T","E","?","?","R","?","R","BOSS","M","?","?","$","M","R","E","R","T","?","M","?","?","E","R","BOSS","M","?","?","?","?","R","E","R","T","E","R","?","R","E","R","BOSS","BOSS","R","$","E","BOSS"],"items_purchased_type":["Card","Card","Card","Potion","Potion","Potion","Relic","Card","Card"],"build_version":"2020-12-18","purchased_purges":1,"victory":true,"max_hp_per_floor":[75,75,75,75,75,75,75,85,85,85,85,85,85,85,85,85,85,85,85,85,85,85,85,85,85,85,42,42,42,42,42,42,42,42,42,52,52,52,52,52,52,52,52,52,52,52,52,52,52,52,52,52,52,52,52,52],"relic_stats":{"counters":[27,150],"Shuriken":[15],"Blue Candle":[0],"Bird Faced Urn":[36],"PreservedInsect":399,"Bag of Preparation":[30],"Art of War":[12],"Kunai":[29],"obtain_stats":[{"Pear":8,"NeowsBlessing":0,"Nilry\u0027s Codex":20,"Blue Candle":41,"PreservedInsect":31,"Omamori":4,"Bag of Preparation":24,"Odd Mushroom":11,"Burning Blood":0,"Du-Vu Doll":10,"Shuriken":43,"Bird Faced Urn":48,"Orrery":54,"Philosopher\u0027s Stone":17,"Art of War":44,"Kunai":12,"Toxic Egg 2":26,"InkBottle":55,"Pocketwatch":6,"Runic Pyramid":34},{"Pear":5,"NeowsBlessing":0,"Nilry\u0027s Codex":10,"Blue Candle":20,"PreservedInsect":14,"Omamori":2,"Bag of Preparation":12,"Odd Mushroom":7,"Burning Blood":0,"Du-Vu Doll":6,"Shuriken":20,"Bird Faced Urn":23,"Orrery":25,"Philosopher\u0027s Stone":9,"Art of War":21,"Kunai":7,"Toxic Egg 2":12,"InkBottle":26,"Pocketwatch":3,"Runic Pyramid":15},{"Pear":12,"NeowsBlessing":0,"Nilry\u0027s Codex":39,"Blue Candle":92,"PreservedInsect":56,"Omamori":2,"Bag of Preparation":47,"Odd Mushroom":23,"Burning Blood":0,"Du-Vu Doll":19,"Shuriken":92,"Bird Faced Urn":111,"Orrery":132,"Philosopher\u0027s Stone":35,"Art of War":99,"Kunai":23,"Toxic Egg 2":47,"InkBottle":137,"Pocketwatch":3,"Runic Pyramid":65}],"Burning Blood":151,"InkBottle":[5],"Pocketwatch":[114]},"card_choices":[{"not_picked":["True Grit","Burning Pact"],"picked":"Dropkick","floor":1.0},{"not_picked":["Bloodletting","Warcry"],"picked":"Anger","floor":3.0},{"not_picked":["Wild Strike","Power Through"],"picked":"Cleave","floor":6.0},{"not_picked":["Shockwave","Heavy Blade"],"picked":"Shrug It Off","floor":7.0},{"not_picked":["Carnage","Heavy Blade"],"picked":"Disarm","floor":8.0},{"not_picked":["Shockwave","Hemokinesis"],"picked":"Demon Form","floor":10.0},{"not_picked":["Wild Strike","Entrench"],"picked":"Heavy Blade","floor":14.0},{"not_picked":["Exhume","Corruption"],"picked":"Demon Form","floor":16.0},{"not_picked":["Flex","Reckless Charge"],"picked":"Armaments","floor":18.0},{"not_picked":["Body Slam","Havoc","Headbutt"],"picked":"SKIP","floor":22.0},{"not_picked":["Juggernaut","Headbutt"],"picked":"Uppercut","floor":24.0},{"not_picked":["Spot Weakness+1","Sever Soul"],"picked":"Disarm+1","floor":28.0},{"not_picked":["Clash","Rampage+1","Iron Wave"],"picked":"SKIP","floor":31.0},{"not_picked":["Juggernaut","Berserk"],"picked":"Impervious+1","floor":33.0},{"not_picked":["Iron Wave","Thunderclap"],"picked":"Flex+1","floor":35.0},{"not_picked":["Clothesline","Fire Breathing"],"picked":"Intimidate+1","floor":37.0},{"not_picked":["Sever Soul","Bloodletting+1","Headbutt"],"picked":"SKIP","floor":38.0},{"not_picked":["Disarm+1","Armaments+1"],"picked":"Metallicize+1","floor":39.0},{"not_picked":["Clothesline","Pommel Strike","Ghostly Armor+1"],"picked":"SKIP","floor":41.0},{"not_picked":["Bludgeon","Warcry+1","Sentinel+1"],"picked":"SKIP","floor":44.0},{"not_picked":["Headbutt","Inflame"],"picked":"Shockwave+1","floor":46.0},{"not_picked":["Wild Strike","Feel No Pain"],"picked":"Shrug It Off+1","floor":48.0},{"not_picked":["Bloodletting+1","Searing Blow"],"picked":"Dual Wield+1","floor":54.0},{"not_picked":["Pummel","Dual Wield+1"],"picked":"Metallicize+1","floor":54.0},{"not_picked":["Spot Weakness+1","Shrug It Off+1"],"picked":"True Grit+1","floor":55}],"player_experience":1277054,"relics_obtained":[{"floor":4.0,"key":"Omamori"},{"floor":6.0,"key":"Pocketwatch"},{"floor":8.0,"key":"Pear"},{"floor":10.0,"key":"Du-Vu Doll"},{"floor":11.0,"key":"Odd Mushroom"},{"floor":20.0,"key":"Nilry\u0027s Codex"},{"floor":24.0,"key":"Bag of Preparation"},{"floor":26.0,"key":"Toxic Egg 2"},{"floor":31.0,"key":"PreservedInsect"},{"floor":41.0,"key":"Blue Candle"},{"floor":43.0,"key":"Shuriken"},{"floor":44.0,"key":"Art of War"},{"floor":48.0,"key":"Bird Faced Urn"},{"floor":55,"key":"InkBottle"}],"event_choices":[{"damage_healed":0.0,"max_hp_gain":0.0,"max_hp_loss":0.0,"gold_gain":0.0,"event_name":"Mushrooms","player_choice":"Fought Mushrooms","floor":11.0,"gold_loss":0.0,"damage_taken":0.0},{"damage_healed":0.0,"max_hp_gain":0.0,"max_hp_loss":0.0,"gold_gain":0.0,"event_name":"Scrap Ooze","player_choice":"Success","floor":12.0,"gold_loss":0.0,"damage_taken":18.0,"relics_obtained":["Kunai"]},{"damage_healed":0.0,"max_hp_gain":0.0,"max_hp_loss":0.0,"gold_gain":0.0,"event_name":"The Library","player_choice":"Read","floor":19.0,"gold_loss":0.0,"damage_taken":0.0,"cards_obtained":["Clothesline"]},{"damage_healed":0.0,"max_hp_gain":0.0,"max_hp_loss":0.0,"gold_gain":0.0,"event_name":"Cursed Tome","player_choice":"Obtained Book","floor":20.0,"gold_loss":0.0,"damage_taken":21.0},{"damage_healed":0.0,"max_hp_gain":0.0,"max_hp_loss":43.0,"gold_gain":0.0,"event_name":"Ghosts","player_choice":"Became a Ghost","floor":27.0,"gold_loss":0.0,"damage_taken":0.0,"cards_obtained":["Ghostly","Ghostly","Ghostly"]},{"damage_healed":0.0,"max_hp_gain":0.0,"max_hp_loss":0.0,"gold_gain":0.0,"cards_transformed":["Strike_R","Strike_R"],"event_name":"Drug Dealer","player_choice":"Became Test Subject","floor":29.0,"gold_loss":0.0,"damage_taken":0.0,"cards_obtained":["Immolate","Bloodletting"]},{"damage_healed":0.0,"max_hp_gain":0.0,"max_hp_loss":0.0,"gold_gain":0.0,"event_name":"Vampires","player_choice":"Ignored","floor":30.0,"gold_loss":0.0,"damage_taken":0.0},{"cards_removed":["Demon Form"],"damage_healed":14.0,"max_hp_gain":10.0,"max_hp_loss":0.0,"gold_gain":0.0,"event_name":"Bonfire Elementals","player_choice":"Offered Rare","floor":36.0,"gold_loss":0.0,"damage_taken":0.0}],"is_beta":true,"boss_relics":[{"not_picked":["Fusion Hammer","Mark of Pain"],"picked":"Philosopher\u0027s Stone"},{"not_picked":["Velvet Choker","Cursed Key"],"picked":"Runic Pyramid"}],"items_purged_floors":[21],"is_endless":false,"potions_floor_spawned":[1,3,10,14,22,31,37,39,46,55],"ascension_level":20}}