{"host":"xx5zt3jtdyh8iun7","time":1610036357,"event":{"mods":["AchievementEnabler","Act Like it!","BaseMod","Gensokyo","Koishi","Minty Spire (QoL Compilation)","StSLib","The Senshi"],"gold_per_floor":[114,44,60,74,174,174,208,208,231,266,266,283,143,8,8,104,104,119,138,138,25,25,25,57,73,96,122,122,44,58,78,78,179,179,191,208,220,18,34,59,59,89,115,115,161,173,173,202,202,202],"floor_reached":51,"playtime":5097,"items_purged":["Regret"],"score":872,"play_id":"c83cd16d-eb6b-4f33-b6a3-8c1749d42a20","local_time":"20210107171917","is_ascension_mode":true,"campfire_choices":[{"data":"theSenshi:VenusGlamour","floor":6,"key":"SMITH"},{"data":"theSenshi:InTheNameOfTheMoon","floor":8,"key":"SMITH"},{"data":"theSenshi:RoseThrow","floor":11,"key":"SMITH"},{"data":"theSenshi:MoonPrincessHalation","floor":15,"key":"SMITH"},{"data":"theSenshi:SailorStarHealerAssists","floor":23,"key":"SMITH"},{"floor":28,"key":"REST"},{"data":"theSenshi:YouCanTalk","floor":32,"key":"SMITH"},{"floor":44,"key":"DIG"},{"floor":49,"key":"DIG"}],"circlet_count":0,"master_deck":["theSenshi:SailorKick","theSenshi:SailorKick","theSenshi:SailorBlock+1","theSenshi:SailorBlock","theSenshi:SailorBlock","theSenshi:SailorBlock","theSenshi:RoseThrow+1","theSenshi:MoonPrismPowerMakeUp","Sadistic Nature","theSenshi:SailorMercuryAssists+1","theSenshi:LunasBite","theSenshi:VenusGlamour+1","theSenshi:InTheNameOfTheMoon+1","theSenshi:MoonlightKnight+1","theSenshi:MoonPrincessHalation+1","theSenshi:SailorStarHealerAssists+1","theSenshi:SteeledNerves+1","theSenshi:LateForSchool+1","theSenshi:MoonCosmicPowerMakeUp+1","theSenshi:Overload","theSenshi:SaturnsMystery","theSenshi:YouCanTalk+1","theSenshi:MoonHealingEscalation","theSenshi:StudyParty+1","theSenshi:InTheNickOfTime","theSenshi:LunaSensingAllies","theSenshi:CrisisMakeUp+1","theSenshi:MoonTiaraMagic+1","theSenshi:LateForSchool","theSenshi:MoonlightKnight+1","Apotheosis","theSenshi:SchoolBag","theSenshi:Overload","Purity","Finesse","Violence","theSenshi:InTheNickOfTime+1","theSenshi:MoonTwilightFlash+1","theSenshi:SailorSaturnAssists"],"relics":["theSenshi:TransformationBroochRelic","Regal Pillow","PreservedInsect","Frozen Egg 2","Torii","HandDrill","Philosopher\u0027s Stone","MealTicket","Shovel","Anchor","theSenshi:TransformationPenRelic","Runic Pyramid","Bottled Tornado","Pocketwatch","Darkstone Periapt","theSenshi:EternalTiareRelic","theSenshi:RoseRelic","Art of War"],"acts_visited":["Gensokyo:Gensokyo","TheCity","TheBeyond"],"potions_floor_usage":[10,16,24,27,27,35,42,45,45,48],"damage_taken":[{"damage":2,"enemies":"Gensokyo:3_Fairies","floor":1,"turns":4},{"damage":5,"enemies":"Gensokyo:2_Kodama","floor":3,"turns":4},{"damage":2,"enemies":"Gensokyo:Gryphon","floor":4,"turns":3},{"damage":2,"enemies":"Gensokyo:Cirno","floor":7,"turns":7},{"damage":3,"enemies":"Gensokyo:Mamizou","floor":10,"turns":7},{"damage":10,"enemies":"Gensokyo:5_Fairies","floor":12,"turns":7},{"damage":29,"enemies":"Gensokyo:Yukari","floor":16,"turns":8},{"damage":11,"enemies":"3 Byrds","floor":18,"turns":5},{"damage":14,"enemies":"Spheric Guardian","floor":19,"turns":4},{"damage":10,"enemies":"Slavers","floor":24,"turns":4},{"damage":21,"enemies":"Snake Plant","floor":25,"turns":5},{"damage":61,"enemies":"Gremlin Leader","floor":27,"turns":6},{"damage":42,"enemies":"Cultist and Chosen","floor":30,"turns":9},{"damage":7,"enemies":"Centurion and Healer","floor":31,"turns":7},{"damage":67,"enemies":"Automaton","floor":33,"turns":10},{"damage":18,"enemies":"3 Shapes","floor":35,"turns":4},{"damage":23,"enemies":"3 Darklings","floor":36,"turns":8},{"damage":61,"enemies":"Transient","floor":37,"turns":5},{"damage":29,"enemies":"4 Shapes","floor":39,"turns":10},{"damage":24,"enemies":"Reptomancer","floor":40,"turns":5},{"damage":5,"enemies":"Nemesis","floor":42,"turns":5},{"damage":25,"enemies":"2 Orb Walkers","floor":45,"turns":5},{"damage":1,"enemies":"3 Darklings","floor":46,"turns":5},{"damage":46,"enemies":"Reptomancer","floor":48,"turns":9},{"damage":29,"enemies":"Donu and Deca","floor":50,"turns":8}],"seed_played":"-1100090601680062834","potions_obtained":[{"floor":4,"key":"Fire Potion"},{"floor":7,"key":"DuplicationPotion"},{"floor":16,"key":"FearPotion"},{"floor":19,"key":"DistilledChaos"},{"floor":25,"key":"Strength Potion"},{"floor":33,"key":"FearPotion"},{"floor":37,"key":"LiquidBronze"},{"floor":39,"key":"LiquidBronze"},{"floor":42,"key":"PowerPotion"},{"floor":45,"key":"FearPotion"}],"is_trial":false,"path_per_floor":["M","?","M","M","?","R","E","R","T","E","R","M","?","COS","R","B",null,"M","M","?","$","?","R","E","M","T","E","R","$","M","M","R","B",null,"M","M","M","$","M","E","?","E","T","R","?","M","?","E","R","B",null],"character_chosen":"THE_SENSHI","items_purchased":["theSenshi:MoonCosmicPowerMakeUp+1","theSenshi:MoonHealingEscalation","theSenshi:MoonlightKnight+1","Apotheosis"],"campfire_rested":1,"item_purchase_floors":[21,29,38,38],"current_hp_per_floor":[73,73,68,66,66,66,64,64,64,61,61,51,51,51,51,22,75,69,60,60,75,75,75,65,49,49,3,40,55,25,44,44,17,75,75,73,40,55,61,69,59,75,75,75,74,75,75,74,74,75],"gold":202,"neow_bonus":"RANDOM_COLORLESS_2","is_daily":false,"chose_seed":false,"campfire_upgraded":6,"win_rate":0.0,"timestamp":1610036357,"path_taken":["M","?","M","M","?","R","E","R","T","E","R","M","?","COS","R","BOSS","M","?","?","$","?","R","E","M","T","E","R","$","?","M","R","BOSS","M","M","M","$","M","E","?","E","T","R","?","M","?","E","R","BOSS"],"items_purchased_type":["Card","Card","Card","Card"],"build_version":"2020-12-22","purchased_purges":1,"victory":true,"max_hp_per_floor":[75,75,75,75,75,75,75,75,75,75,75,75,75,75,75,75,75,75,75,75,75,75,75,75,75,75,75,75,75,75,75,75,75,75,75,75,75,75,75,75,75,75,75,75,75,75,75,75,75,75],"card_choices":[{"not_picked":["Violence","Secret Technique"],"picked":"Sadistic Nature","floor":0},{"not_picked":["theSenshi:LunasBite","theSenshi:Sidestep"],"picked":"theSenshi:SailorMercuryAssists","floor":1},{"not_picked":["theSenshi:LunaWiseMentor","theSenshi:SailorPlanetPower"],"picked":"theSenshi:LunasBite","floor":3},{"not_picked":["theSenshi:YouCanTalk","theSenshi:LunasBite"],"picked":"theSenshi:VenusGlamour","floor":4},{"not_picked":["theSenshi:Sidestep","theSenshi:VenusGlamour"],"picked":"theSenshi:InTheNameOfTheMoon","floor":7},{"not_picked":["theSenshi:ChibiMoonsLove","theSenshi:SailorJupiterAssists"],"picked":"theSenshi:MoonlightKnight+1","floor":10},{"not_picked":["theSenshi:TallSilhouette","theSenshi:SailorPlanetPower"],"picked":"theSenshi:MoonPrincessHalation","floor":12},{"not_picked":["theSenshi:InTheNameOfTheMoon","theSenshi:MoonGorgeousMeditation"],"picked":"theSenshi:SailorStarHealerAssists","floor":16},{"not_picked":["theSenshi:EncouragingSpeech","theSenshi:NeptunesGrace+1"],"picked":"theSenshi:SteeledNerves+1","floor":18},{"not_picked":["theSenshi:TallSilhouette","theSenshi:SailorMarsAssists"],"picked":"theSenshi:LateForSchool+1","floor":19},{"not_picked":["theSenshi:LunasBite","theSenshi:MercurysCunning"],"picked":"theSenshi:Overload","floor":24},{"not_picked":["theSenshi:SailorVenusAssists","theSenshi:LateForSchool"],"picked":"theSenshi:SaturnsMystery","floor":25},{"not_picked":["theSenshi:SailorChibiMoonAssists","theSenshi:SailorVenusAssists+1"],"picked":"theSenshi:YouCanTalk","floor":27},{"not_picked":["theSenshi:MoonTiaraMagic+1","theSenshi:MoonPower"],"picked":"theSenshi:StudyParty+1","floor":30},{"not_picked":["theSenshi:Sidestep","theSenshi:NeptunesGrace+1"],"picked":"theSenshi:InTheNickOfTime","floor":31},{"not_picked":["theSenshi:InTheNameOfTheMoon","theSenshi:SailorCosmosAssists"],"picked":"theSenshi:LunaSensingAllies","floor":33},{"not_picked":["theSenshi:MoonlightKnight+1","theSenshi:MoonKick+1"],"picked":"theSenshi:CrisisMakeUp+1","floor":35},{"not_picked":["theSenshi:SailorV+1","theSenshi:SailorVenusAssists+1"],"picked":"theSenshi:MoonTiaraMagic+1","floor":36},{"not_picked":["theSenshi:Sidestep","theSenshi:MoonPrincessHalation+1"],"picked":"theSenshi:LateForSchool","floor":37},{"not_picked":["theSenshi:SailorMercuryAssists+1","theSenshi:GatheringStrength+1"],"picked":"theSenshi:SchoolBag","floor":39},{"not_picked":["theSenshi:PlutosSolemnity","theSenshi:MoonTiaraMagic+1"],"picked":"theSenshi:Overload","floor":40},{"not_picked":["Madness","Good Instincts"],"picked":"Purity","floor":41},{"not_picked":["Blind","HandOfGreed"],"picked":"Finesse","floor":41},{"not_picked":["Bandage Up","PanicButton"],"picked":"Violence","floor":41},{"not_picked":["theSenshi:LunasBite","theSenshi:MoonTiaraMagic"],"picked":"theSenshi:InTheNickOfTime+1","floor":42},{"not_picked":["theSenshi:SailorPlanetAttack","theSenshi:SailorJupiterAssists+1"],"picked":"theSenshi:MoonTwilightFlash+1","floor":46},{"not_picked":["theSenshi:MoonPunch","theSenshi:SailorCosmosAssists"],"picked":"theSenshi:SailorSaturnAssists","floor":48}],"player_experience":650909,"relics_obtained":[{"floor":7,"key":"Regal Pillow"},{"floor":9,"key":"PreservedInsect"},{"floor":10,"key":"Frozen Egg 2"},{"floor":24,"key":"Shovel"},{"floor":26,"key":"Anchor"},{"floor":27,"key":"theSenshi:TransformationPenRelic"},{"floor":40,"key":"Bottled Tornado"},{"floor":42,"key":"Pocketwatch"},{"floor":44,"key":"Darkstone Periapt"},{"floor":45,"key":"theSenshi:EternalTiareRelic"},{"floor":48,"key":"theSenshi:RoseRelic"},{"floor":49,"key":"Art of War"}],"event_choices":[{"damage_healed":0,"gold_gain":0,"player_choice":"Opened","damage_taken":0,"relics_obtained":["MealTicket"],"max_hp_gain":0,"max_hp_loss":0,"event_name":"The Mausoleum","floor":20,"gold_loss":0},{"cards_removed":["theSenshi:SailorKick"],"damage_healed":0,"gold_gain":0,"player_choice":"Card Removal","damage_taken":0,"max_hp_gain":0,"max_hp_loss":0,"event_name":"Wheel of Change","floor":22,"gold_loss":0},{"damage_healed":0,"gold_gain":0,"player_choice":"Memory 3","damage_taken":10,"max_hp_gain":0,"max_hp_loss":0,"event_name":"SensoryStone","floor":41,"gold_loss":0},{"damage_healed":0,"gold_gain":0,"player_choice":"Fight","damage_taken":0,"max_hp_gain":0,"max_hp_loss":0,"event_name":"Mysterious Sphere","floor":45,"gold_loss":0},{"cards_removed":["theSenshi:SailorKick"],"damage_healed":0,"gold_gain":0,"player_choice":"Removed Attack","damage_taken":0,"max_hp_gain":0,"max_hp_loss":0,"event_name":"Falling","floor":47,"gold_loss":0}],"is_beta":false,"boss_relics":[{"not_picked":["Empty Cage","Cursed Key"],"picked":"Philosopher\u0027s Stone"},{"not_picked":["Busted Crown","Coffee Dripper"],"picked":"Runic Pyramid"}],"items_purged_floors":[21],"is_endless":false,"potions_floor_spawned":[4,7,16,19,25,33,37,39,42,45],"ascension_level":1}}