{"host":"gkp57zoegrd3f2ij","time":1610026837,"event":{"mods":["BaseMod","Colored Map","Colored Powertips","Minty Spire (QoL Compilation)","StSLib"],"gold_per_floor":[117,117,117,133,113,113,148,148,148,183,183,196,214,225,225,323,323,342,31,31,31,31,31,64,64,88,100,120,120,131,149,149,249,249,268,278,328,328,0,0,0],"floor_reached":40,"playtime":2072,"items_purged":[],"score":501,"play_id":"8d86058c-e1d8-4876-9af4-80c778241a27","local_time":"20210107144037","is_ascension_mode":true,"campfire_choices":[{"data":"Zap","floor":6,"key":"SMITH"},{"floor":8,"key":"REST"},{"floor":11,"key":"REST"},{"data":"Zap","floor":15,"key":"SMITH"},{"data":"Consume","floor":23,"key":"SMITH"},{"data":"Self Repair","floor":25,"key":"SMITH"},{"data":"Dualcast","floor":29,"key":"SMITH"},{"data":"Go for the Eyes","floor":32,"key":"SMITH"}],"circlet_count":0,"master_deck":["Strike_B+1","Strike_B+1","Defend_B+1","Defend_B+1","Defend_B+1","Defend_B+1","Zap+1","Dualcast+1","Go for the Eyes+1","Zap+1","All For One","Ball Lightning","Glacier","Consume+1","Self Repair+1","Capacitor","Zap+1","Steam+1","Cold Snap+1","Sunder","Self Repair","Conserve Battery+1","BootSequence+1","Lockon+1"],"relics":["Cracked Core","Blood Vial","StoneCalendar","White Beast Statue","Mango","Sozu","DollysMirror","Bronze Scales","Strawberry","Art of War","Tiny Chest","Empty Cage","Turnip","Red Mask"],"acts_visited":["Exordium","TheCity","TheBeyond"],"potions_floor_usage":[5,7,7,14,16,18,18,28],"damage_taken":[{"damage":10,"enemies":"Small Slimes","floor":1,"turns":4},{"damage":4,"enemies":"Jaw Worm","floor":4,"turns":3},{"damage":19,"enemies":"Gremlin Nob","floor":7,"turns":4},{"damage":32,"enemies":"3 Sentries","floor":10,"turns":7},{"damage":0,"enemies":"Cultist","floor":12,"turns":3},{"damage":4,"enemies":"Blue Slaver","floor":13,"turns":3},{"damage":14,"enemies":"Red Slaver","floor":14,"turns":2},{"damage":41,"enemies":"Hexaghost","floor":16,"turns":8},{"damage":8,"enemies":"3 Byrds","floor":18,"turns":5},{"damage":8,"enemies":"Book of Stabbing","floor":24,"turns":4},{"damage":12,"enemies":"2 Thieves","floor":27,"turns":4},{"damage":6,"enemies":"Sentry and Sphere","floor":28,"turns":4},{"damage":17,"enemies":"Shelled Parasite and Fungi","floor":30,"turns":4},{"damage":23,"enemies":"Centurion and Healer","floor":31,"turns":5},{"damage":39,"enemies":"Automaton","floor":33,"turns":10},{"damage":31,"enemies":"3 Shapes","floor":35,"turns":4},{"damage":16,"enemies":"3 Darklings","floor":36,"turns":6},{"damage":35,"enemies":"Mind Bloom Boss Battle","floor":37,"turns":7},{"damage":79,"enemies":"Reptomancer","floor":40,"turns":4}],"seed_played":"3249707626088917038","potions_obtained":[{"floor":5,"key":"EntropicBrew"},{"floor":10,"key":"SteroidPotion"},{"floor":12,"key":"ColorlessPotion"},{"floor":13,"key":"Energy Potion"},{"floor":14,"key":"CultistPotion"},{"floor":16,"key":"CultistPotion"}],"is_trial":false,"path_per_floor":["M","?","?","M","?","R","E","R","T","E","R","M","M","M","R","B",null,"M","$","$","?","?","R","E","R","T","M","M","R","M","M","R","B",null,"M","M","?","?","?","E"],"character_chosen":"DEFECT","items_purchased":["DollysMirror","Bronze Scales"],"campfire_rested":2,"item_purchase_floors":[19,19],"current_hp_per_floor":[65,65,65,63,63,63,46,68,68,52,78,80,85,80,80,48,89,88,88,88,88,95,95,95,95,95,94,96,96,89,78,78,58,96,82,85,69,69,69,0,0],"gold":0,"neow_bonus":"RANDOM_COMMON_RELIC","is_daily":false,"chose_seed":false,"campfire_upgraded":6,"win_rate":0.0,"timestamp":1610026837,"path_taken":["M","?","?","?","?","R","E","R","T","E","R","M","M","?","R","BOSS","M","?","$","?","?","R","E","R","T","M","M","R","M","M","R","BOSS","M","M","?","?","?","E"],"items_purchased_type":["Relic","Relic"],"build_version":"2020-12-22","purchased_purges":0,"victory":false,"max_hp_per_floor":[75,75,75,75,75,75,75,75,75,89,89,89,89,89,89,89,89,89,89,89,89,96,96,96,96,96,96,96,96,96,96,96,96,96,96,96,96,96,96,96,96],"card_choices":[{"not_picked":["Coolheaded","Storm"],"picked":"Go for the Eyes","floor":1},{"not_picked":["Streamline","Undo"],"picked":"Ball Lightning","floor":4},{"not_picked":["Streamline","Hologram"],"picked":"Glacier","floor":7},{"not_picked":["Rebound","Force Field"],"picked":"Consume","floor":10},{"not_picked":["Sweeping Beam","Rebound"],"picked":"Self Repair","floor":12},{"not_picked":["Barrage","Go for the Eyes","Tempest"],"picked":"SKIP","floor":13},{"not_picked":["Gash","Turbo","Stack"],"picked":"SKIP","floor":14},{"not_picked":["Sweeping Beam","Gash"],"picked":"Capacitor","floor":18},{"not_picked":["Ball Lightning+1","Go for the Eyes"],"picked":"Steam+1","floor":24},{"not_picked":["Fusion","Skim","Steam"],"picked":"SKIP","floor":27},{"not_picked":["Leap","Chaos"],"picked":"Cold Snap+1","floor":28},{"not_picked":["Capacitor+1","Turbo"],"picked":"Sunder","floor":30},{"not_picked":["Blizzard","Turbo"],"picked":"Self Repair","floor":31},{"not_picked":["Cold Snap","Reinforced Body"],"picked":"Conserve Battery+1","floor":35},{"not_picked":["Heatsinks","Barrage"],"picked":"BootSequence+1","floor":36},{"not_picked":["Hello World","Darkness"],"picked":"Lockon+1","floor":37}],"player_experience":303380,"relics_obtained":[{"floor":7,"key":"StoneCalendar"},{"floor":9,"key":"White Beast Statue"},{"floor":10,"key":"Mango"},{"floor":24,"key":"Art of War"},{"floor":26,"key":"Tiny Chest"},{"floor":37,"key":"Turnip"}],"event_choices":[{"damage_healed":0,"gold_gain":0,"player_choice":"Ignored","damage_taken":0,"max_hp_gain":0,"max_hp_loss":0,"event_name":"Liars Game","floor":2,"gold_loss":0},{"damage_healed":0,"gold_gain":0,"player_choice":"2 cards matched","damage_taken":0,"max_hp_gain":0,"max_hp_loss":0,"event_name":"Match and Keep!","floor":3,"gold_loss":0,"cards_obtained":["Zap","All For One"]},{"damage_healed":0,"gold_gain":0,"player_choice":"Bought 1 Potion","damage_taken":0,"max_hp_gain":0,"max_hp_loss":0,"event_name":"The Woman in Blue","floor":5,"gold_loss":0},{"damage_healed":0,"gold_gain":0,"player_choice":"Simplicity","damage_taken":0,"max_hp_gain":0,"max_hp_loss":0,"event_name":"Back to Basics","floor":21,"gold_loss":0,"cards_upgraded":["Strike_B","Strike_B","Strike_B","Strike_B","Defend_B","Defend_B","Defend_B","Defend_B"]},{"damage_healed":0,"gold_gain":0,"player_choice":"Opened","damage_taken":0,"relics_obtained":["Strawberry"],"max_hp_gain":0,"max_hp_loss":0,"event_name":"The Mausoleum","floor":22,"gold_loss":0,"cards_obtained":["Writhe"]},{"damage_healed":0,"gold_gain":0,"player_choice":"Fight","damage_taken":0,"max_hp_gain":0,"max_hp_loss":0,"event_name":"MindBloom","floor":37,"gold_loss":0},{"cards_removed":["Strike_B"],"damage_healed":0,"gold_gain":0,"player_choice":"Removed Attack","damage_taken":0,"max_hp_gain":0,"max_hp_loss":0,"event_name":"Falling","floor":38,"gold_loss":0},{"damage_healed":0,"gold_gain":0,"player_choice":"Paid","damage_taken":0,"relics_obtained":["Red Mask"],"max_hp_gain":0,"max_hp_loss":0,"event_name":"Tomb of Lord Red Mask","floor":39,"gold_loss":328}],"is_beta":false,"boss_relics":[{"not_picked":["Fusion Hammer","Tiny House"],"picked":"Sozu"},{"not_picked":["SlaversCollar","Nuclear Battery"],"picked":"Empty Cage"}],"items_purged_floors":[],"is_endless":false,"potions_floor_spawned":[10,12,13,14,16,18,24,27,28,30,31,33,35,36,37],"killed_by":"Reptomancer","ascension_level":3}}