{"host":"gl7gfqdgzaxu5sie","time":1610001418,"event":{"mods":["AchievementEnabler","BaseMod","Colored Map","DeckTracker","Minty Spire (QoL Compilation)"],"gold_per_floor":[119,132,148,148,159,185,185,213,213,238,257,268,218,318,318,420,420,436,451,451,451],"floor_reached":20,"playtime":1508,"items_purged":[],"score":294,"play_id":"9b8a2781-c5ab-46d0-bef1-a451e818cabe","local_time":"20210107153658","is_ascension_mode":true,"campfire_choices":[{"data":"Flex","floor":7,"key":"SMITH"},{"floor":15,"key":"REST"}],"circlet_count":0,"master_deck":["AscendersBane","Bash","Cleave","Twin Strike","Heavy Blade","Brutality","Flex+1","Reaper","Flame Barrier","Seeing Red","Double Tap","Clash","Reckless Charge","Flex","Cleave","Warcry","Carnage","Havoc","Shrug It Off"],"relics":["Burning Blood","White Beast Statue","Juzu Bracelet","Paper Frog","Gremlin Horn","Pandora\u0027s Box"],"acts_visited":["Exordium","TheCity"],"potions_floor_usage":[6,8,8,11,16,18,20],"damage_taken":[{"damage":0,"enemies":"Small Slimes","floor":1,"turns":3},{"damage":6,"enemies":"Cultist","floor":2,"turns":3},{"damage":7,"enemies":"Jaw Worm","floor":3,"turns":3},{"damage":1,"enemies":"Exordium Wildlife","floor":5,"turns":2},{"damage":25,"enemies":"Gremlin Nob","floor":6,"turns":5},{"damage":28,"enemies":"Lagavulin","floor":8,"turns":5},{"damage":49,"enemies":"Gremlin Nob","floor":10,"turns":5},{"damage":6,"enemies":"Lots of Slimes","floor":11,"turns":3},{"damage":7,"enemies":"3 Louse","floor":12,"turns":3},{"damage":33,"enemies":"The Guardian","floor":16,"turns":10},{"damage":26,"enemies":"3 Byrds","floor":18,"turns":4},{"damage":33,"enemies":"Spheric Guardian","floor":19,"turns":4},{"damage":43,"enemies":"Snecko","floor":20,"turns":5}],"seed_played":"9081165320309245453","potions_obtained":[{"floor":1,"key":"EssenceOfSteel"},{"floor":5,"key":"EssenceOfSteel"},{"floor":8,"key":"Fruit Juice"},{"floor":10,"key":"Weak Potion"},{"floor":11,"key":"PowerPotion"},{"floor":12,"key":"Dexterity Potion"},{"floor":16,"key":"LiquidMemories"},{"floor":18,"key":"LiquidBronze"},{"floor":19,"key":"ElixirPotion"}],"is_trial":false,"path_per_floor":["M","M","M","?","M","E","R","E","T","E","M","M","?","?","R","B",null,"M","M","M"],"character_chosen":"IRONCLAD","items_purchased":[],"campfire_rested":1,"item_purchase_floors":[],"current_hp_per_floor":[86,86,85,85,88,69,69,52,52,9,18,29,29,29,56,29,77,60,33,0,0],"gold":451,"neow_bonus":"TEN_PERCENT_HP_BONUS","is_daily":false,"chose_seed":false,"campfire_upgraded":1,"win_rate":0.0,"timestamp":1610001418,"path_taken":["M","M","M","?","M","E","R","E","T","E","M","M","?","?","R","BOSS","M","M","M"],"items_purchased_type":[],"build_version":"2020-12-22","purchased_purges":0,"victory":false,"max_hp_per_floor":[88,88,88,88,88,88,88,93,93,93,93,93,93,93,93,93,93,93,93,93,93],"card_choices":[{"not_picked":["Ghostly Armor","Body Slam"],"picked":"Cleave","floor":1},{"not_picked":["Combust","Anger"],"picked":"Twin Strike","floor":2},{"not_picked":["Body Slam","Havoc"],"picked":"Heavy Blade","floor":3},{"not_picked":["Whirlwind","Havoc"],"picked":"Brutality","floor":5},{"not_picked":["Rage","Clash"],"picked":"Flex","floor":6},{"not_picked":["Iron Wave","Shockwave"],"picked":"Reaper","floor":8},{"not_picked":["Body Slam","Shrug It Off"],"picked":"Flame Barrier","floor":10},{"not_picked":["Perfected Strike","Carnage","Heavy Blade"],"picked":"SKIP","floor":11},{"not_picked":["Wild Strike","Warcry"],"picked":"Seeing Red","floor":12},{"not_picked":["Immolate","Feed"],"picked":"Double Tap","floor":16},{"not_picked":["Clash+1","Pommel Strike","Cleave"],"picked":"SKIP","floor":18},{"not_picked":["Headbutt","Twin Strike"],"picked":"Shrug It Off","floor":19}],"player_experience":579341,"relics_obtained":[{"floor":6,"key":"White Beast Statue"},{"floor":8,"key":"Juzu Bracelet"},{"floor":9,"key":"Paper Frog"},{"floor":10,"key":"Gremlin Horn"}],"event_choices":[{"cards_removed":["Strike_R"],"damage_healed":0,"gold_gain":0,"player_choice":"Purged","damage_taken":0,"max_hp_gain":0,"max_hp_loss":0,"event_name":"Purifier","floor":4,"gold_loss":0},{"cards_removed":["Strike_R"],"damage_healed":0,"gold_gain":0,"player_choice":"Card Removal","damage_taken":0,"max_hp_gain":0,"max_hp_loss":0,"event_name":"The Cleric","floor":13,"gold_loss":50},{"damage_healed":0,"gold_gain":100,"player_choice":"Pray","damage_taken":0,"max_hp_gain":0,"max_hp_loss":0,"event_name":"Golden Shrine","floor":14,"gold_loss":0}],"is_beta":false,"boss_relics":[{"not_picked":["SlaversCollar","Snecko Eye"],"picked":"Pandora\u0027s Box"}],"items_purged_floors":[],"is_endless":false,"potions_floor_spawned":[1,5,8,10,11,12,16,18,19],"killed_by":"Snecko","ascension_level":10}}