{"host":"hzinic87vu8p95wn","time":1610025295,"event":{"mods":["BaseMod","Minty Spire (QoL Compilation)"],"gold_per_floor":[116,116,116,216,226,251,251,263,341,361,361,380,410,3,3,78,78,94,94,44,58,8,8,8,8,32,48,48,48,48,48],"floor_reached":30,"playtime":1387,"items_purged":["Strike_B","Strike_B","Defend_B"],"score":448,"play_id":"dd7e3140-10e4-4e86-bf92-db12f7490c88","local_time":"20210108001455","is_ascension_mode":true,"campfire_choices":[{"floor":7.0,"key":"REST"},{"floor":11.0,"key":"REST"},{"floor":15.0,"key":"REST"},{"data":"Hologram","floor":23.0,"key":"SMITH"},{"floor":29.0,"key":"REST"}],"circlet_count":0,"master_deck":["AscendersBane","Strike_B","Defend_B","Defend_B","Defend_B+1","Zap+1","Dualcast","Machine Learning","FTL","Conserve Battery","Gash","Ball Lightning","Cold Snap","Hologram+1","Defragment","Buffer","Self Repair","Streamline","Shame","Go for the Eyes"],"relics":["Cracked Core","Orichalcum","Pantograph","Smiling Mask","Mummified Hand","Dream Catcher","War Paint"],"acts_visited":["Exordium","TheCity"],"potions_floor_usage":[30,30],"damage_taken":[{"damage":0.0,"enemies":"Small Slimes","floor":1.0,"turns":3.0},{"damage":1.0,"enemies":"Cultist","floor":5.0,"turns":3.0},{"damage":34.0,"enemies":"Lagavulin","floor":6.0,"turns":8.0},{"damage":3.0,"enemies":"2 Louse","floor":8.0,"turns":3.0},{"damage":13.0,"enemies":"Large Slime","floor":10.0,"turns":6.0},{"damage":7.0,"enemies":"Blue Slaver","floor":12.0,"turns":3.0},{"damage":19.0,"enemies":"Gremlin Nob","floor":13.0,"turns":4.0},{"damage":50.0,"enemies":"Slime Boss","floor":16.0,"turns":11.0},{"damage":13.0,"enemies":"Spheric Guardian","floor":18.0,"turns":5.0},{"damage":20.0,"enemies":"Shell Parasite","floor":21.0,"turns":5.0},{"damage":21.0,"enemies":"Snake Plant","floor":27.0,"turns":4.0},{"damage":75,"enemies":"Gremlin Leader","floor":30,"turns":7}],"seed_played":"2312932651040212817","potions_obtained":[{"floor":1.0,"key":"DuplicationPotion"},{"floor":8.0,"key":"Swift Potion"},{"floor":10.0,"key":"ColorlessPotion"},{"floor":18.0,"key":"Strength Potion"},{"floor":19.0,"key":"Fruit Juice"},{"floor":19.0,"key":"BlessingOfTheForge"}],"is_trial":false,"path_per_floor":["M","?","?","?","M","E","R","M","T","M","R","M","E","$","R","B",null,"M","?","$","M","$","R","?","?","T","M","?","R","E"],"character_chosen":"DEFECT","items_purchased":["Defragment","Mummified Hand"],"campfire_rested":4,"item_purchase_floors":[14,14],"current_hp_per_floor":[64,57,62,62,61,27,49,46,46,33,55,48,29,29,51,26,64,51,56,56,43,43,43,43,43,43,29,45,69,0,0],"gold":48,"neow_bonus":"ONE_RANDOM_RARE_CARD","is_daily":false,"chose_seed":false,"campfire_upgraded":1,"win_rate":0.0,"timestamp":1610025295,"path_taken":["M","?","?","?","M","E","R","M","T","M","R","M","E","$","R","BOSS","M","?","$","M","?","R","?","?","T","M","?","R","E"],"items_purchased_type":["Card","Relic"],"build_version":"2020-12-22","purchased_purges":3,"victory":false,"max_hp_per_floor":[71,71,76,76,76,76,76,76,76,76,76,76,76,76,76,76,76,76,81,81,81,81,81,81,81,81,81,81,81,81,81],"card_choices":[{"not_picked":["Stack","Turbo"],"picked":"FTL","floor":1.0},{"not_picked":["Storm","Redo","Hello World"],"picked":"SKIP","floor":5.0},{"not_picked":["Gash","Multi-Cast"],"picked":"Conserve Battery","floor":6.0},{"not_picked":["Heatsinks","Reprogram"],"picked":"Gash","floor":8.0},{"not_picked":["Chill","Darkness"],"picked":"Ball Lightning","floor":10.0},{"not_picked":["Turbo","Redo"],"picked":"Cold Snap","floor":12.0},{"not_picked":["Doom and Gloom","Steam"],"picked":"Hologram","floor":13.0},{"not_picked":["All For One","Multi-Cast"],"picked":"Buffer","floor":16.0},{"not_picked":["Recycle","Ball Lightning"],"picked":"Self Repair","floor":18.0},{"not_picked":["Fusion","Aggregate"],"picked":"Streamline","floor":21.0},{"not_picked":["Aggregate","Doom and Gloom","Go for the Eyes"],"picked":"SKIP","floor":27.0},{"not_picked":["Aggregate","Doom and Gloom"],"picked":"Go for the Eyes","floor":27.0}],"player_experience":1553041,"relics_obtained":[{"floor":6.0,"key":"Orichalcum"},{"floor":9.0,"key":"Pantograph"},{"floor":13.0,"key":"Smiling Mask"},{"floor":26.0,"key":"War Paint"}],"event_choices":[{"cards_removed":["Strike_B"],"damage_healed":0.0,"max_hp_gain":0.0,"max_hp_loss":0.0,"gold_gain":0.0,"event_name":"Golden Wing","player_choice":"Card Removal","floor":2.0,"gold_loss":0.0,"damage_taken":7.0},{"damage_healed":0.0,"max_hp_gain":5.0,"max_hp_loss":0.0,"gold_gain":0.0,"event_name":"Big Fish","player_choice":"Donut","floor":3.0,"gold_loss":0.0,"damage_taken":0.0},{"damage_healed":0.0,"max_hp_gain":0.0,"max_hp_loss":0.0,"gold_gain":100.0,"event_name":"Wheel of Change","player_choice":"Gold","floor":4.0,"gold_loss":0.0,"damage_taken":0.0},{"damage_healed":0.0,"max_hp_gain":0.0,"max_hp_loss":0.0,"gold_gain":0.0,"event_name":"Lab","player_choice":"Got Potions","floor":19.0,"gold_loss":0.0,"damage_taken":0.0},{"damage_healed":0.0,"max_hp_gain":0.0,"max_hp_loss":0.0,"gold_gain":0.0,"event_name":"Vampires","player_choice":"Ignored","floor":24.0,"gold_loss":0.0,"damage_taken":0.0},{"damage_healed":0.0,"max_hp_gain":0.0,"max_hp_loss":0.0,"gold_gain":0.0,"event_name":"Addict","player_choice":"Stole Relic","floor":25.0,"gold_loss":0.0,"damage_taken":0.0,"relics_obtained":["Dream Catcher"],"cards_obtained":["Shame"]},{"damage_healed":16.0,"max_hp_gain":0.0,"max_hp_loss":0.0,"gold_gain":0.0,"event_name":"The Library","player_choice":"Heal","floor":28.0,"gold_loss":0.0,"damage_taken":0.0}],"is_beta":false,"boss_relics":[{"not_picked":["Velvet Choker","Ectoplasm","Cursed Key"]}],"items_purged_floors":[14,20,22],"is_endless":false,"potions_floor_spawned":[1,8,10,12,18,21],"killed_by":"Gremlin Leader","ascension_level":18}}