{"host":"fn5w42qzz69x191g","time":1610019209,"event":{"mods":["BaseMod","KOR Keyword Fix","Minty Spire (QoL Compilation)","Replay The Spire","StSLib","SuperFastMode","The Jungle","The Poker Player"],"gold_per_floor":[111,126,140,140,158,13,13,30,30,49,64,64,76,88,88,192,192,202,48,48,59,14,41,41,74,74,74,109,34,44,64,64,161,161,181,181,7,20,20,20,38,54,54,54,73,73,73,73],"floor_reached":47,"playtime":2656,"items_purged":["Strike_G","Prepared"],"score":481,"play_id":"9279a5c5-d560-4028-991b-f23ca319185a","local_time":"20210107203329","is_ascension_mode":false,"campfire_choices":[{"data":"Bouncing Flask","floor":7,"key":"SMITH"},{"data":"Prepared","floor":12,"key":"SMITH"},{"data":"Deflect","floor":15,"key":"SMITH"},{"data":"Deadly Poison","floor":24,"key":"SMITH"},{"data":"Backflip","floor":27,"key":"SMITH"},{"data":"Replay:Bag of Tricks","floor":32,"key":"SMITH"},{"data":"ReplayTheSpireMod:Exploit Weakness","floor":40,"key":"SMITH"},{"data":"Setup","floor":46,"key":"SMITH"},{"data":"Fluid Movement","floor":46,"key":"SMITH"}],"circlet_count":0,"master_deck":["Survivor","Neutralize+1","Bouncing Flask+1","Backflip","Prepared+1","Outmaneuver","Burst","Deflect+1","Backstab","PiercingWail","Replay:Bag of Tricks+1","Leg Sweep","Deadly Poison+1","Crippling Poison","Draining Mist","Dash","Burst","ReplayTheSpireMod:Speed Training","Backflip+1","PiercingWail+1","Crippling Poison","Escape Plan+1","Footwork","Atom Bomb","Deflect+1","Setup+1","ReplayTheSpireMod:Exploit Weakness+1","Fluid Movement+1","Well Laid Plans","Writhe","PiercingWail+1"],"relics":["Ring of the Snake","Meat on the Bone","Pandora\u0027s Box","Chemical X","The Specimen","Bottled Flame","Bottled Lightning","Gremlin Food","SlaversCollar","Replay:Arrowhead"],"acts_visited":["Exordium","TheCity","TheBeyond"],"potions_floor_usage":[18,18,23,33,33,41],"damage_taken":[{"damage":0,"enemies":"2 Louse","floor":1,"turns":3},{"damage":0,"enemies":"Cultist","floor":2,"turns":4},{"damage":0,"enemies":"Small Slimes","floor":3,"turns":4},{"damage":4,"enemies":"3 Louse","floor":5,"turns":4},{"damage":0,"enemies":"Blue Slaver","floor":8,"turns":3},{"damage":9,"enemies":"Exordium Thugs","floor":10,"turns":5},{"damage":7,"enemies":"Large Slime","floor":11,"turns":8},{"damage":0,"enemies":"Looter","floor":13,"turns":3},{"damage":3,"enemies":"Exordium Thugs","floor":14,"turns":7},{"damage":12,"enemies":"The Guardian","floor":16,"turns":10},{"damage":0,"enemies":"2 Thieves","floor":18,"turns":4},{"damage":0,"enemies":"Spheric Guardian","floor":21,"turns":3},{"damage":29,"enemies":"Slavers","floor":23,"turns":9},{"damage":10,"enemies":"Book of Stabbing","floor":25,"turns":10},{"damage":6,"enemies":"Gremlin Leader","floor":28,"turns":6},{"damage":0,"enemies":"Snake Plant","floor":30,"turns":5},{"damage":7,"enemies":"3 Cultists","floor":31,"turns":5},{"damage":17,"enemies":"Champ","floor":33,"turns":12},{"damage":8,"enemies":"3 Darklings","floor":35,"turns":6},{"damage":6,"enemies":"Orb Walker","floor":38,"turns":4},{"damage":11,"enemies":"Writhing Mass","floor":41,"turns":6},{"damage":9,"enemies":"Sphere and 2 Shapes","floor":42,"turns":6},{"damage":15,"enemies":"4 Shapes","floor":45,"turns":5},{"damage":63,"enemies":"2 Orb Walkers","floor":47,"turns":6}],"seed_played":"3278638046191964739","potions_obtained":[{"floor":1,"key":"SkillPotion"},{"floor":5,"key":"Energy Potion"},{"floor":8,"key":"EssenceOfSteel"},{"floor":13,"key":"Death Potion"},{"floor":18,"key":"Weak Potion"},{"floor":25,"key":"Energy Potion"},{"floor":28,"key":"FairyPotion"},{"floor":31,"key":"Venom Potion"},{"floor":35,"key":"Explosive Potion"},{"floor":42,"key":"Explosive Potion"},{"floor":45,"key":"BlessingOfTheForge"}],"is_trial":false,"path_per_floor":["M","M","M","?","M","$","R","M","T","M","M","R","M","M","R","B",null,"M","$","?","M","$","E","R","E","T","R","E","?","M","M","R","B",null,"M","?","$","M","$","R","M","M","T","?","M","R","?"],"character_chosen":"THE_SILENT","items_purchased":["Leg Sweep","Chemical X","Backflip","ReplayTheSpireMod:Exploit Weakness"],"campfire_rested":0,"item_purchase_floors":[6,19,22,37],"current_hp_per_floor":[70,70,70,70,66,66,66,66,66,57,50,50,50,47,47,47,70,70,70,70,70,70,41,41,43,43,43,37,37,37,42,42,37,70,62,62,62,56,56,56,45,36,36,54,39,39,0,0],"gold":73,"neow_bonus":"RANDOM_EVENT","is_daily":false,"chose_seed":false,"campfire_upgraded":9,"win_rate":0.0,"timestamp":1610019209,"path_taken":["M","M","M","?","M","$","R","M","T","M","M","R","?","M","R","BOSS","M","$","?","M","$","E","R","E","T","R","E","?","M","M","R","BOSS","M","?","$","?","$","R","M","M","T","?","M","R","?"],"items_purchased_type":["Card","Relic","Card","Card"],"build_version":"2020-12-22","purchased_purges":2,"victory":false,"max_hp_per_floor":[70,70,70,70,70,70,70,70,70,70,70,70,70,70,70,70,70,70,70,70,70,70,70,70,70,70,70,70,70,70,70,70,70,70,70,70,70,70,70,70,70,70,70,70,70,70,70,70],"card_choices":[{"not_picked":["Skewer","Deflect"],"picked":"Bouncing Flask","floor":1},{"not_picked":["Slice","Deflect"],"picked":"Backflip","floor":2},{"not_picked":["Deflect","All Out Attack"],"picked":"Prepared","floor":3},{"not_picked":["Flying Knee","Outmaneuver","Dagger Throw"],"picked":"SKIP","floor":5},{"not_picked":["Quick Slash","Dodge and Roll"],"picked":"Burst","floor":8},{"not_picked":["Poisoned Stab","Bouncing Flask"],"picked":"Deflect","floor":10},{"not_picked":["Well Laid Plans","Heel Hook"],"picked":"Backstab","floor":11},{"not_picked":["Prepared","Quick Slash"],"picked":"PiercingWail","floor":13},{"not_picked":["Slice","Backstab","Underhanded Strike"],"picked":"SKIP","floor":14},{"not_picked":["Adrenaline","Bullet Time"],"picked":"Replay:Bag of Tricks","floor":16},{"not_picked":["Sucker Punch","Dagger Spray","Outmaneuver"],"picked":"SKIP","floor":18},{"not_picked":["Poisoned Stab+1","Sucker Punch"],"picked":"ReplayTheSpireMod:Speed Training","floor":21},{"not_picked":["Quick Slash","Underhanded Strike"],"picked":"PiercingWail+1","floor":23},{"not_picked":["ReplayTheSpireMod:Scrap Shanks","Riddle With Holes"],"picked":"Crippling Poison","floor":25},{"not_picked":["Hidden Blade+1","Expertise","Dagger Spray"],"picked":"SKIP","floor":28},{"not_picked":["Slice","Deflect"],"picked":"Escape Plan+1","floor":30},{"not_picked":["Quick Slash+1","Dash+1"],"picked":"Footwork","floor":31},{"not_picked":["Die Die Die","Adrenaline"],"picked":"Atom Bomb","floor":33},{"not_picked":["Acrobatics+1","Cloak And Dagger+1"],"picked":"Deflect+1","floor":35},{"not_picked":["Outmaneuver+1","All Out Attack","Deadly Poison+1"],"picked":"SKIP","floor":38},{"not_picked":["Deflect","Deadly Poison"],"picked":"Fluid Movement","floor":41},{"not_picked":["Dagger Spray+1","Skewer"],"picked":"Well Laid Plans","floor":42},{"not_picked":["Choke","Terror"],"picked":"PiercingWail+1","floor":45}],"player_experience":516468,"relics_obtained":[{"floor":9,"key":"Meat on the Bone"},{"floor":23,"key":"The Specimen"},{"floor":25,"key":"Bottled Flame"},{"floor":26,"key":"Bottled Lightning"},{"floor":28,"key":"Gremlin Food"},{"floor":43,"key":"Replay:Arrowhead"}],"event_choices":[{"damage_healed":0,"gold_gain":0,"player_choice":"Grow","damage_taken":0,"max_hp_gain":0,"max_hp_loss":0,"event_name":"Living Wall","floor":0,"gold_loss":0,"cards_upgraded":["Neutralize"]},{"damage_healed":0,"gold_gain":0,"cards_transformed":["Strike_G"],"player_choice":"Transformed","damage_taken":0,"max_hp_gain":0,"max_hp_loss":0,"event_name":"Transmorgrifier","floor":4,"gold_loss":0,"cards_obtained":["Outmaneuver"]},{"damage_healed":0,"gold_gain":0,"player_choice":"Ignored","damage_taken":0,"max_hp_gain":0,"max_hp_loss":0,"event_name":"Ghosts","floor":20,"gold_loss":0},{"cards_removed":["Backflip"],"damage_healed":0,"gold_gain":0,"player_choice":"Gave Gold","damage_taken":0,"max_hp_gain":0,"max_hp_loss":0,"event_name":"Beggar","floor":29,"gold_loss":75},{"damage_healed":0,"gold_gain":0,"cards_transformed":["Leg Sweep"],"player_choice":"Transformed","damage_taken":0,"max_hp_gain":0,"max_hp_loss":0,"event_name":"Transmorgrifier","floor":36,"gold_loss":0,"cards_obtained":["Setup"]},{"damage_healed":18,"gold_gain":0,"player_choice":"Writhe","damage_taken":0,"max_hp_gain":0,"max_hp_loss":0,"event_name":"Winding Halls","floor":44,"gold_loss":0,"cards_obtained":["Writhe"]},{"damage_healed":0,"gold_gain":0,"player_choice":"Fight","damage_taken":0,"max_hp_gain":0,"max_hp_loss":0,"event_name":"Mysterious Sphere","floor":47,"gold_loss":0}],"is_beta":false,"boss_relics":[{"not_picked":["WristBlade","SacredBark"],"picked":"Pandora\u0027s Box"},{"not_picked":["Painkiller Herb","Snecko Scales"],"picked":"SlaversCollar"}],"items_purged_floors":[6,37],"is_endless":false,"potions_floor_spawned":[1,5,8,13,14,16,18,25,28,31,35,42,45],"killed_by":"2 Orb Walkers","ascension_level":0}}