{"host":"2n2g1vowfllvjtvi","time":1610041061,"event":{"mods":["AchievementEnabler","BaseMod","Custom Start","GifTheSpireLib","Keyboard Shortcuts","Minty Spire (QoL Compilation)","Quick Restart","Rare Cards Sparkle","StSLib","SuperFastMode"],"gold_per_floor":[111,111,111,111,121,148,148,473,473,473,485,485,495,526,526,603,603,617,617,506,526,576,576,592,605,630,656,656,672,597,597,597,597,597],"floor_reached":33,"playtime":612,"items_purged":["Strike_R"],"score":583,"play_id":"72c96a15-1f35-4a69-9a0e-a8ab13f1fd03","local_time":"20210108023741","is_ascension_mode":true,"campfire_choices":[{"data":"Bash","floor":7,"key":"SMITH"},{"data":"Carnage","floor":10,"key":"SMITH"},{"data":"Hemokinesis","floor":12,"key":"SMITH"},{"data":"Feel No Pain","floor":15,"key":"SMITH"},{"data":"Offering","floor":23,"key":"SMITH"},{"floor":28,"key":"REST"},{"data":"Power Through","floor":32,"key":"SMITH"}],"circlet_count":0,"master_deck":["AscendersBane","Strike_R","Strike_R+1","Defend_R","Defend_R","Defend_R","Defend_R","Bash+1","Bludgeon+1","Hemokinesis+1","Carnage+1","Shrug It Off","Feel No Pain+1","Offering+1","Power Through+1"],"relics":["Burning Blood","FossilizedHelix","Whetstone","Old Coin","HornCleat","Matryoshka","Busted Crown","MealTicket","Oddly Smooth Stone","Mercury Hourglass"],"acts_visited":["Exordium","TheCity"],"potions_floor_usage":[16,25,27,33,33,33],"damage_taken":[{"damage":0.0,"enemies":"Cultist","floor":1.0,"turns":3.0},{"damage":0,"enemies":"Small Slimes","floor":5,"turns":3},{"damage":13,"enemies":"Gremlin Nob","floor":6,"turns":4},{"damage":17,"enemies":"3 Sentries","floor":8,"turns":5},{"damage":0,"enemies":"Jaw Worm","floor":11,"turns":3},{"damage":2,"enemies":"Exordium Wildlife","floor":13,"turns":3},{"damage":1,"enemies":"Lagavulin","floor":14,"turns":3},{"damage":2,"enemies":"Slime Boss","floor":16,"turns":5},{"damage":0,"enemies":"Spheric Guardian","floor":18,"turns":3},{"damage":2,"enemies":"Chosen","floor":21,"turns":3},{"damage":9,"enemies":"Snake Plant","floor":24,"turns":4},{"damage":20,"enemies":"Chosen and Byrds","floor":25,"turns":5},{"damage":7,"enemies":"Slavers","floor":27,"turns":5},{"damage":15,"enemies":"Centurion and Healer","floor":29,"turns":4},{"damage":16,"enemies":"Champ","floor":33,"turns":9}],"seed_played":"7763086574947887589","potions_obtained":[{"floor":5,"key":"GamblersBrew"},{"floor":8,"key":"DuplicationPotion"},{"floor":13,"key":"Weak Potion"},{"floor":18,"key":"SpeedPotion"},{"floor":21,"key":"PowerPotion"},{"floor":25,"key":"ElixirPotion"},{"floor":29,"key":"EntropicBrew"},{"floor":31,"key":"Block Potion"}],"is_trial":false,"path_per_floor":["M","?","?","T","M","E","R","E","T","R","M","R","M","E","R","B",null,"M","?","$","M","?","R","M","M","T","E","R","M","?","?","R","B"],"character_chosen":"IRONCLAD","items_purchased":["Power Through"],"campfire_rested":1,"item_purchase_floors":[20],"current_hp_per_floor":[56,56,56,56,62,55,55,44,44,44,50,50,54,59,59,63,72,75,54,54,58,58,58,55,41,41,40,64,55,55,55,55,39,39],"gold":597,"neow_bonus":"ONE_RARE_RELIC","is_daily":false,"chose_seed":false,"campfire_upgraded":6,"win_rate":0.0,"timestamp":1610041061,"path_taken":["M","?","?","?","?","E","R","E","T","R","M","R","M","E","R","BOSS","M","?","$","M","?","R","M","M","T","E","R","M","?","?","R","BOSS"],"items_purchased_type":["Card"],"build_version":"2020-12-22","purchased_purges":1,"victory":false,"max_hp_per_floor":[75,75,75,75,75,75,75,75,75,75,75,75,75,75,75,75,75,75,80,80,80,80,80,80,80,80,80,80,80,80,80,80,80,80],"card_choices":[{"not_picked":["Cleave","Thunderclap","Clothesline"],"picked":"SKIP","floor":1.0},{"not_picked":["Inflame","Havoc","Intimidate"],"picked":"SKIP","floor":5},{"not_picked":["Feed","Wild Strike"],"picked":"Hemokinesis","floor":6},{"not_picked":["Flex","Anger"],"picked":"Carnage","floor":8},{"not_picked":["Bludgeon","Iron Wave"],"picked":"Shrug It Off","floor":11},{"not_picked":["Pommel Strike","Heavy Blade","Hemokinesis"],"picked":"SKIP","floor":13},{"not_picked":["Pommel Strike","Shrug It Off"],"picked":"Feel No Pain","floor":14},{"not_picked":["Brutality","Impervious"],"picked":"Offering","floor":16},{"not_picked":["Wild Strike"],"picked":"SKIP","floor":18},{"not_picked":["Twin Strike"],"picked":"SKIP","floor":21},{"not_picked":["Twin Strike"],"picked":"SKIP","floor":21},{"not_picked":["Twin Strike"],"picked":"SKIP","floor":24},{"not_picked":["Thunderclap"],"picked":"SKIP","floor":25},{"not_picked":["Clash"],"picked":"SKIP","floor":27},{"not_picked":["Sword Boomerang"],"picked":"SKIP","floor":29}],"player_experience":210623,"relics_obtained":[{"floor":6,"key":"Whetstone"},{"floor":8,"key":"Old Coin"},{"floor":9,"key":"HornCleat"},{"floor":14,"key":"Matryoshka"},{"floor":26,"key":"MealTicket"},{"floor":26,"key":"Oddly Smooth Stone"},{"floor":27,"key":"Mercury Hourglass"}],"event_choices":[{"damage_healed":0.0,"max_hp_gain":0.0,"max_hp_loss":0.0,"gold_gain":0.0,"event_name":"Liars Game","player_choice":"Ignored","floor":2.0,"gold_loss":0.0,"damage_taken":0.0},{"damage_healed":0.0,"max_hp_gain":0.0,"max_hp_loss":0.0,"gold_gain":0.0,"cards_transformed":["Strike_R"],"event_name":"Living Wall","player_choice":"Change","floor":3.0,"gold_loss":0.0,"damage_taken":0.0,"cards_obtained":["Bludgeon"]},{"damage_healed":0,"gold_gain":0,"player_choice":"Shed Blood","damage_taken":26,"max_hp_gain":5,"max_hp_loss":0,"event_name":"Forgotten Altar","floor":19,"gold_loss":0},{"damage_healed":0,"gold_gain":50,"player_choice":"Stole From Cult","damage_taken":0,"max_hp_gain":0,"max_hp_loss":0,"event_name":"Nest","floor":22,"gold_loss":0},{"cards_removed":["Strike_R"],"damage_healed":0,"gold_gain":0,"player_choice":"Gave Gold","damage_taken":0,"max_hp_gain":0,"max_hp_loss":0,"event_name":"Beggar","floor":30,"gold_loss":75},{"damage_healed":0,"gold_gain":0,"player_choice":"Got Potions","damage_taken":0,"max_hp_gain":0,"max_hp_loss":0,"event_name":"Lab","floor":31,"gold_loss":0}],"is_beta":false,"boss_relics":[{"not_picked":["Astrolabe","Tiny House"],"picked":"Busted Crown"}],"items_purged_floors":[20],"is_endless":false,"potions_floor_spawned":[5,8,13,18,21,25,29],"killed_by":"Champ","ascension_level":15}}