{"host":"7tvb1em0d2fx72q7","time":1610003738,"event":{"mods":["BaseMod","Challenge The Spire","Minty Spire (QoL Compilation)","StSLib","everything is the same but u backflip on backflip"],"gold_per_floor":[110,120,131,144,144,144,185,185,185,217,238,272,292,169,169,255,282,299,326,34,34,59,59,59,59],"floor_reached":24,"playtime":1768,"items_purged":["Strike_P","Pray+1"],"score":450,"play_id":"47badda8-34da-4560-8cba-3b6c9dea3eee","local_time":"20210107021538","is_ascension_mode":true,"campfire_choices":[{"data":"TalkToTheHand","floor":6.0,"key":"SMITH"},{"data":"Eruption","floor":15,"key":"SMITH"},{"data":"Blasphemy","floor":23,"key":"SMITH"}],"circlet_count":0,"master_deck":["AscendersBane","Strike_P","Defend_P","Defend_P","Defend_P","Eruption+1","Vigilance","ReachHeaven","BowlingBash","FearNoEvil","TalkToTheHand+1","EmptyMind","EmptyBody","InnerPeace","Meditate","Consecrate","Blasphemy+1","MasterReality+1","WaveOfTheHand+1","EmptyBody","Wallop","FearNoEvil","Adaptation","WaveOfTheHand"],"relics":["VioletLotus","CeramicFish","Pear","Thread and Needle","Blood Vial","Astrolabe","Membership Card"],"acts_visited":["Exordium","TheCity"],"potions_floor_usage":[18,24],"damage_taken":[{"damage":3.0,"enemies":"2 Louse","floor":1.0,"turns":4.0},{"damage":2.0,"enemies":"Cultist","floor":2.0,"turns":3.0},{"damage":0.0,"enemies":"Jaw Worm","floor":3.0,"turns":2.0},{"damage":15.0,"enemies":"3 Louse","floor":4.0,"turns":3.0},{"damage":0.0,"enemies":"Gremlin Nob","floor":7.0,"turns":3.0},{"damage":5,"enemies":"3 Sentries","floor":10,"turns":3},{"damage":4,"enemies":"Large Slime","floor":11,"turns":5},{"damage":3,"enemies":"Lagavulin","floor":12,"turns":6},{"damage":0,"enemies":"Red Slaver","floor":13,"turns":3},{"damage":13,"enemies":"The Guardian","floor":16,"turns":11},{"damage":17,"enemies":"2 Thieves","floor":18,"turns":4},{"damage":0,"enemies":"Chosen","floor":19,"turns":3},{"damage":5,"enemies":"Centurion and Healer","floor":22,"turns":7},{"damage":55,"enemies":"Book of Stabbing","floor":24,"turns":9}],"seed_played":"-3582420455498203704","potions_obtained":[{"floor":1.0,"key":"EssenceOfSteel"},{"floor":4.0,"key":"StancePotion"},{"floor":7.0,"key":"Weak Potion"},{"floor":8.0,"key":"GamblersBrew"}],"is_trial":false,"path_per_floor":["M","M","M","M","?","R","E","?","T","E","M","E","M","$","R","B",null,"M","M","$","?","M","R","E"],"character_chosen":"WATCHER","items_purchased":["Consecrate","Membership Card","Wallop","FearNoEvil","Adaptation"],"campfire_rested":0,"item_purchase_floors":[14,20,20,20,20],"current_hp_per_floor":[58,56,56,41,41,41,41,41,51,46,42,39,41,41,41,30,66,51,53,53,53,50,50,0,0],"gold":59,"neow_bonus":"BOSS_RELIC","is_daily":false,"chose_seed":false,"campfire_upgraded":3,"win_rate":0.0,"timestamp":1610003738,"path_taken":["M","M","M","M","?","R","E","?","T","E","?","E","M","$","R","BOSS","M","M","$","?","M","R","E"],"items_purchased_type":["Card","Relic","Card","Card","Card"],"build_version":"2020-12-22","purchased_purges":2,"victory":false,"max_hp_per_floor":[68,68,68,68,68,68,68,68,78,78,78,78,78,78,78,78,78,78,78,78,78,78,78,78,78],"card_choices":[{"not_picked":["Collect","Pray"],"picked":"ReachHeaven","floor":1.0},{"not_picked":["FollowUp","SashWhip"],"picked":"BowlingBash","floor":2.0},{"not_picked":["Crescendo","ReachHeaven"],"picked":"FearNoEvil","floor":3.0},{"not_picked":["WaveOfTheHand","ClearTheMind"],"picked":"TalkToTheHand","floor":4.0},{"not_picked":["Vault","CarveReality"],"picked":"EmptyMind","floor":7.0},{"not_picked":["BowlingBash","Collect","SashWhip"],"picked":"SKIP","floor":10},{"not_picked":["FlyingSleeves","Halt"],"picked":"EmptyBody","floor":11},{"not_picked":["PathToVictory","Vengeance"],"picked":"InnerPeace","floor":12},{"not_picked":["CrushJoints","BattleHymn"],"picked":"Meditate","floor":13},{"not_picked":["Brilliance","Alpha"],"picked":"Blasphemy","floor":16},{"not_picked":["BowlingBash","Evaluate","CarveReality"],"picked":"SKIP","floor":18},{"not_picked":["Prostrate","FlyingSleeves+1"],"picked":"EmptyBody","floor":19},{"not_picked":["Vengeance","Collect"],"picked":"WaveOfTheHand","floor":22}],"player_experience":1899067,"relics_obtained":[{"floor":7.0,"key":"CeramicFish"},{"floor":9.0,"key":"Pear"},{"floor":10,"key":"Thread and Needle"},{"floor":12,"key":"Blood Vial"}],"event_choices":[{"damage_healed":0.0,"max_hp_gain":0.0,"max_hp_loss":0.0,"gold_gain":0.0,"event_name":"Liars Game","player_choice":"Ignored","floor":5.0,"gold_loss":0.0,"damage_taken":0.0},{"damage_healed":0.0,"max_hp_gain":0.0,"max_hp_loss":0.0,"gold_gain":0.0,"event_name":"Lab","player_choice":"Got Potions","floor":8.0,"gold_loss":0.0,"damage_taken":0.0},{"damage_healed":0,"gold_gain":0,"player_choice":"Ignored","damage_taken":0,"max_hp_gain":0,"max_hp_loss":0,"event_name":"Ghosts","floor":21,"gold_loss":0}],"is_beta":false,"boss_relics":[{"not_picked":["Calling Bell","Fusion Hammer"],"picked":"Astrolabe"}],"items_purged_floors":[14,20],"is_endless":false,"potions_floor_spawned":[1,4,7,11,12],"killed_by":"Book of Stabbing","ascension_level":17}}