{"host":"y087t2reloz9bi43","time":1610024832,"event":{"mods":["2.2 Compatiblity","AchievementEnabler","Aspiration","BaseMod","Beaked The Cultist","Bestiary","Better Note","Better Vampires","BetterRewards","ChefMod","Colored Map","Colored Powertips","Conspire","Downfall","Ekko","Fireblade Mod","Friendly Minions","GifTheSpireLib","Halation","Hermit","Hubris","Infinite Spire","Jedi Mod","JesterMod","Jorbs\u0027s Wanderer Trilogy","Mad Scientist","Marisa????????","Mimic Mod","Minty Spire (QoL Compilation)","Permanent Neow","Rare Cards Sparkle","Relic Stats","Replay The Spire","Robot Space Explorer","Shade Mod","Shop Mod","StSLib","The Blackbeard","The Bug Knight","The Construct","The Cursed","The Hierophant","The Jungle","The Marked","The Mystic","The Necromancer","The Runesmith","The Servant 0.9.4","TheHeartMod","TheHero","TheVacant","Uncapped","everything is the same but u backflip on backflip","vexMod"],"gold_per_floor":[12,12,25,45,57,87,102,102,125,125,125],"floor_reached":10,"playtime":967,"items_purged":[],"score":70,"play_id":"709baa75-4677-46eb-a331-f9c234de7ee7","local_time":"20210107130712","is_ascension_mode":false,"campfire_choices":[{"data":"infinitespire:Neurotoxin","floor":8,"key":"SMITH"}],"circlet_count":0,"master_deck":["Strike_G","Strike_G","Strike_G","Strike_G","Strike_G","Defend_G","Defend_G","Defend_G","Defend_G","Survivor","Neutralize","Adrenaline","ReplayTheSpireMod:Speed Training","All Out Attack","Flechettes","Deflect","infinitespire:Neurotoxin+1"],"relics":["Ring of the Snake","Replay:Mystery Machine","Blue Doll"],"acts_visited":["Exordium"],"potions_floor_usage":[7,10],"damage_taken":[{"damage":0,"enemies":"Small Slimes","floor":1,"turns":5},{"damage":19,"enemies":"infinitespire:Voidling","floor":3,"turns":6},{"damage":0,"enemies":"2 Louse","floor":4,"turns":2},{"damage":4,"enemies":"Looter","floor":5,"turns":4},{"damage":15,"enemies":"3 Sentries","floor":6,"turns":7},{"damage":3,"enemies":"conspire:2 RoseBushes","floor":7,"turns":6},{"damage":48,"enemies":"Gremlin Nob","floor":10,"turns":5}],"seed_played":"-4162341382550748047","potions_obtained":[{"floor":5,"key":"Guardian:BlockOnCardUsePotion"},{"floor":6,"key":"Adrenaline Potion"}],"is_trial":false,"path_per_floor":["M","?","M","M","M","E","M","R","T","E"],"character_chosen":"THE_SILENT","items_purchased":[],"campfire_rested":0,"item_purchase_floors":[],"current_hp_per_floor":[70,70,69,69,65,50,47,47,47,0,0],"gold":125,"neow_bonus":"THREE_RARE_CARDS","is_daily":false,"chose_seed":false,"campfire_upgraded":1,"win_rate":0.0,"timestamp":1610024832,"path_taken":["M","?","M","M","M","E","M","R","T","E"],"items_purchased_type":[],"build_version":"2020-12-22","purchased_purges":0,"victory":false,"max_hp_per_floor":[70,70,70,70,70,70,70,70,70,70,70],"relic_stats":{"counters":[7,35],"obtain_stats":[{"Blue Doll":9,"Replay:Mystery Machine":6,"Ring of the Snake":0},{"Blue Doll":6,"Replay:Mystery Machine":5,"Ring of the Snake":0},{"Blue Doll":30,"Replay:Mystery Machine":24,"Ring of the Snake":0}],"Ring of the Snake":[14]},"card_choices":[{"not_picked":["Unload","aspiration:Lunge"],"picked":"Adrenaline","floor":0},{"not_picked":["Dagger Throw","Poisoned Stab"],"picked":"ReplayTheSpireMod:Speed Training","floor":1},{"not_picked":["Sucker Punch","Hidden Blade","Quick Slash"],"picked":"SKIP","floor":3},{"not_picked":["Hidden Blade","Sucker Punch"],"picked":"All Out Attack","floor":4},{"not_picked":["hubris:TrickCloak","Poisoned Stab"],"picked":"Flechettes","floor":5},{"not_picked":["Deadly Poison","Hidden Blade"],"picked":"Deflect","floor":6},{"not_picked":["Flechettes","Deflect"],"picked":"infinitespire:Neurotoxin","floor":7}],"player_experience":369117,"relics_obtained":[{"floor":6,"key":"Replay:Mystery Machine"},{"floor":9,"key":"Blue Doll"}],"event_choices":[{"cards_removed":["Defend_G"],"damage_healed":0,"gold_gain":0,"player_choice":"Offered Basic","damage_taken":0,"max_hp_gain":0,"max_hp_loss":0,"event_name":"Bonfire Elementals","floor":2,"gold_loss":0}],"is_beta":false,"boss_relics":[],"items_purged_floors":[],"is_endless":false,"potions_floor_spawned":[5,6],"killed_by":"Gremlin Nob","ascension_level":0}}