{"host":"ljavmhyz2e552xgo","time":1610023227,"event":{"mods":["BaseMod","Better Third Choice","Downfall","Friendly Minions","GungeonMod","Minty Spire (QoL Compilation)","Permanent Neow","Spicy Shops","StSLib"],"gold_per_floor":[0,20,20,31,44,44,122,122,147,163,181,10,10,0,15,113,113,38,38,38,48,148,58,58,87,87,1,11,38,38,56,76,178,178,103,12,27,202,222,147,172,172,172,190,210,242,242,5,18,18,18,46,20,20,20],"floor_reached":56,"playtime":4656,"items_purged":["Slimebound:Strike_Slimebound"],"score":1240,"play_id":"d6a37a1c-5748-488e-a188-e42756d05827","local_time":"20210107064027","is_ascension_mode":false,"campfire_choices":[{"data":"Slimebound:Split","floor":1.0,"key":"SMITH"},{"data":"Slimebound:RejuvenatingLick","floor":8.0,"key":"SMITH"},{"data":"Slimebound:DuplicatedForm","floor":13.0,"key":"SMITH"},{"data":"Slimebound:SlimeBrawl","floor":18.0,"key":"SMITH"},{"data":"expansioncontent:StudyTheSpire","floor":30.0,"key":"SMITH"},{"floor":35.0,"key":"RECALL"},{"data":"Slimebound:OozeBath","floor":40.0,"key":"SMITH"},{"data":"Slimebound:LevelUp","floor":42.0,"key":"SMITH"},{"floor":47.0,"key":"REST"},{"data":"Slimebound:FormOfPuddle","floor":54.0,"key":"SMITH"}],"circlet_count":0,"master_deck":["Slimebound:Strike_Slimebound+1","Slimebound:Tackle+1","Slimebound:Defend_Slimebound+1","Slimebound:Defend_Slimebound+1","Slimebound:Defend_Slimebound+1","Slimebound:Defend_Slimebound+1","Slimebound:Split+1","Slimebound:CorrosiveSpit+1","expansioncontent:StudyTheSpire+1","Slimebound:ForwardTackle+1","Slimebound:HauntingLick+1","Slimebound:SplitAcid+1","Slimebound:RejuvenatingLick+1","Slimebound:SplitLeeching+1","Slimebound:SlimeBrawl+1","Slimebound:DuplicatedForm+1","Slimebound:SplitMire+1","Slimebound:MassRepurpose+1","Slimebound:AcidTongue+1","Slimebound:LevelUp+1","Slimebound:SpikyOuterGoop+1","Slimebound:SlimeTap+1","Slimebound:OozeBath+1","Slimebound:LeechEnergy+1","Slimebound:Gluttony+1","Slimebound:Repurpose+1","Slimebound:OneTwoCombo+1","Slimebound:Recollect+1","Slimebound:SplitAcid+1","Slimebound:SplitMire+1","Decay","Slimebound:FormOfPuddle+1"],"relics":["Slimebound:AbsorbEndCombatUpgraded","InkBottle","Meat on the Bone","Strange Spoon","Dead Branch","DemoMod:BlueGuonStone","DemoMod:PinkGuonStone","DemoMod:GundromedaStrain","Membership Card","Vajra","Cursed Key","Orichalcum","sneckomod:BlankCard","DemoMod:MemoryAlloy","DemoMod:PoisonVial","Anchor","Lizard Tail","DemoMod:Bottle","Kunai"],"acts_visited":["Exordium","TheCity","TheBeyond","TheEnding"],"potions_floor_usage":[55,55,55,55],"damage_taken":[{"damage":12.0,"enemies":"Jaw Worm","floor":2.0,"turns":3.0},{"damage":15.0,"enemies":"Cultist","floor":4.0,"turns":3.0},{"damage":9.0,"enemies":"Small Slimes","floor":5.0,"turns":2.0},{"damage":22.0,"enemies":"Gremlin Nob","floor":9.0,"turns":3.0},{"damage":24.0,"enemies":"Exordium Wildlife","floor":10.0,"turns":2.0},{"damage":27.0,"enemies":"Exordium Thugs","floor":11.0,"turns":4.0},{"damage":28.0,"enemies":"downfall:FleeingMerchant","floor":12.0,"turns":4.0},{"damage":42.0,"enemies":"downfall:FleeingMerchant","floor":14.0,"turns":4.0},{"damage":45.0,"enemies":"Large Slime","floor":15.0,"turns":2.0},{"damage":65.0,"enemies":"downfall:Ironclad","floor":16.0,"turns":6.0},{"damage":35.0,"enemies":"Chosen","floor":21.0,"turns":4.0},{"damage":77.0,"enemies":"downfall:Silent","floor":22.0,"turns":6.0},{"damage":37.0,"enemies":"downfall:FleeingMerchant","floor":23.0,"turns":4.0},{"damage":43.0,"enemies":"Slavers","floor":25.0,"turns":4.0},{"damage":48.0,"enemies":"downfall:FleeingMerchant","floor":27.0,"turns":4.0},{"damage":40.0,"enemies":"3 Byrds","floor":28.0,"turns":4.0},{"damage":53.0,"enemies":"Gremlin Leader","floor":29.0,"turns":5.0},{"damage":27.0,"enemies":"Centurion and Healer","floor":31.0,"turns":7.0},{"damage":28.0,"enemies":"Sentry and Sphere","floor":32.0,"turns":3.0},{"damage":52.0,"enemies":"downfall:Defect","floor":33.0,"turns":6.0},{"damage":38.0,"enemies":"downfall:FleeingMerchant","floor":36.0,"turns":4.0},{"damage":50.0,"enemies":"3 Darklings","floor":37.0,"turns":5.0},{"damage":41.0,"enemies":"downfall:FleeingMerchant","floor":38.0,"turns":3.0},{"damage":4.0,"enemies":"Orb Walker","floor":39.0,"turns":1.0},{"damage":35.0,"enemies":"Transient","floor":44.0,"turns":5.0},{"damage":27.0,"enemies":"3 Darklings","floor":45.0,"turns":2.0},{"damage":24.0,"enemies":"Reptomancer","floor":46.0,"turns":2.0},{"damage":16.0,"enemies":"Writhing Mass","floor":49.0,"turns":4.0},{"damage":99.0,"enemies":"downfall:Silent","floor":50.0,"turns":4.0},{"damage":65.0,"enemies":"downfall:CharBossMerchant","floor":52.0,"turns":4.0},{"damage":126,"enemies":"downfall:NeowBoss","floor":55,"turns":12}],"seed_played":"101374368873680615","potions_obtained":[{"floor":4.0,"key":"Dexterity Potion"},{"floor":6.0,"key":"EssenceOfSteel"},{"floor":6.0,"key":"Fruit Juice"},{"floor":6.0,"key":"Slimebound:ThreeZeroPotion"},{"floor":11.0,"key":"SkillPotion"},{"floor":15.0,"key":"Block Potion"},{"floor":16.0,"key":"SkillPotion"},{"floor":22.0,"key":"Dexterity Potion"},{"floor":25.0,"key":"PowerPotion"},{"floor":28.0,"key":"Fire Potion"},{"floor":31.0,"key":"PowerPotion"},{"floor":33.0,"key":"FearPotion"},{"floor":39.0,"key":"champ:CounterPotion"},{"floor":46.0,"key":"Guardian:BlockOnCardUsePotion"}],"is_trial":false,"path_per_floor":["R","M","?","M","M","?","T","R","E","M","M","$","R","$","M","B",null,"R","?","T","M","?","$","T","E","?","$","M","E","R","M","M","B",null,"R","$","M","$","M","R","T","R","?","M","M","E","R","$","M","B",null,"E","$","R","B",null],"character_chosen":"SLIMEBOUND","items_purchased":["Strange Spoon","Membership Card","Orichalcum","sneckomod:BlankCard","DemoMod:MemoryAlloy","Lizard Tail","DemoMod:Bottle","Block Potion","PowerPotion"],"campfire_rested":1,"item_purchase_floors":[12,27,36,38,38,48,48,48,53],"current_hp_per_floor":[60,60,60,57,56,61,61,61,59,41,50,50,50,63,61,59,65,65,54,54,70,52,66,73,76,76,65,71,77,77,77,68,73,77,87,87,87,73,81,81,81,81,81,87,83,87,87,87,87,72,87,87,87,87,87],"gold":20,"neow_bonus":"RANDOM_COLORLESS_2","is_daily":false,"chose_seed":false,"campfire_upgraded":8,"win_rate":0.0,"timestamp":1610023227,"path_taken":["R","M","?","?","M","?","T","R","E","M","?","$","R","?","M","BOSS","R","?","?","?","?","$","T","E","?","?","M","E","R","M","M","BOSS","R","$","M","?","M","R","T","R","?","M","M","E","R","$","M","BOSS","E","$","R","BOSS"],"items_purchased_type":["Relic","Relic","Relic","Relic","Relic","Relic","Relic","Potion","Potion"],"build_version":"2020-12-22","purchased_purges":1,"victory":true,"max_hp_per_floor":[60,60,60,60,60,65,65,65,65,65,65,65,65,65,65,65,65,65,70,70,70,70,70,77,77,77,77,77,77,77,77,77,77,77,87,87,87,87,87,87,87,87,87,87,87,87,87,87,87,87,87,87,87,87,87],"card_choices":[{"not_picked":["Master of Strategy","expansioncontent:DashGenerateEvil"],"picked":"expansioncontent:StudyTheSpire","floor":0.0},{"not_picked":["Slimebound:ItLooksTasty","Slimebound:GoopSpray"],"picked":"Slimebound:ForwardTackle","floor":2.0},{"not_picked":["Slimebound:GrowthPunch","Slimebound:GoopSpray"],"picked":"Slimebound:SplitAcid","floor":4.0},{"not_picked":["Slimebound:SamplingLick","Slimebound:FinishingTackle"],"picked":"Slimebound:RejuvenatingLick","floor":5.0},{"not_picked":["Slimebound:Chomp","Slimebound:GrowthPunch","Slimebound:Dissolve"],"picked":"SKIP","floor":9.0},{"not_picked":["Slimebound:SplitAcid","Slimebound:GoopSpray"],"picked":"Slimebound:SplitLeeching","floor":10.0},{"not_picked":["Slimebound:Replication","Slimebound:SlimeSpikes"],"picked":"Slimebound:SlimeBrawl","floor":11.0},{"not_picked":["Slimebound:RainOfGoop","Slimebound:MegaLick"],"picked":"Slimebound:DuplicatedForm","floor":12.0},{"not_picked":["Slimebound:MegaLick","Slimebound:SlimeTap"],"picked":"Slimebound:SplitMire","floor":14.0},{"not_picked":["Slimebound:TongueLash","Slimebound:PressTheAttack","Slimebound:RollThrough"],"picked":"SKIP","floor":15.0},{"not_picked":["Slimebound:DuplicatedForm","Slimebound:MassFeed"],"picked":"Slimebound:MassRepurpose","floor":16.0},{"not_picked":["Slimebound:SplitAcid","Slimebound:SlimeTap"],"picked":"Slimebound:AcidTongue","floor":21.0},{"not_picked":["Slimebound:RejuvenatingLick","Slimebound:SlimeTap"],"picked":"Slimebound:LevelUp","floor":22.0},{"not_picked":["Slimebound:SamplingLick","Slimebound:GrowthPunch","Slimebound:HauntingLick"],"picked":"SKIP","floor":23.0},{"not_picked":["Slimebound:SlimeBrawl","Slimebound:GrowthPunch"],"picked":"Slimebound:SpikyOuterGoop","floor":25.0},{"not_picked":["Slimebound:SplitBruiser","Slimebound:ComboTackle"],"picked":"Slimebound:OozeBath","floor":27.0},{"not_picked":["Slimebound:RejuvenatingLick","Slimebound:PressTheAttack"],"picked":"Slimebound:LeechEnergy","floor":28.0},{"not_picked":["Slimebound:RollThrough","Slimebound:Schlurp"],"picked":"Slimebound:Gluttony","floor":31.0},{"not_picked":["Slimebound:SplitAcid","Slimebound:GoopSpray"],"picked":"Slimebound:Repurpose","floor":32.0},{"not_picked":["Slimebound:Teamwork","Slimebound:PrepareCrush"],"picked":"Slimebound:OneTwoCombo","floor":33.0},{"not_picked":["Slimebound:DisruptingSlam","Slimebound:LeechEnergy+1"],"picked":"Slimebound:Recollect","floor":36.0},{"not_picked":["Slimebound:LeechingTouch","Slimebound:SpikyOuterGoop"],"picked":"Slimebound:SplitAcid+1","floor":37.0},{"not_picked":["Slimebound:SlimeBarrage","Slimebound:ProtectTheBoss","Slimebound:RainOfGoop"],"picked":"SKIP","floor":38.0},{"not_picked":["Slimebound:ProtectTheBoss+1","Slimebound:SplitLeeching"],"picked":"Slimebound:SplitMire","floor":39.0},{"not_picked":["Slimebound:Equalize","Slimebound:ItLooksTasty+1","Slimebound:Schlurp"],"picked":"SKIP","floor":46.0},{"not_picked":["Slimebound:AcidTongue","Slimebound:SplitLeeching"],"picked":"Slimebound:FormOfPuddle","floor":52.0}],"player_experience":1474246,"relics_obtained":[{"floor":7.0,"key":"InkBottle"},{"floor":9.0,"key":"Meat on the Bone"},{"floor":22.0,"key":"Dead Branch"},{"floor":22.0,"key":"DemoMod:BlueGuonStone"},{"floor":24.0,"key":"DemoMod:PinkGuonStone"},{"floor":25.0,"key":"DemoMod:GundromedaStrain"},{"floor":29.0,"key":"Vajra"},{"floor":41.0,"key":"DemoMod:PoisonVial"},{"floor":46.0,"key":"Anchor"},{"floor":52.0,"key":"Kunai"}],"event_choices":[{"damage_healed":0.0,"max_hp_gain":0.0,"max_hp_loss":0.0,"gold_gain":0.0,"cards_transformed":["Slimebound:Strike_Slimebound"],"event_name":"Transmorgrifier","player_choice":"Transformed","floor":3.0,"gold_loss":0.0,"damage_taken":0.0,"cards_obtained":["Slimebound:HauntingLick"]},{"damage_healed":0.0,"max_hp_gain":0.0,"max_hp_loss":0.0,"gold_gain":0.0,"event_name":"Lab","player_choice":"Got Potions","floor":6.0,"gold_loss":0.0,"damage_taken":0.0},{"damage_healed":0.0,"max_hp_gain":0.0,"max_hp_loss":0.0,"gold_gain":0.0,"event_name":"The Library","player_choice":"Read","floor":26.0,"gold_loss":0.0,"damage_taken":0.0,"cards_obtained":["Slimebound:SlimeTap"]}],"is_beta":false,"boss_relics":[{"not_picked":["Sozu","Calling Bell"],"picked":"Slimebound:AbsorbEndCombatUpgraded"},{"not_picked":["Black Star","Runic Dome"],"picked":"Cursed Key"}],"items_purged_floors":[23],"is_endless":false,"potions_floor_spawned":[4,11,15,16,22,25,28,31,33,39,44,46],"ascension_level":0}}