{"host":"4qin5krp9hszysdc","time":1610001124,"event":{"mods":["AchievementEnabler","BaseMod","BetterRewards","Infinite Spire","Minty Spire (QoL Compilation)","Quick Restart","StSLib"],"gold_per_floor":[109,119,119,133,146,178,178,189,189,32,32,66,83,98,98,203,203,222,222,238,250,250,261,310,344,344,353,392,414,414,432,432,542,542,560,485,542,564,564,608,608,892,962,996,1015,1037,1046,1055,1055,1055],"floor_reached":51,"playtime":3232,"items_purged":["Strike_B","Strike_B","Defend_B","Strike_B","Pain"],"score":2026,"play_id":"3e029ca8-845f-4d21-a5f5-0bf6ba915aa2","local_time":"20210107013204","is_ascension_mode":true,"campfire_choices":[{"data":"Amplify","floor":15,"key":"SMITH"},{"data":"Defragment","floor":30,"key":"SMITH"},{"data":"Loop","floor":32,"key":"SMITH"},{"data":"Consume","floor":41,"key":"SMITH"},{"data":"Defragment","floor":49,"key":"SMITH"}],"circlet_count":0,"master_deck":["AscendersBane","Strike_B","Defend_B","Defend_B","Defend_B","Zap","Dualcast","Loop","Genetic Algorithm","Recycle","Defragment+1","Go for the Eyes+1","Defragment+1","Genetic Algorithm","Beam Cell+1","Coolheaded","Loop+1","FTL+1","Heatsinks+1","Capacitor+1","Amplify+1","Sweeping Beam+1","Capacitor+1","Heatsinks+1","Blizzard+1","Static Discharge+1","Ball Lightning+1","Gash+1","Machine Learning+1","Barrage+1","Coolheaded+1","Consume+1","Mayhem+1","Storm+1","Gash+1","Creative AI+1","Glacier","Consume+1","Creative AI+1","Regret","Electrodynamics+1","Glacier+1","infinitespire:SealOfDarkness+"],"relics":["Cracked Core","Lee\u0027s Waffle","Mummified Hand","Molten Egg 2","Bird Faced Urn","ClockworkSouvenir","infinitespire:Golems Mask","infinitespire:Magic Flask","OrangePellets","Unceasing Top","Membership Card","infinitespire:WardingShard","Turnip","FossilizedHelix","Tiny Chest","StoneCalendar","Mango","infinitespire:Lychee Nut","Bag of Marbles","infinitespire:CursedDice","Frozen Egg 2","Chemical X","Incense Burner","Calipers","Emotion Chip","Gambling Chip","Torii","infinitespire:Beetle Shell","infinitespire:CheckeredPen","infinitespire:Joker Card","PreservedInsect","Darkstone Periapt","Black Star","CeramicFish","Eternal Feather","Oddly Smooth Stone","Anchor","Question Card","CaptainsWheel","Runic Pyramid","Thread and Needle","Symbiotic Virus","Ancient Tea Set","StrikeDummy","InkBottle","White Beast Statue","Pear","WarpedTongs","Bottled Lightning"],"acts_visited":["Exordium","TheCity","TheBeyond"],"potions_floor_usage":[8,37],"damage_taken":[{"damage":0,"enemies":"2 Louse","floor":1,"turns":2},{"damage":0,"enemies":"Cultist","floor":2,"turns":3},{"damage":0,"enemies":"Jaw Worm","floor":4,"turns":2},{"damage":0,"enemies":"2 Fungi Beasts","floor":5,"turns":2},{"damage":1,"enemies":"3 Sentries","floor":6,"turns":5},{"damage":0,"enemies":"Gremlin Gang","floor":8,"turns":2},{"damage":0,"enemies":"Gremlin Nob","floor":12,"turns":2},{"damage":7,"enemies":"3 Louse","floor":13,"turns":3},{"damage":0,"enemies":"Blue Slaver","floor":14,"turns":3},{"damage":0,"enemies":"The Guardian","floor":16,"turns":6},{"damage":0,"enemies":"Shell Parasite","floor":18,"turns":3},{"damage":0,"enemies":"Spheric Guardian","floor":20,"turns":3},{"damage":0,"enemies":"Snecko","floor":21,"turns":3},{"damage":0,"enemies":"Centurion and Healer","floor":23,"turns":5},{"damage":0,"enemies":"Nightmare","floor":25,"turns":6},{"damage":7,"enemies":"Book of Stabbing","floor":28,"turns":4},{"damage":6,"enemies":"Snake Plant","floor":29,"turns":2},{"damage":0,"enemies":"Cultist and Chosen","floor":31,"turns":2},{"damage":0,"enemies":"Champ","floor":33,"turns":5},{"damage":0,"enemies":"Orb Walker","floor":35,"turns":2},{"damage":0,"enemies":"2 Orb Walkers","floor":37,"turns":3},{"damage":0,"enemies":"3 Shapes","floor":38,"turns":1},{"damage":0,"enemies":"Giant Head","floor":40,"turns":3},{"damage":0,"enemies":"Reptomancer","floor":44,"turns":2},{"damage":0,"enemies":"Jaw Worm Horde","floor":45,"turns":3},{"damage":0,"enemies":"Writhing Mass","floor":46,"turns":2},{"damage":0,"enemies":"infinitespire:MassOfShapes","floor":50,"turns":3}],"seed_played":"-4577098492677677645","potions_obtained":[{"floor":1,"key":"Ancient Potion"},{"floor":5,"key":"SkillPotion"},{"floor":12,"key":"GamblersBrew"},{"floor":16,"key":"PotionOfCapacity"},{"floor":20,"key":"SkillPotion"},{"floor":40,"key":"DistilledChaos"}],"is_trial":false,"path_per_floor":["M","M","?","M","M","E","?","M","T","$","T","E","M","M","R","B",null,"M","?","M","M","?","M","T","NM","T","?","E","M","R","M","R","B",null,"M","$","?","M","T","E","R","?","T","E","M","M","?","AVR","R","B",null],"character_chosen":"DEFECT","items_purchased":["Lee\u0027s Waffle","Mummified Hand","Molten Egg 2","Loop","Genetic Algorithm","ClockworkSouvenir","Recycle","Defragment","Go for the Eyes+1","OrangePellets","Defragment","Genetic Algorithm","Membership Card","infinitespire:WardingShard","Beam Cell+1","Coolheaded","FossilizedHelix","Tiny Chest","Loop","Bag of Marbles","FTL+1","Frozen Egg 2","Chemical X","Heatsinks+1","Incense Burner","Capacitor+1","Emotion Chip","Amplify","Sweeping Beam+1","infinitespire:Joker Card"],"campfire_rested":0,"item_purchase_floors":[0,0,0,0,0,0,0,0,0,0,0,0,0,0,0,0,0,0,0,0,0,0,0,0,0,0,0,0,0,10],"current_hp_per_floor":[72,72,77,77,77,77,77,77,77,77,77,77,70,77,77,77,77,77,77,77,77,77,77,77,77,77,77,77,77,77,77,77,77,77,77,77,77,77,77,77,77,83,83,93,93,93,99,99,99,99],"gold":1055,"neow_bonus":"","is_daily":false,"chose_seed":false,"campfire_upgraded":5,"win_rate":0.0,"timestamp":1610001124,"path_taken":["M","M","?","M","M","E","?","?","T","$","?","E","M","M","R","BOSS","M","?","?","M","?","M","?","NM","T","?","E","?","R","M","R","BOSS","M","$","?","M","?","E","R","?","T","E","?","M","?","AVR","R","BOSS"],"items_purchased_type":["Relic","Relic","Relic","Card","Card","Relic","Card","Card","Card","Relic","Card","Card","Relic","Relic","Card","Card","Relic","Relic","Card","Relic","Card","Relic","Relic","Card","Relic","Card","Relic","Card","Card","Relic"],"build_version":"2020-12-22","purchased_purges":5,"victory":true,"max_hp_per_floor":[72,72,77,77,77,77,77,77,77,77,77,77,77,77,77,77,77,77,77,77,77,77,77,77,77,77,77,77,77,77,77,77,77,77,77,77,77,77,77,77,77,83,83,93,93,93,99,99,99,99],"card_choices":[{"not_picked":["Recycle","Barrage+1"],"picked":"Capacitor+1","floor":1},{"not_picked":["Compile Driver+1","Conserve Battery","Sweeping Beam+1"],"picked":"SKIP","floor":2},{"not_picked":["Double Energy","Reinforced Body"],"picked":"Heatsinks+1","floor":4},{"not_picked":["Stack","Turbo"],"picked":"Blizzard+1","floor":5},{"not_picked":["BootSequence","White Noise"],"picked":"Static Discharge+1","floor":6},{"not_picked":["Turbo","Capacitor+1","Hologram"],"picked":"SKIP","floor":8},{"not_picked":["Skim","Steam"],"picked":"Ball Lightning+1","floor":12},{"not_picked":["Hello World+1","Turbo"],"picked":"Gash+1","floor":13},{"not_picked":["Glacier","Sunder+1"],"picked":"Echo Form+1","floor":14},{"not_picked":["All For One+1","Thunder Strike+1"],"picked":"Machine Learning+1","floor":16},{"not_picked":["Streamline+1","Sweeping Beam+1"],"picked":"Barrage+1","floor":18},{"not_picked":["Barrage+1","Steam"],"picked":"Coolheaded+1","floor":20},{"not_picked":["Go for the Eyes+1","Redo","Stack+1"],"picked":"SKIP","floor":21},{"not_picked":["Rebound+1","Recycle"],"picked":"Consume","floor":23},{"not_picked":["Multi-Cast","Redo","Undo"],"picked":"SKIP","floor":25},{"not_picked":["Conserve Battery","Force Field+1"],"picked":"Storm+1","floor":28},{"not_picked":["Sunder+1","Sweeping Beam+1","Go for the Eyes+1"],"picked":"Gash+1","floor":29},{"not_picked":["Melter+1","Coolheaded","Rebound+1","Recycle"],"picked":"SKIP","floor":31},{"not_picked":["Thunder Strike+1","Electrodynamics+1","Reboot"],"picked":"Creative AI+1","floor":33},{"not_picked":["Beam Cell+1","Ball Lightning+1","Gash+1","Turbo"],"picked":"SKIP","floor":35},{"not_picked":["Auto Shields+1","FTL+1","Heatsinks+1"],"picked":"Glacier","floor":37},{"not_picked":["Turbo+1","Darkness","Compile Driver+1"],"picked":"Consume+1","floor":38},{"not_picked":["Doom and Gloom+1","Stack","White Noise"],"picked":"Creative AI+1","floor":40},{"not_picked":["Cold Snap+1","Leap","Reprogram+1","Rebound+1"],"picked":"SKIP","floor":44},{"not_picked":["Cold Snap+1","Turbo","Hologram+1"],"picked":"Electrodynamics+1","floor":45},{"not_picked":["Steam","Conserve Battery","Gash+1"],"picked":"Glacier+1","floor":46}],"player_experience":2769855,"relics_obtained":[{"floor":6,"key":"infinitespire:Beetle Shell"},{"floor":9,"key":"infinitespire:CheckeredPen"},{"floor":11,"key":"PreservedInsect"},{"floor":12,"key":"Darkstone Periapt"},{"floor":24,"key":"CeramicFish"},{"floor":25,"key":"Eternal Feather"},{"floor":25,"key":"Oddly Smooth Stone"},{"floor":26,"key":"Anchor"},{"floor":28,"key":"Question Card"},{"floor":28,"key":"CaptainsWheel"},{"floor":37,"key":"Thread and Needle"},{"floor":39,"key":"Symbiotic Virus"},{"floor":40,"key":"Ancient Tea Set"},{"floor":40,"key":"StrikeDummy"},{"floor":43,"key":"InkBottle"},{"floor":44,"key":"White Beast Statue"},{"floor":44,"key":"Pear"}],"event_choices":[{"damage_healed":0,"gold_gain":0,"player_choice":"Donut","damage_taken":0,"max_hp_gain":5,"max_hp_loss":0,"event_name":"Big Fish","floor":3,"gold_loss":0},{"damage_healed":0,"gold_gain":0,"player_choice":"0 cards matched","damage_taken":0,"max_hp_gain":0,"max_hp_loss":0,"event_name":"Match and Keep!","floor":7,"gold_loss":0,"cards_obtained":[]},{"damage_healed":0,"gold_gain":0,"player_choice":"Bought 0 Potions","damage_taken":0,"max_hp_gain":0,"max_hp_loss":0,"event_name":"The Woman in Blue","floor":19,"gold_loss":0},{"damage_healed":0,"gold_gain":0,"player_choice":"Ignored","damage_taken":0,"max_hp_gain":0,"max_hp_loss":0,"event_name":"Vampires","floor":22,"gold_loss":0},{"cards_removed":["Echo Form"],"damage_healed":0,"gold_gain":0,"player_choice":"Took Card","damage_taken":0,"max_hp_gain":0,"max_hp_loss":0,"event_name":"NoteForYourself","floor":27,"gold_loss":0,"cards_obtained":["Mayhem"]},{"damage_healed":0,"gold_gain":0,"player_choice":"Fight","damage_taken":0,"max_hp_gain":0,"max_hp_loss":0,"event_name":"Mysterious Sphere","floor":37,"gold_loss":0},{"damage_healed":0,"gold_gain":275,"player_choice":"Desecrate","damage_taken":0,"max_hp_gain":0,"max_hp_loss":0,"event_name":"Golden Shrine","floor":42,"gold_loss":0,"cards_obtained":["Regret"]},{"damage_healed":0,"gold_gain":0,"player_choice":"Rummage","damage_taken":0,"relics_obtained":["WarpedTongs"],"max_hp_gain":0,"max_hp_loss":0,"event_name":"Accursed Blacksmith","floor":47,"gold_loss":0,"cards_obtained":["Pain"]}],"is_beta":false,"boss_relics":[{"not_picked":["Snecko Eye","Calling Bell"],"picked":"Black Star"},{"not_picked":["Fusion Hammer","Busted Crown"],"picked":"Runic Pyramid"}],"items_purged_floors":[0,0,0,36,48],"is_endless":false,"potions_floor_spawned":[1,5,12,13,16,20,21,29,33,35,40,45,46],"ascension_level":10}}