{"host":"g01l53quoe6lrer0","time":1610036018,"event":{"mods":["2.2 Compatiblity","AchievementEnabler","BaseMod","Colored Map","Highlight Path","Keyboard Shortcuts","Minty Spire (QoL Compilation)","Permanent Neow","StSLib","SuperFastMode","everything is the same but u backflip on backflip"],"gold_per_floor":[112,112,112,37,54,54,73,97,123,140,157,171,171,187,187,286,336,351,368,467,494,507,534,534,534],"floor_reached":24,"playtime":655,"items_purged":["Strike_P"],"score":294,"play_id":"943b0bd7-eeb7-4967-851f-b50bfd9060bf","local_time":"20210108011338","is_ascension_mode":true,"campfire_choices":[{"data":"Eruption","floor":6.0,"key":"SMITH"},{"floor":13.0,"key":"REST"},{"floor":15.0,"key":"REST"}],"circlet_count":0,"master_deck":["Strike_P","Strike_P","Strike_P","Defend_P","Eruption+1","Vigilance+1","FearNoEvil"],"relics":["PureWater","Odd Mushroom","Boot","Tiny House","Red Mask","Toy Ornithopter"],"acts_visited":["Exordium","TheCity"],"potions_floor_usage":[24,24],"damage_taken":[{"damage":0.0,"enemies":"Cultist","floor":1.0,"turns":2.0},{"damage":1.0,"enemies":"2 Louse","floor":5.0,"turns":3.0},{"damage":0.0,"enemies":"Small Slimes","floor":7.0,"turns":2.0},{"damage":15.0,"enemies":"The Mushroom Lair","floor":8.0,"turns":3.0},{"damage":3.0,"enemies":"Looter","floor":10.0,"turns":2.0},{"damage":0.0,"enemies":"Large Slime","floor":11.0,"turns":3.0},{"damage":10.0,"enemies":"Exordium Thugs","floor":12.0,"turns":3.0},{"damage":6.0,"enemies":"Exordium Wildlife","floor":14.0,"turns":3.0},{"damage":52.0,"enemies":"The Guardian","floor":16.0,"turns":11.0},{"damage":6.0,"enemies":"3 Byrds","floor":18.0,"turns":3.0},{"damage":11.0,"enemies":"2 Thieves","floor":19.0,"turns":4.0},{"damage":0.0,"enemies":"Masked Bandits","floor":21.0,"turns":2.0},{"damage":15.0,"enemies":"Centurion and Healer","floor":22.0,"turns":5.0},{"damage":18.0,"enemies":"Gremlin Leader","floor":23.0,"turns":5.0},{"damage":17,"enemies":"Snake Plant","floor":24,"turns":4}],"seed_played":"-5260085159576451543","potions_obtained":[{"floor":8.0,"key":"Block Potion"},{"floor":12.0,"key":"LiquidBronze"},{"floor":14.0,"key":"DuplicationPotion"},{"floor":16.0,"key":"EntropicBrew"},{"floor":18.0,"key":"SteroidPotion"},{"floor":21.0,"key":"Dexterity Potion"},{"floor":23.0,"key":"AttackPotion"}],"is_trial":false,"path_per_floor":["M","?","?","$","M","R","M","?","T","M","M","M","R","M","R","B",null,"M","M","?","?","M","E","M"],"character_chosen":"WATCHER","items_purchased":[],"campfire_rested":2,"item_purchase_floors":[],"current_hp_per_floor":[65,65,65,65,64,64,64,49,49,46,46,36,55,49,65,13,57,51,40,40,40,25,7,0,0],"gold":534,"neow_bonus":"REMOVE_TWO","is_daily":false,"chose_seed":false,"campfire_upgraded":1,"win_rate":0.0,"timestamp":1610036018,"path_taken":["M","?","?","$","M","R","?","?","T","M","M","M","R","M","R","BOSS","M","M","?","?","M","E","M"],"items_purchased_type":[],"build_version":"2020-12-22","purchased_purges":1,"victory":false,"max_hp_per_floor":[65,65,65,65,65,65,65,65,65,65,65,65,65,65,65,65,70,70,70,70,70,70,70,70,70],"card_choices":[{"not_picked":["Evaluate","SignatureMove","ThirdEye"],"picked":"SKIP","floor":1.0},{"not_picked":["FlurryOfBlows","Vengeance"],"picked":"FearNoEvil","floor":5.0},{"not_picked":["FearNoEvil","EmptyBody","CutThroughFate"],"picked":"SKIP","floor":7.0},{"not_picked":["SashWhip","Meditate","WindmillStrike"],"picked":"SKIP","floor":10.0},{"not_picked":["WheelKick","ClearTheMind","Halt"],"picked":"SKIP","floor":11.0},{"not_picked":["BattleHymn","EmptyMind","ThirdEye"],"picked":"SKIP","floor":12.0},{"not_picked":["CutThroughFate","Evaluate","FlyingSleeves"],"picked":"SKIP","floor":14.0},{"not_picked":["Crescendo","EmptyMind","Nirvana+1"],"picked":"SKIP","floor":18.0},{"not_picked":["EmptyBody","Consecrate","CutThroughFate+1"],"picked":"SKIP","floor":19.0},{"not_picked":["Protect","FlurryOfBlows","JustLucky+1"],"picked":"SKIP","floor":22.0},{"not_picked":["Tantrum","Prostrate","ThirdEye+1"],"picked":"SKIP","floor":23.0}],"player_experience":69286,"relics_obtained":[{"floor":8.0,"key":"Odd Mushroom"},{"floor":9.0,"key":"Boot"},{"floor":21.0,"key":"Red Mask"},{"floor":23.0,"key":"Toy Ornithopter"}],"event_choices":[{"damage_healed":0.0,"max_hp_gain":0.0,"max_hp_loss":0.0,"gold_gain":0.0,"event_name":"Liars Game","player_choice":"Ignored","floor":2.0,"gold_loss":0.0,"damage_taken":0.0},{"cards_removed":["Defend_P"],"damage_healed":0.0,"max_hp_gain":0.0,"max_hp_loss":0.0,"gold_gain":0.0,"event_name":"Bonfire Elementals","player_choice":"Offered Basic","floor":3.0,"gold_loss":0.0,"damage_taken":0.0},{"damage_healed":0.0,"max_hp_gain":0.0,"max_hp_loss":0.0,"gold_gain":0.0,"event_name":"Mushrooms","player_choice":"Fought Mushrooms","floor":8.0,"gold_loss":0.0,"damage_taken":0.0},{"damage_healed":0.0,"max_hp_gain":0.0,"max_hp_loss":0.0,"gold_gain":99.0,"event_name":"Nest","player_choice":"Stole From Cult","floor":20.0,"gold_loss":0.0,"damage_taken":0.0},{"damage_healed":0.0,"max_hp_gain":0.0,"max_hp_loss":0.0,"gold_gain":0.0,"event_name":"Masked Bandits","player_choice":"Fought Bandits","floor":21.0,"gold_loss":0.0,"damage_taken":0.0}],"is_beta":false,"boss_relics":[{"not_picked":["Velvet Choker","SlaversCollar"],"picked":"Tiny House"}],"items_purged_floors":[4],"is_endless":false,"potions_floor_spawned":[8,12,14,16,18,21,23],"killed_by":"Snake Plant","ascension_level":8}}