{"host":"2lrkmsuh7nz013qb","time":1610021525,"event":{"mods":["BaseMod","Colored Map","DeckTracker","Minty Spire (QoL Compilation)","SuperFastMode","everything is the same but u backflip on backflip"],"gold_per_floor":[119,136,136,136,155,184,197,197,197,216,266,47,62,76,76,76,76],"floor_reached":16,"playtime":476,"items_purged":["Defend_G"],"score":208,"play_id":"fc7dd255-ca16-4dfe-b7a9-e0ce402d46c3","local_time":"20210107211205","is_ascension_mode":true,"campfire_choices":[{"data":"Terror","floor":8,"key":"SMITH"},{"data":"Skewer","floor":15,"key":"SMITH"}],"circlet_count":0,"master_deck":["AscendersBane","Strike_G","Strike_G","Strike_G","Strike_G","Defend_G","Defend_G","Defend_G","Survivor","Neutralize","Slice","Calculated Gamble","Terror+1","Well Laid Plans","Skewer+1"],"relics":["Ring of the Snake","Regal Pillow","Toy Ornithopter"],"acts_visited":["Exordium"],"potions_floor_usage":[6,6,6,6,14,14],"damage_taken":[{"damage":2,"enemies":"Small Slimes","floor":1,"turns":4},{"damage":4,"enemies":"Jaw Worm","floor":2,"turns":3},{"damage":0,"enemies":"2 Louse","floor":5,"turns":4},{"damage":19,"enemies":"Gremlin Nob","floor":6,"turns":4},{"damage":5,"enemies":"Red Slaver","floor":7,"turns":4},{"damage":7,"enemies":"3 Louse","floor":10,"turns":4},{"damage":20,"enemies":"Large Slime","floor":13,"turns":9},{"damage":12,"enemies":"Lots of Slimes","floor":14,"turns":5},{"damage":18,"enemies":"Slime Boss","floor":16,"turns":5}],"seed_played":"1468247140584409232","potions_obtained":[{"floor":2,"key":"EntropicBrew"},{"floor":5,"key":"DistilledChaos"},{"floor":7,"key":"SteroidPotion"},{"floor":14,"key":"BlessingOfTheForge"}],"is_trial":false,"path_per_floor":["M","M","?","?","M","E","M","R","T","M","?","$","M","M","R","B"],"character_chosen":"THE_SILENT","items_purchased":["Well Laid Plans","SteroidPotion"],"campfire_rested":0,"item_purchase_floors":[12,12],"current_hp_per_floor":[57,53,53,58,58,39,34,34,34,27,27,27,7,5,5,0,0],"gold":76,"neow_bonus":"REMOVE_CARD","is_daily":false,"chose_seed":false,"campfire_upgraded":2,"win_rate":0.0,"timestamp":1610021525,"path_taken":["M","M","?","?","M","E","M","R","T","M","?","$","M","M","R","BOSS"],"items_purchased_type":["Card","Potion"],"build_version":"2020-12-22","purchased_purges":1,"victory":false,"max_hp_per_floor":[66,66,66,71,71,71,71,71,71,71,71,71,71,71,71,71,71],"card_choices":[{"not_picked":["Flying Knee","Underhanded Strike"],"picked":"Slice","floor":1},{"not_picked":["Riddle With Holes","Predator"],"picked":"Calculated Gamble","floor":2},{"not_picked":["Quick Slash","Choke","Deadly Poison"],"picked":"SKIP","floor":5},{"not_picked":["Quick Slash","Choke","Deadly Poison"],"picked":"SKIP","floor":5},{"not_picked":["Skewer","PiercingWail"],"picked":"Terror","floor":6},{"not_picked":["Prepared","Poisoned Stab","Cloak And Dagger"],"picked":"SKIP","floor":7},{"not_picked":["Prepared","Poisoned Stab","Cloak And Dagger"],"picked":"SKIP","floor":7},{"not_picked":["Backstab","Predator","Die Die Die"],"picked":"SKIP","floor":10},{"not_picked":["Acrobatics","Dodge and Roll"],"picked":"Skewer","floor":13},{"not_picked":["Dodge and Roll","Sucker Punch","Predator"],"picked":"SKIP","floor":14}],"player_experience":741296,"relics_obtained":[{"floor":6,"key":"Regal Pillow"},{"floor":9,"key":"Toy Ornithopter"}],"event_choices":[{"cards_removed":["Strike_G"],"damage_healed":0,"gold_gain":0,"player_choice":"Forget","damage_taken":0,"max_hp_gain":0,"max_hp_loss":0,"event_name":"Living Wall","floor":3,"gold_loss":0},{"damage_healed":0,"gold_gain":0,"player_choice":"Donut","damage_taken":0,"max_hp_gain":5,"max_hp_loss":0,"event_name":"Big Fish","floor":4,"gold_loss":0},{"damage_healed":0,"gold_gain":50,"player_choice":"Pray","damage_taken":0,"max_hp_gain":0,"max_hp_loss":0,"event_name":"Golden Shrine","floor":11,"gold_loss":0}],"is_beta":false,"boss_relics":[],"items_purged_floors":[12],"is_endless":false,"potions_floor_spawned":[2,5,7,14],"killed_by":"Slime Boss","ascension_level":20}}