{"host":"udyc8f81k2jocuhg","time":1610058290,"event":{"mods":["2.2 Compatiblity","BaseMod","Better Third Choice","Colored Powertips","Conspire","Custom Start","GifTheSpireLib","Hermit","Minty Spire (QoL Compilation)","Permanent Neow","Quick Restart","Relic Filter","Relic Stats","Replay The Spire","Shop Mod","Spikes Relics","StSLib","Stuff the Spire"],"gold_per_floor":[114,129,147,164,164,197,197,229,229,241,241,254,254,286,286,396,396,388,169,129,161,185,185,227,253,253,287,287,319,370,393,393,509,509,537,163,163,14,90,147,147,178,178,453,496,548,606,657,657,689,689,689,244,308,333,333],"floor_reached":55,"playtime":11150,"items_purged":[],"score":1024,"play_id":"bf522ee6-3ab3-4575-a9dd-a63b393d581b","local_time":"20210107232450","is_ascension_mode":true,"campfire_choices":[{"data":"hermit:Maintenance","floor":7.0,"key":"SMITH"},{"data":"hermit:Snapshot","floor":11.0,"key":"SMITH"},{"data":"hermit:Scavenge","floor":15.0,"key":"SMITH"},{"data":"hermit:Dive","floor":23.0,"key":"SMITH"},{"data":"hermit:Scavenge+1","floor":28.0,"key":"SMITH"},{"data":"hermit:Dive+1","floor":32.0,"key":"SMITH"},{"data":"hermit:Dive+2","floor":41.0,"key":"SMITH"},{"floor":49.0,"key":"RECALL"},{"data":"hermit:Dive+3","floor":52.0,"key":"SMITH"}],"circlet_count":0,"master_deck":["hermit:Strike_Hermit","hermit:Strike_Hermit","hermit:Strike_Hermit","hermit:Strike_Hermit","hermit:Defend_Hermit","hermit:Defend_Hermit","hermit:Defend_Hermit","hermit:Defend_Hermit","hermit:Snapshot+1","hermit:Covet+1","hermit:Ricochet","hermit:Enervate","hermit:Maintenance+1","hermit:TakeAim","hermit:GhostlyPresence","hermit:Dive+4","Regret","hermit:Scavenge+1","hermit:Scavenge+2","hermit:EyeOfTheStorm","hermit:Maintenance","hermit:Determination","Regret"],"relics":["hermit:ClaspedLocket","Ring of Misfortune","Ginger","Centennial Puzzle","StuffTheSpire:Gunfinga","Smiling Mask","conspire:TreasureMap","conspire:InfiniteJournal","Strawberry","RollingBoulder","Bronze Scales","Busted Crown","StuffTheSpire:BottledEssence","Blood Vial","Spirit Poop","Replay:Baseball","Onion Ring","Happy Flower","Vajra","Durian","conspire:DeflatedDodgeball","MerchantsRug","Replay:Mystery Machine"],"acts_visited":["Exordium","TheCity","TheBeyond","TheEnding"],"potions_floor_usage":[55],"damage_taken":[{"damage":0.0,"enemies":"2 Louse","floor":1.0,"turns":2.0},{"damage":7.0,"enemies":"Jaw Worm","floor":2.0,"turns":2.0},{"damage":0.0,"enemies":"Cultist","floor":3.0,"turns":2.0},{"damage":6.0,"enemies":"Blue Slaver","floor":4.0,"turns":3.0},{"damage":19.0,"enemies":"Lagavulin","floor":6.0,"turns":6.0},{"damage":34.0,"enemies":"Gremlin Nob","floor":8.0,"turns":5.0},{"damage":0.0,"enemies":"Exordium Thugs","floor":10.0,"turns":4.0},{"damage":0.0,"enemies":"2 Fungi Beasts","floor":12.0,"turns":2.0},{"damage":0.0,"enemies":"Lagavulin","floor":14.0,"turns":7.0},{"damage":4.0,"enemies":"Slime Boss","floor":16.0,"turns":11.0},{"damage":9.0,"enemies":"2 Thieves","floor":18.0,"turns":4.0},{"damage":11.0,"enemies":"Shell Parasite","floor":21.0,"turns":6.0},{"damage":9.0,"enemies":"Snecko","floor":22.0,"turns":7.0},{"damage":0.0,"enemies":"conspire:Head Lice","floor":24.0,"turns":50.0},{"damage":13.0,"enemies":"conspire:HollyBat","floor":25.0,"turns":11.0},{"damage":0.0,"enemies":"Book of Stabbing","floor":27.0,"turns":8.0},{"damage":18.0,"enemies":"Shelled Parasite and Fungi","floor":29.0,"turns":10.0},{"damage":4.0,"enemies":"conspire:Head Lice","floor":30.0,"turns":20.0},{"damage":22.0,"enemies":"Snake Plant","floor":31.0,"turns":4.0},{"damage":0.0,"enemies":"conspire:MysteriousRune","floor":33.0,"turns":16.0},{"damage":13.0,"enemies":"3 Darklings","floor":35.0,"turns":6.0},{"damage":0.0,"enemies":"R_Hoarder","floor":40.0,"turns":15.0},{"damage":0.0,"enemies":"3 Shapes","floor":42.0,"turns":7.0},{"damage":4.0,"enemies":"3 Darklings","floor":45.0,"turns":15.0},{"damage":5.0,"enemies":"Maw","floor":46.0,"turns":8.0},{"damage":13.0,"enemies":"Nemesis","floor":47.0,"turns":9.0},{"damage":9.0,"enemies":"Writhing Mass","floor":48.0,"turns":8.0},{"damage":51.0,"enemies":"conspire:OrnateMirror","floor":50.0,"turns":24.0},{"damage":13.0,"enemies":"Shield and Spear","floor":54.0,"turns":15.0},{"damage":84,"enemies":"The Heart","floor":55,"turns":11}],"seed_played":"-7663222498446643144","potions_obtained":[{"floor":3.0,"key":"Languid Potion"},{"floor":10.0,"key":"Swift Potion"},{"floor":16.0,"key":"SpeedPotion"},{"floor":21.0,"key":"Death Potion"},{"floor":22.0,"key":"AttackPotion"},{"floor":33.0,"key":"SteroidPotion"},{"floor":35.0,"key":"PowerPotion"}],"is_trial":false,"path_per_floor":["M","M","M","M","?","E","R","E","T","M","R","M","?","E","R","B",null,"M","$","?","M","M","R","E","M","T","E","R","M","E","M","R","B",null,"M","$","?","$","T","E","R","M","T","?","M","M","E","M","R","B",null,"R","$","E","B"],"character_chosen":"HERMIT","items_purchased":["conspire:TreasureMap","hermit:Scavenge","StuffTheSpire:BottledEssence","Blood Vial","hermit:Determination","Replay:Baseball","conspire:DeflatedDodgeball","Block Potion","MerchantsRug"],"campfire_rested":0,"item_purchase_floors":[19,19,36,36,36,38,53,53,53],"current_hp_per_floor":[75,68,68,62,62,43,43,9,9,9,9,9,9,9,9,5,75,67,67,67,57,48,48,75,65,72,75,75,60,57,36,36,38,82,70,70,70,70,70,74,74,77,77,77,82,77,73,69,69,26,87,87,87,77,0,0],"gold":333,"neow_bonus":"THREE_CARDS","is_daily":false,"chose_seed":false,"campfire_upgraded":8,"win_rate":0.0,"timestamp":1610058290,"path_taken":["M","M","M","M","?","E","R","E","T","M","R","M","?","E","R","BOSS","M","$","?","M","M","R","E","M","T","E","R","M","E","?","R","BOSS","M","$","?","$","?","E","R","M","T","?","M","?","E","M","R","BOSS","R","$","E","BOSS"],"items_purchased_type":["Relic","Card","Relic","Relic","Card","Relic","Relic","Potion","Relic"],"build_version":"2020-12-22","purchased_purges":0,"victory":false,"max_hp_per_floor":[75,75,75,75,75,75,75,75,75,75,75,75,75,75,75,75,75,75,75,75,75,75,75,75,75,82,82,82,82,82,82,82,82,82,82,82,82,82,82,82,82,82,82,82,82,82,87,87,87,87,87,87,87,87,87,87],"relic_stats":{"Blood Vial":14,"Centennial Puzzle":[48],"Busted Crown":16,"Happy Flower":[32],"counters":[30,298],"Bronze Scales":[454],"Ginger":[54],"Smiling Mask":0,"obtain_stats":[{"MerchantsRug":53,"hermit:ClaspedLocket":17,"conspire:TreasureMap":19,"Happy Flower":40,"Spirit Poop":37,"Vajra":43,"StuffTheSpire:BottledEssence":36,"Ginger":6,"Replay:Mystery Machine":54,"Smiling Mask":14,"conspire:InfiniteJournal":24,"Blood Vial":36,"Centennial Puzzle":8,"StuffTheSpire:Gunfinga":13,"Replay:Baseball":38,"Busted Crown":34,"Ring of Misfortune":5,"Strawberry":26,"Bronze Scales":30,"RollingBoulder":27,"Onion Ring":39,"Durian":47,"conspire:DeflatedDodgeball":53,"hermit:Momento":0},{"MerchantsRug":28,"hermit:ClaspedLocket":10,"conspire:TreasureMap":11,"Happy Flower":22,"Spirit Poop":21,"Vajra":23,"StuffTheSpire:BottledEssence":21,"Ginger":5,"Replay:Mystery Machine":29,"Smiling Mask":9,"conspire:InfiniteJournal":14,"Blood Vial":21,"Centennial Puzzle":6,"StuffTheSpire:Gunfinga":8,"Replay:Baseball":21,"Busted Crown":20,"Ring of Misfortune":4,"Strawberry":15,"Bronze Scales":18,"RollingBoulder":16,"Onion Ring":21,"Durian":26,"conspire:DeflatedDodgeball":28,"hermit:Momento":0},{"MerchantsRug":272,"hermit:ClaspedLocket":44,"conspire:TreasureMap":48,"Happy Flower":201,"Spirit Poop":186,"Vajra":208,"StuffTheSpire:BottledEssence":186,"Ginger":15,"Replay:Mystery Machine":287,"Smiling Mask":33,"conspire:InfiniteJournal":111,"Blood Vial":186,"Centennial Puzzle":20,"StuffTheSpire:Gunfinga":26,"Replay:Baseball":186,"Busted Crown":180,"Ring of Misfortune":9,"Strawberry":122,"Bronze Scales":160,"RollingBoulder":130,"Onion Ring":186,"Durian":240,"conspire:DeflatedDodgeball":272,"hermit:Momento":0}]},"card_choices":[{"not_picked":["hermit:Enervate","hermit:NoHoldsBarred"],"picked":"hermit:Ricochet","floor":0.0},{"not_picked":["hermit:Desperado","hermit:FlashPowder"],"picked":"hermit:Enervate","floor":1.0},{"not_picked":["hermit:Ricochet","hermit:LoneWolf"],"picked":"hermit:Maintenance","floor":2.0},{"not_picked":["hermit:Desperado","hermit:Manifest","hermit:HighCaliber"],"picked":"SKIP","floor":3.0},{"not_picked":["hermit:Shortfuse","hermit:HighCaliber"],"picked":"hermit:TakeAim","floor":4.0},{"not_picked":["hermit:Feint","hermit:HighCaliber"],"picked":"hermit:GhostlyPresence","floor":6.0},{"not_picked":["hermit:TakeCover","hermit:Vantage","hermit:Feint"],"picked":"SKIP","floor":8.0},{"not_picked":["hermit:Dissolve","hermit:Vantage","hermit:Malice"],"picked":"SKIP","floor":10.0},{"not_picked":["hermit:Combo","hermit:CalledShot"],"picked":"hermit:Dive","floor":12.0},{"not_picked":["hermit:TakeAim","hermit:Brawl"],"picked":"hermit:Scavenge","floor":14.0},{"not_picked":["hermit:BigShot","hermit:Vantage","hermit:CursedWeapon"],"picked":"SKIP","floor":18.0},{"not_picked":["hermit:LowProfile","hermit:DeadMansHand","hermit:Snipe"],"picked":"SKIP","floor":21.0},{"not_picked":["hermit:Roulette","hermit:TakeAim+1","hermit:Snipe"],"picked":"SKIP","floor":22.0},{"not_picked":["hermit:ShadowCloak","hermit:Glare"],"picked":"hermit:EyeOfTheStorm","floor":24.0},{"not_picked":["hermit:DeadMansHand","hermit:Coalescence+1","hermit:Showdown"],"picked":"SKIP","floor":25.0},{"not_picked":["hermit:BodyArmor+1","hermit:Snipe+1","hermit:CalledShot"],"picked":"SKIP","floor":27.0},{"not_picked":["hermit:WideOpen","hermit:Manifest","hermit:LowProfile"],"picked":"SKIP","floor":29.0},{"not_picked":["hermit:HeroicBravado","hermit:PistolWhip"],"picked":"hermit:Maintenance","floor":30.0},{"not_picked":["hermit:Coalescence","hermit:CalledShot","hermit:Desperado"],"picked":"SKIP","floor":31.0},{"not_picked":["hermit:Desperado+1"],"picked":"SKIP","floor":35.0},{"not_picked":["hermit:Maintenance+1"],"picked":"SKIP","floor":40.0},{"not_picked":["hermit:Showdown+1"],"picked":"SKIP","floor":42.0},{"not_picked":["hermit:Feint"],"picked":"SKIP","floor":45.0},{"not_picked":["hermit:Snipe+1"],"picked":"SKIP","floor":46.0},{"not_picked":["hermit:Misfire"],"picked":"SKIP","floor":47.0},{"not_picked":["hermit:Quickdraw"],"picked":"SKIP","floor":48.0},{"not_picked":["hermit:Ricochet+1"],"picked":"SKIP","floor":54.0}],"player_experience":1957806,"relics_obtained":[{"floor":5.0,"key":"Ring of Misfortune"},{"floor":6.0,"key":"Ginger"},{"floor":8.0,"key":"Centennial Puzzle"},{"floor":14.0,"key":"Smiling Mask"},{"floor":24.0,"key":"conspire:InfiniteJournal"},{"floor":26.0,"key":"Strawberry"},{"floor":27.0,"key":"RollingBoulder"},{"floor":30.0,"key":"Bronze Scales"},{"floor":39.0,"key":"Onion Ring"},{"floor":40.0,"key":"Happy Flower"},{"floor":43.0,"key":"Vajra"},{"floor":47.0,"key":"Durian"},{"floor":54.0,"key":"Replay:Mystery Machine"}],"event_choices":[{"damage_healed":0.0,"max_hp_gain":0.0,"max_hp_loss":0.0,"gold_gain":0.0,"event_name":"Big Fish","player_choice":"Box","floor":13.0,"gold_loss":0.0,"damage_taken":0.0,"relics_obtained":["StuffTheSpire:Gunfinga"],"cards_obtained":["Regret"]},{"damage_healed":0.0,"max_hp_gain":0.0,"max_hp_loss":0.0,"gold_gain":0.0,"event_name":"Designer","player_choice":"Upgraded Two","floor":20.0,"gold_loss":40.0,"damage_taken":0.0,"cards_upgraded":["hermit:Scavenge","hermit:Covet"]},{"cards_removed":["Doubt"],"damage_healed":0.0,"max_hp_gain":0.0,"max_hp_loss":0.0,"gold_gain":0.0,"event_name":"Bonfire Elementals","player_choice":"Offered Curse","floor":37.0,"gold_loss":0.0,"damage_taken":0.0,"relics_obtained":["Spirit Poop"]},{"damage_healed":0.0,"max_hp_gain":0.0,"max_hp_loss":0.0,"gold_gain":275.0,"event_name":"Golden Shrine","player_choice":"Desecrate","floor":44.0,"gold_loss":0.0,"damage_taken":0.0,"cards_obtained":["Regret"]}],"is_beta":false,"boss_relics":[{"not_picked":["Kintsugi","Black Star"],"picked":"hermit:ClaspedLocket"},{"not_picked":["ChewingGum","StuffTheSpire:RunicConfusion"],"picked":"Busted Crown"}],"items_purged_floors":[],"is_endless":false,"potions_floor_spawned":[3,10,16,21,22,27,33,35,40,46,47],"killed_by":"The Heart","ascension_level":2}}