{"host":"dwyzfvnzfcqffr30","time":1610022518,"event":{"mods":["2.2 Compatiblity","Act Like it!","BaseMod","Beaked The Cultist","Better Altar","Better Match","Better Note","Better Sensory Stone","Better Skull","Better Third Choice","Clockwork Mod","Colored Map","Colored Powertips","Conspire","Downfall","Elementarium","GifTheSpireLib","Halation","Hermit","Hubris","Infinite Spire","Ironclad Rager","Jedi Mod","Menagerie","Mimic Mod","Minty Spire (QoL Compilation)","Permanent Neow","Random Character Button","Replay The Spire","Spicy Shops","StSLib","Stuff the Spire","The Construct","The Disciple","The Druid","The Marked","TheFirefly","Trackpad","vexMod"],"gold_per_floor":[439,439,439,480,26,26,59,76,76,113,137,137,137,156,186,233,233,351,351,391,423,423,423,423,482,482,544,544,544,544,599,3,3,3,107,107,135,159,259,20,20,54,54,81,81,122,147,147,186,210,210,216,216,216,87,136,149,149],"floor_reached":57,"playtime":3997,"items_purged":[],"score":865,"play_id":"dced7619-840c-4479-8236-a7209ef45bbf","local_time":"20210107042838","is_ascension_mode":true,"campfire_choices":[{"floor":6,"key":"RECALL"},{"floor":17,"key":"REST"},{"floor":26,"key":"REST"},{"floor":30,"key":"REST"},{"floor":34,"key":"REST"},{"floor":43,"key":"REST"},{"floor":51,"key":"REST"},{"floor":54,"key":"REST"}],"circlet_count":0,"master_deck":["theMarked:Strike+1","theMarked:Strike+1","theMarked:Strike+1","theMarked:Strike+1","theMarked:Strike+1","theMarked:Defend+1","theMarked:Defend+1","theMarked:Defend+1","theMarked:Defend+1","theMarked:SoldierOfQuellstein+1","MasterReality+1","theMarked:EmpowerWeapon+1","theMarked:Improvise+1","theMarked:SwordAndMagic+1","theMarked:StartUp+1","theMarked:Overcharge+1","theMarked:ChainLightning+1","theMarked:Polarize+1","theMarked:EternalStudent+1","theMarked:Parkour+1","theMarked:Reabsorb+1","theMarked:Defy+1","theMarked:HeightenedSenses+1","theMarked:ParalyzingBlade+1","theMarked:AttractMetal+1","theMarked:SoldierForm+1","Madness+1","Madness+1","theMarked:ComboAttacks+1"],"relics":["theMarked:ArtifactOfAir","jedi:matchstick","infinitespire:EvilPickle","Bottled Tornado","hubris:EvacipatedBox","Juzu Bracelet","Quantum Egg","Frozen Egg 2","Molten Egg 2","Toxic Egg 2","SacredBark","StuffTheSpire:GrapeVine","hubris:Zylophone","infinitespire:PuzzleCube","hubris:PeanutButter","halation:SelfBoilingWater","Chemical X","Replay:Wax Seal","theMarked:SpiritSword","Nunchaku","halation:PromiseList","Pet Ghost","StuffTheSpire:PointBlank","MutagenicStrength","Bronze Scales","jedi:fakemustache","halation:IllGainedPizza","trackpad:SappingStone","sneckomod:SneckoTalon","Kunai","Question Card","trackpad:AdjectivePendant","jedi:kaleidoscope","infinitespire:Beetle Shell"],"acts_visited":["Menagerie:Menagerie","TheCity","TheBeyond","TheEnding"],"potions_floor_usage":[7,18,18,35,35,46,49,49,49,52,56,57,57],"damage_taken":[{"damage":2,"enemies":"Menagerie:StygianBoar","floor":1,"turns":2},{"damage":1,"enemies":"Menagerie:WhisperingWraith","floor":4,"turns":4},{"damage":10,"enemies":"Menagerie:MaskedSummoner","floor":7,"turns":8},{"damage":0,"enemies":"Menagerie:MonstrousExperiment","floor":8,"turns":3},{"damage":0,"enemies":"Menagerie:VoidReaper","floor":10,"turns":5},{"damage":0,"enemies":"Menagerie:BEAST_MAGE_AND_PROWLING_AMALGAM","floor":11,"turns":3},{"damage":0,"enemies":"Menagerie:Hexasnake","floor":14,"turns":3},{"damage":0,"enemies":"Menagerie:MENAGERIE_WILDLIFE","floor":15,"turns":2},{"damage":0,"enemies":"Menagerie:Hydra","floor":16,"turns":3},{"damage":1,"enemies":"Menagerie:Chimera","floor":18,"turns":6},{"damage":0,"enemies":"Spheric Guardian","floor":20,"turns":2},{"damage":5,"enemies":"conspire:MimicChest","floor":21,"turns":4},{"damage":18,"enemies":"Book of Stabbing","floor":25,"turns":5},{"damage":20,"enemies":"Slavers","floor":27,"turns":4},{"damage":0,"enemies":"Shell Parasite","floor":31,"turns":3},{"damage":5,"enemies":"Collector","floor":35,"turns":5},{"damage":1,"enemies":"3 Shapes","floor":37,"turns":6},{"damage":0,"enemies":"3 Darklings","floor":38,"turns":3},{"damage":0,"enemies":"Giant Head","floor":42,"turns":5},{"damage":0,"enemies":"4 Shapes","floor":44,"turns":3},{"damage":5,"enemies":"Nemesis","floor":46,"turns":5},{"damage":10,"enemies":"Spire Growth","floor":47,"turns":3},{"damage":0,"enemies":"Reptomancer","floor":49,"turns":3},{"damage":0,"enemies":"3 Darklings","floor":50,"turns":2},{"damage":29,"enemies":"Replay:Hell Engine","floor":52,"turns":6},{"damage":41,"enemies":"Shield and Spear","floor":56,"turns":4},{"damage":46,"enemies":"The Heart","floor":57,"turns":2}],"seed_played":"2646516042566077147","potions_obtained":[{"floor":1,"key":"SkillPotion"},{"floor":8,"key":"Venom Potion"},{"floor":10,"key":"Strength Potion"},{"floor":25,"key":"Dexterity Potion"},{"floor":27,"key":"PowerPotion"},{"floor":35,"key":"Fire Potion"},{"floor":38,"key":"SpeedPotion"},{"floor":44,"key":"SkillPotion"},{"floor":47,"key":"champ:CounterPotion"},{"floor":50,"key":"Venom Potion"},{"floor":56,"key":"theMarked:ChargePotion"}],"is_trial":false,"path_per_floor":["M","?","?","M","$","R","E","M","T","E","M","PTL","PTL","M","M","E","R","B",null,"M","?","?","?","?","E","R","E","T","?","R","M","$","?","R","B",null,"M","M","?","$","?","E","R","M","T","E","M","?","E","M","R_BF","B",null,"R","$","E","B"],"character_chosen":"THE_DEFAULT","items_purchased":["StuffTheSpire:GrapeVine","hubris:Zylophone","Bronze Scales","jedi:fakemustache","halation:IllGainedPizza","trackpad:SappingStone","Kunai","Milkshake","Explosive Potion"],"campfire_rested":7,"item_purchase_floors":[5,5,32,32,32,32,40,55,55],"current_hp_per_floor":[61,61,61,60,60,60,50,50,50,50,50,50,50,50,50,50,63,62,63,63,58,58,58,58,40,58,38,38,38,56,56,63,63,63,58,63,62,62,62,63,63,63,63,63,63,58,48,40,40,40,58,29,63,63,63,22,0,0],"gold":149,"neow_bonus":"ONE_RARE_RELIC","is_daily":false,"chose_seed":false,"campfire_upgraded":0,"win_rate":0.0,"timestamp":1610022518,"path_taken":["M","?","?","M","$","R","E","M","T","E","M","PTL","PTL","M","M","E","R","BOSS","M","?","?","?","?","E","R","E","T","?","R","M","$","?","R","BOSS","M","M","?","$","?","E","R","M","T","E","M","?","E","M","R_BF","BOSS","R","$","E","BOSS"],"items_purchased_type":["Relic","Relic","Relic","Relic","Relic","Relic","Relic","Potion","Potion"],"build_version":"2020-12-22","purchased_purges":0,"victory":false,"max_hp_per_floor":[63,63,63,63,63,63,63,63,63,63,63,63,63,63,63,63,63,63,63,63,63,63,63,63,63,63,63,63,63,63,63,63,63,63,63,63,63,63,63,63,63,63,63,63,63,63,63,63,63,63,63,63,63,63,63,63,63,63],"card_choices":[{"not_picked":["theMarked:Improvise+1","theMarked:TwofoldDefense+1"],"picked":"theMarked:EmpowerWeapon+1","floor":1},{"not_picked":["theMarked:WardOff+1","theMarked:Parkour+1"],"picked":"theMarked:Improvise+1","floor":4},{"not_picked":["theMarked:LightningStrikesTwice+1","theMarked:Overthink+1"],"picked":"theMarked:SwordAndMagic+1","floor":7},{"not_picked":["theMarked:ShockingTouch+1","theMarked:WastefulAttack+1","theMarked:Levitate+1"],"picked":"SKIP","floor":8},{"not_picked":["theMarked:Electrocute+1","theMarked:ThrowWeapon+1"],"picked":"theMarked:StartUp+1","floor":10},{"not_picked":["theMarked:SwordAndMagic+1","theMarked:Frustration+1","theMarked:ResourceFulStrike+1"],"picked":"SKIP","floor":11},{"not_picked":["theMarked:UnarmedFury+1","theMarked:Parkour+1","theMarked:MaelstromOfLightning+1"],"picked":"SKIP","floor":14},{"not_picked":["theMarked:Parkour+1","theMarked:Reabsorb+1"],"picked":"theMarked:Overcharge+1","floor":15},{"not_picked":["theMarked:RepellingDischarge+1","theMarked:Static+1"],"picked":"theMarked:ChainLightning+1","floor":16},{"not_picked":["theMarked:TunnelVision+1","theMarked:Static+1","theMarked:Frustration+1"],"picked":"SKIP","floor":20},{"not_picked":["theMarked:ThrowWeapon+1","theMarked:Parkour+1"],"picked":"theMarked:EternalStudent+1","floor":25},{"not_picked":["theMarked:WardOff+1","theMarked:ChainLightning+1"],"picked":"theMarked:Parkour+1","floor":27},{"not_picked":["theMarked:WastefulDefense+1","theMarked:WastefulAttack+1"],"picked":"theMarked:Reabsorb+1","floor":31},{"not_picked":["theMarked:ChannelForce+1","theMarked:TurnInvisible+1"],"picked":"theMarked:Defy+1","floor":35},{"not_picked":["theMarked:MysticalArsenal+1","theMarked:Improvise+1"],"picked":"theMarked:HeightenedSenses+1","floor":37},{"not_picked":["theMarked:WardOff+1","theMarked:WastefulDefense+1"],"picked":"theMarked:ParalyzingBlade+1","floor":38},{"not_picked":["theMarked:EmpowerWeapon+1","theMarked:ElectricStrings+1"],"picked":"theMarked:AttractMetal+1","floor":42},{"not_picked":["theMarked:Improvise+1","theMarked:TakeCover+1","theMarked:WastefulDefense+1"],"picked":"SKIP","floor":44},{"not_picked":["theMarked:Improvise+1","theMarked:ComboAttacks+1","theMarked:Panic+1"],"picked":"theMarked:SoldierForm+1","floor":46},{"not_picked":["theMarked:Improvise+1","theMarked:EnhanceMovement+1","theMarked:HeightenedSenses+1","theMarked:MaelstromOfLightning+1"],"picked":"SKIP","floor":47},{"not_picked":["theMarked:WastefulAttack+1","theMarked:ParalyzingBlade+1","theMarked:TwofoldDefense+1"],"picked":"theMarked:ComboAttacks+1","floor":49},{"not_picked":["theMarked:BanishingStrike+1","theMarked:Parkour+1","theMarked:Seal+1","theMarked:Improvise+1"],"picked":"SKIP","floor":50},{"not_picked":["theMarked:Overthink+1","theMarked:EmpowerWeapon+1","theMarked:SelfDefenseTraining+1","theMarked:RepellingDischarge+1"],"picked":"SKIP","floor":56}],"player_experience":2630334,"relics_obtained":[{"floor":7,"key":"infinitespire:PuzzleCube"},{"floor":9,"key":"hubris:PeanutButter"},{"floor":10,"key":"halation:SelfBoilingWater"},{"floor":16,"key":"Replay:Wax Seal"},{"floor":21,"key":"Nunchaku"},{"floor":25,"key":"halation:PromiseList"},{"floor":27,"key":"Pet Ghost"},{"floor":28,"key":"StuffTheSpire:PointBlank"},{"floor":45,"key":"Question Card"},{"floor":46,"key":"trackpad:AdjectivePendant"},{"floor":49,"key":"jedi:kaleidoscope"},{"floor":56,"key":"infinitespire:Beetle Shell"}],"event_choices":[{"damage_healed":0,"gold_gain":0,"player_choice":"Simplicity","damage_taken":0,"max_hp_gain":0,"max_hp_loss":9,"event_name":"betterThird:BetterWriting","floor":0,"gold_loss":0},{"damage_healed":0,"gold_gain":0,"player_choice":"Leave","damage_taken":0,"max_hp_gain":0,"max_hp_loss":0,"event_name":"conspire:Investor","floor":2,"gold_loss":0},{"damage_healed":0,"gold_gain":0,"player_choice":"Ignored","damage_taken":0,"max_hp_gain":0,"max_hp_loss":0,"event_name":"Menagerie:MagesHand","floor":3,"gold_loss":0},{"damage_healed":0,"gold_gain":0,"player_choice":"Ignored","damage_taken":0,"max_hp_gain":0,"max_hp_loss":0,"event_name":"Transmorgrifier","floor":23,"gold_loss":0},{"damage_healed":0,"gold_gain":0,"player_choice":"Ignored","damage_taken":0,"max_hp_gain":0,"max_hp_loss":0,"event_name":"Ghosts","floor":24,"gold_loss":0},{"damage_healed":0,"gold_gain":0,"player_choice":"Inject Mutagens","damage_taken":0,"relics_obtained":["MutagenicStrength"],"max_hp_gain":0,"max_hp_loss":0,"event_name":"Drug Dealer","floor":29,"gold_loss":0},{"damage_healed":0,"gold_gain":100,"player_choice":"Pray","damage_taken":0,"max_hp_gain":0,"max_hp_loss":0,"event_name":"Golden Shrine","floor":39,"gold_loss":0},{"damage_healed":0,"gold_gain":0,"player_choice":"Ignored","damage_taken":0,"max_hp_gain":0,"max_hp_loss":0,"event_name":"Transmorgrifier","floor":41,"gold_loss":0},{"damage_healed":0,"gold_gain":0,"player_choice":"Embrace Madness","damage_taken":8,"max_hp_gain":0,"max_hp_loss":0,"event_name":"Winding Halls","floor":48,"gold_loss":0,"cards_obtained":["Madness","Madness"]}],"is_beta":false,"boss_relics":[{"not_picked":["hubris:BlackHole","theMarked:BronzeBlade","Painkiller Herb"],"picked":"theMarked:SpiritSword"},{"not_picked":["conspire:SeveredTorchhead","Kintsugi","Empty Cage"],"picked":"sneckomod:SneckoTalon"}],"items_purged_floors":[],"is_endless":false,"potions_floor_spawned":[1,8,10,25,27,35,38,44,47,50,56],"killed_by":"The Heart","ascension_level":2}}