{"host":"odz7g4gpgch153rb","time":1610056068,"event":{"mods":["AchievementEnabler","BaseMod","Better Match","Better Third Choice","BetterRewards","GifTheSpireLib","Infinite Spire","Jedi Mod","Minty Spire (QoL Compilation)","Quick Restart","Replay The Spire","Spikes Relics","StSLib","Stuff the Spire","The Blue Laboratory","Trackpad"],"gold_per_floor":[117,133,151,213,63,63,63,92,92,92,112,72,72,88,88,161,161,172,222,222,242,257,257,274,274,274],"floor_reached":25,"playtime":995,"items_purged":["Strike_B","Strike_B"],"score":376,"play_id":"a620dc6b-35bb-4c88-b117-8c28491518e4","local_time":"20210107164748","is_ascension_mode":true,"campfire_choices":[{"data":"Loop","floor":6,"key":"SMITH"},{"data":"Loop","floor":10,"key":"SMITH"},{"floor":13,"key":"REST"},{"floor":15,"key":"REST"},{"data":"infinitespire:DeathsTouch","floor":23,"key":"SMITH"}],"circlet_count":0,"master_deck":["AscendersBane","Strike_B","Strike_B","Defend_B","Defend_B","Defend_B","Defend_B","Zap","Dualcast","Cold Snap","Doom and Gloom","Ball Lightning","Loop+1","Loop+1","Defragment","Buffer","infinitespire:DeathsTouch+1","Ball Lightning"],"relics":["Cracked Core","NeowsBlessing","Replay:Baseball","trackpad:WritersBlock","trackpad:IciclePrecepts","Busted Crown","CeramicFish"],"acts_visited":["Exordium","TheCity"],"potions_floor_usage":[8,11,16,16,25],"damage_taken":[{"damage":0,"enemies":"Cultist","floor":1,"turns":1},{"damage":0,"enemies":"2 Louse","floor":2,"turns":1},{"damage":0,"enemies":"Small Slimes","floor":3,"turns":1},{"damage":25,"enemies":"Lagavulin","floor":8,"turns":5},{"damage":13,"enemies":"Exordium Wildlife","floor":11,"turns":4},{"damage":15,"enemies":"Large Slime","floor":14,"turns":5},{"damage":7,"enemies":"Slime Boss","floor":16,"turns":7},{"damage":20,"enemies":"Chosen","floor":18,"turns":6},{"damage":0,"enemies":"Spheric Guardian","floor":21,"turns":2},{"damage":2,"enemies":"Chosen and Byrds","floor":22,"turns":5},{"damage":18,"enemies":"Centurion and Healer","floor":24,"turns":5},{"damage":15,"enemies":"Snake Plant","floor":25,"turns":2}],"seed_played":"-3316083850439285253","potions_obtained":[{"floor":2,"key":"Dexterity Potion"},{"floor":4,"key":"Regen Potion"},{"floor":8,"key":"Explosive Potion"},{"floor":12,"key":"Adrenaline Potion"},{"floor":22,"key":"blueLaboratory:RelayPotion"}],"is_trial":false,"path_per_floor":["M","M","M","?","$","R","$","E","T","R","M","?","R","M","R","B",null,"M","?","AVR","M","M","R","M","M"],"character_chosen":"DEFECT","items_purchased":["Loop"],"campfire_rested":2,"item_purchase_floors":[5],"current_hp_per_floor":[64,64,64,41,41,41,41,25,25,25,12,12,33,18,39,32,61,41,34,34,34,32,32,14,0,0],"gold":274,"neow_bonus":"THREE_ENEMY_KILL","is_daily":false,"chose_seed":false,"campfire_upgraded":3,"win_rate":0.0,"timestamp":1610056068,"path_taken":["M","?","M","?","$","R","?","E","T","R","M","?","R","?","R","BOSS","M","?","AVR","?","M","R","M","?"],"items_purchased_type":["Card"],"build_version":"2020-12-22","purchased_purges":2,"victory":false,"max_hp_per_floor":[71,71,71,71,71,71,71,71,71,71,71,71,71,71,71,71,71,71,71,71,71,71,71,71,71,71],"card_choices":[{"not_picked":["jedi:blockon","StuffTheSpire:Rend"],"picked":"Cold Snap","floor":1},{"not_picked":["StuffTheSpire:LoadUp","Reprogram"],"picked":"Doom and Gloom","floor":2},{"not_picked":["Leap","Cold Snap"],"picked":"Ball Lightning","floor":3},{"not_picked":["jedi:blockon","Go for the Eyes"],"picked":"Loop","floor":4},{"not_picked":["jedi:blockon","Storm","Tempest"],"picked":"SKIP","floor":8},{"not_picked":["StuffTheSpire:EventHorizon","Hologram","Cold Snap"],"picked":"SKIP","floor":11},{"not_picked":["jedi:markofdeath","Hologram"],"picked":"Defragment","floor":14},{"not_picked":["Hyperbeam","Reboot"],"picked":"Buffer","floor":16},{"not_picked":["Rebound"],"picked":"SKIP","floor":18},{"not_picked":[],"picked":"Ball Lightning","floor":21},{"not_picked":["jedi:blockon"],"picked":"SKIP","floor":22},{"not_picked":["Sweeping Beam"],"picked":"SKIP","floor":24}],"player_experience":1001589,"relics_obtained":[{"floor":4,"key":"Replay:Baseball"},{"floor":8,"key":"trackpad:WritersBlock"},{"floor":9,"key":"trackpad:IciclePrecepts"}],"event_choices":[{"damage_healed":0,"gold_gain":0,"player_choice":"Bought 3 Potions","damage_taken":0,"max_hp_gain":0,"max_hp_loss":0,"event_name":"The Woman in Blue","floor":12,"gold_loss":0},{"damage_healed":0,"gold_gain":50,"player_choice":"Touch","damage_taken":7,"max_hp_gain":0,"max_hp_loss":0,"event_name":"FaceTrader","floor":19,"gold_loss":0}],"is_beta":false,"boss_relics":[{"not_picked":["StuffTheSpire:RunicConfusion","Replay:Grab Bag"],"picked":"Busted Crown"}],"items_purged_floors":[5,20],"is_endless":false,"potions_floor_spawned":[2,8,14,22],"killed_by":"Snake Plant","ascension_level":17}}