{"host":"q6wyndrixvj3w9nl","time":1610059876,"event":{"mods":["AchievementEnabler","BaseMod","Better Third Choice","Colored Map","Curses Come First","Hermit","Jorbs\u0027s Wanderer Trilogy","Minty Spire (QoL Compilation)","Permanent Neow","Quick Restart","Rare Cards Sparkle","Relic Stats","StSLib","The Cursed","The Hierophant"],"gold_per_floor":[113,113,113,128,146,146,189,68,114,114,154,179,179,203,203,323,323,339,357,357,6,31,31,31,31],"floor_reached":24,"playtime":1183,"items_purged":["Strike_P","ForeignInfluence"],"score":286,"play_id":"3c800796-9cff-4b73-b689-d7ea888d86c4","local_time":"20210107235116","is_ascension_mode":true,"campfire_choices":[{"data":"Alpha","floor":6,"key":"SMITH"},{"floor":10,"key":"REST"},{"data":"Protect","floor":13,"key":"SMITH"},{"data":"Wireheading","floor":15,"key":"SMITH"},{"floor":23,"key":"REST"}],"circlet_count":0,"master_deck":["Eruption","Vigilance","Alpha+1","Sanctity","SpiritShield","Protect+1","WaveOfTheHand","CutThroughFate","Wireheading+1","Alpha","WheelKick","Fasting2","Crescendo","FollowUp","Blasphemy","LikeWater"],"relics":["PureWater","Golden Idol","Bag of Preparation","StrikeDummy","Odd Mushroom","Pandora\u0027s Box","Letter Opener"],"acts_visited":["Exordium","TheCity"],"potions_floor_usage":[22,24],"damage_taken":[{"damage":10,"enemies":"Small Slimes","floor":1,"turns":4},{"damage":8,"enemies":"2 Louse","floor":4,"turns":3},{"damage":1,"enemies":"Cultist","floor":5,"turns":3},{"damage":16,"enemies":"Gremlin Nob","floor":7,"turns":3},{"damage":3,"enemies":"Lagavulin","floor":11,"turns":5},{"damage":1,"enemies":"The Mushroom Lair","floor":12,"turns":3},{"damage":0,"enemies":"Red Slaver","floor":14,"turns":3},{"damage":18,"enemies":"Hexaghost","floor":16,"turns":6},{"damage":21,"enemies":"3 Byrds","floor":18,"turns":3},{"damage":17,"enemies":"Chosen","floor":19,"turns":5},{"damage":9,"enemies":"Snake Plant","floor":22,"turns":3},{"damage":100019,"enemies":"Slavers","floor":24,"turns":4}],"seed_played":"-1585523634591589269","potions_obtained":[{"floor":5,"key":"BlessingOfTheForge"},{"floor":7,"key":"Fire Potion"},{"floor":14,"key":"Explosive Potion"},{"floor":22,"key":"DistilledChaos"}],"is_trial":false,"path_per_floor":["M","?","?","M","M","R","E","$","T","R","E","?","R","M","R","B",null,"M","M","?","$","M","R","E"],"character_chosen":"WATCHER","items_purchased":["Protect","Letter Opener"],"campfire_rested":2,"item_purchase_floors":[8,21],"current_hp_per_floor":[41,41,41,33,32,32,16,16,16,36,33,32,32,32,32,14,54,33,16,16,16,7,27,0,0],"gold":31,"neow_bonus":"THREE_RARE_CARDS","is_daily":false,"chose_seed":false,"campfire_upgraded":3,"win_rate":0.0,"timestamp":1610059876,"path_taken":["M","?","?","M","?","R","E","?","T","R","E","?","R","M","R","BOSS","M","M","?","$","M","R","E"],"items_purchased_type":["Card","Relic"],"build_version":"2020-12-22","purchased_purges":2,"victory":false,"max_hp_per_floor":[72,67,67,67,67,67,67,67,67,67,67,67,67,67,67,67,67,67,67,67,67,67,67,67,67],"relic_stats":{"counters":[12,44],"Golden Idol":70,"Pandora\u0027s Box":["WheelKick","Fasting2","ForeignInfluence","Crescendo","FollowUp","Blasphemy"],"Bag of Preparation":[16],"Letter Opener":[17],"obtain_stats":[{"Golden Idol":2,"Pandora\u0027s Box":17,"Bag of Preparation":7,"Letter Opener":21,"PureWater":0,"Odd Mushroom":12,"StrikeDummy":11},{"Golden Idol":1,"Pandora\u0027s Box":8,"Bag of Preparation":4,"Letter Opener":10,"PureWater":0,"Odd Mushroom":6,"StrikeDummy":5},{"Golden Idol":4,"Pandora\u0027s Box":30,"Bag of Preparation":13,"Letter Opener":38,"PureWater":0,"Odd Mushroom":21,"StrikeDummy":18}]},"card_choices":[{"not_picked":["Vault","Judgement"],"picked":"Alpha","floor":0},{"not_picked":["FollowUp","Halt"],"picked":"Sanctity","floor":1},{"not_picked":["Halt","FlyingSleeves","Consecrate"],"picked":"SKIP","floor":4},{"not_picked":["Ragnarok","JustLucky","CrushJoints"],"picked":"SKIP","floor":5},{"not_picked":["SashWhip","JustLucky"],"picked":"SpiritShield","floor":7},{"not_picked":["Consecrate","MentalFortress"],"picked":"WaveOfTheHand","floor":11},{"not_picked":["TalkToTheHand","CarveReality"],"picked":"CutThroughFate","floor":12},{"not_picked":["DeceiveReality","ThirdEye"],"picked":"Wireheading","floor":14},{"not_picked":["Establishment","Brilliance"],"picked":"Alpha","floor":16},{"not_picked":["Prostrate","SandsOfTime+1"],"picked":"LikeWater","floor":18},{"not_picked":["Protect","ClearTheMind","Consecrate"],"picked":"SKIP","floor":19},{"not_picked":["ForeignInfluence","CarveReality","CrushJoints+1"],"picked":"SKIP","floor":22}],"player_experience":339712,"relics_obtained":[{"floor":7,"key":"Bag of Preparation"},{"floor":11,"key":"StrikeDummy"},{"floor":12,"key":"Odd Mushroom"}],"event_choices":[{"damage_healed":0,"gold_gain":0,"player_choice":"Lose Max HP","damage_taken":0,"relics_obtained":["Golden Idol"],"max_hp_gain":0,"max_hp_loss":5,"event_name":"Golden Idol","floor":2,"gold_loss":0},{"cards_removed":["Strike_P"],"damage_healed":0,"gold_gain":0,"player_choice":"Purged","damage_taken":0,"max_hp_gain":0,"max_hp_loss":0,"event_name":"Purifier","floor":3,"gold_loss":0},{"damage_healed":0,"gold_gain":0,"player_choice":"Fought Mushrooms","damage_taken":0,"max_hp_gain":0,"max_hp_loss":0,"event_name":"Mushrooms","floor":12,"gold_loss":0},{"damage_healed":0,"gold_gain":0,"player_choice":"Bought 0 Potions","damage_taken":0,"max_hp_gain":0,"max_hp_loss":0,"event_name":"The Woman in Blue","floor":20,"gold_loss":0}],"is_beta":false,"boss_relics":[{"not_picked":["VioletLotus","Black Star"],"picked":"Pandora\u0027s Box"}],"items_purged_floors":[8,21],"is_endless":false,"potions_floor_spawned":[5,7,14,18,22],"killed_by":"Slavers","ascension_level":5}}