{"host":"3ykswgue17e1ycc2","time":1610035437,"event":{"mods":["BaseMod","Colored Powertips","Dark Map","Minty Spire (QoL Compilation)","Quick Restart","Rare Cards Sparkle","StSLib"],"gold_per_floor":[117,117,135,135,148,223,249,249,249,249,281,281,298,248,248,353,353,371,296,35,55,154,184,150,175,175,208,208,208,208,223,223,327,327,337,337,387,441,105,105,119,119,119,119,138,138,138,157,157,157,157,157,11,11,11],"floor_reached":54,"playtime":1884,"items_purged":["Strike_G"],"score":871,"play_id":"757e6870-8eb4-4e05-ac44-48f1a60a4676","local_time":"20210107230357","is_ascension_mode":true,"campfire_choices":[{"data":"Neutralize","floor":8,"key":"SMITH"},{"floor":10,"key":"REST"},{"data":"Dagger Spray","floor":12,"key":"SMITH"},{"data":"Survivor","floor":15,"key":"SMITH"},{"data":"Skewer","floor":28,"key":"SMITH"},{"data":"Blade Dance","floor":30,"key":"SMITH"},{"data":"Noxious Fumes","floor":32,"key":"SMITH"},{"data":"Envenom","floor":40,"key":"SMITH"},{"data":"After Image","floor":42,"key":"SMITH"},{"data":"Quick Slash","floor":44,"key":"SMITH"},{"floor":47,"key":"REST"},{"floor":49,"key":"RECALL"},{"data":"Footwork","floor":52,"key":"SMITH"}],"circlet_count":0,"master_deck":["Strike_G+1","Strike_G","Defend_G","Defend_G","Defend_G","Defend_G","Defend_G+1","Survivor+1","Neutralize+1","Backstab","PiercingWail","Blade Dance+1","Dagger Spray+1","Quick Slash+1","After Image+1","CurseOfTheBell","Dagger Spray","Footwork+1","Skewer+1","Noxious Fumes+1","Envenom+1","Deadly Poison+1","Noxious Fumes+1","Cloak And Dagger+1","Dagger Spray+1","Bane+1"],"relics":["Runic Dome","Torii","Meat on the Bone","Gambling Chip","Du-Vu Doll","Calling Bell","Oddly Smooth Stone","White Beast Statue","Turnip","Kunai","Mummified Hand","TungstenRod","Shuriken","StrikeDummy","SlaversCollar","FossilizedHelix","Prayer Wheel","Paper Crane","Strawberry"],"acts_visited":["Exordium","TheCity","TheBeyond","TheEnding"],"potions_floor_usage":[7,23,25,25,27,33,35,38,45,48,50],"damage_taken":[{"damage":4,"enemies":"Small Slimes","floor":1,"turns":5},{"damage":0,"enemies":"2 Louse","floor":3,"turns":2},{"damage":0,"enemies":"Jaw Worm","floor":5,"turns":4},{"damage":21,"enemies":"Gremlin Nob","floor":7,"turns":5},{"damage":4,"enemies":"3 Sentries","floor":11,"turns":9},{"damage":0,"enemies":"Blue Slaver","floor":13,"turns":2},{"damage":22,"enemies":"The Guardian","floor":16,"turns":17},{"damage":0,"enemies":"3 Byrds","floor":18,"turns":4},{"damage":0,"enemies":"Chosen","floor":21,"turns":4},{"damage":19,"enemies":"Book of Stabbing","floor":23,"turns":7},{"damage":15,"enemies":"Gremlin Leader","floor":25,"turns":8},{"damage":0,"enemies":"Book of Stabbing","floor":27,"turns":6},{"damage":0,"enemies":"Centurion and Healer","floor":31,"turns":5},{"damage":5,"enemies":"Collector","floor":33,"turns":6},{"damage":0,"enemies":"3 Darklings","floor":35,"turns":6},{"damage":2,"enemies":"Mind Bloom Boss Battle","floor":37,"turns":5},{"damage":42,"enemies":"2 Orb Walkers","floor":38,"turns":7},{"damage":0,"enemies":"Orb Walker","floor":41,"turns":3},{"damage":12,"enemies":"Writhing Mass","floor":45,"turns":5},{"damage":0,"enemies":"Maw","floor":48,"turns":6},{"damage":30,"enemies":"Awakened One","floor":50,"turns":11},{"damage":78,"enemies":"Shield and Spear","floor":54,"turns":3}],"seed_played":"-9008364459125307701","potions_obtained":[{"floor":1,"key":"DistilledChaos"},{"floor":16,"key":"DistilledChaos"},{"floor":18,"key":"Dexterity Potion"},{"floor":21,"key":"AttackPotion"},{"floor":23,"key":"EssenceOfSteel"},{"floor":25,"key":"GhostInAJar"},{"floor":27,"key":"Strength Potion"},{"floor":31,"key":"FearPotion"},{"floor":33,"key":"FearPotion"},{"floor":35,"key":"Fruit Juice"},{"floor":37,"key":"SneckoOil"},{"floor":38,"key":"Fire Potion"},{"floor":45,"key":"SpeedPotion"},{"floor":48,"key":"BlessingOfTheForge"}],"is_trial":false,"path_per_floor":["M","?","M","?","M","?","E","R","T","R","E","R","M","?","R","B",null,"M","?","$","M","?","E","$","E","T","E","R","?","R","M","R","B",null,"M","?","?","?","$","R","M","R","T","R","M","?","R","M","R","B",null,"R","$","E"],"character_chosen":"THE_SILENT","items_purchased":["Kunai","Footwork","Paper Crane","Strawberry"],"campfire_rested":2,"item_purchase_floors":[20,24,39,53],"current_hp_per_floor":[66,59,59,45,45,34,13,13,13,34,42,42,42,42,42,32,61,61,61,61,61,61,42,42,39,39,39,39,62,62,62,62,57,67,72,71,69,39,39,39,39,39,39,39,39,39,60,60,60,42,64,64,71,0,0],"gold":11,"neow_bonus":"BOSS_RELIC","is_daily":false,"chose_seed":false,"campfire_upgraded":10,"win_rate":0.0,"timestamp":1610035437,"path_taken":["M","?","M","?","M","?","E","R","T","R","E","R","M","?","R","BOSS","M","?","$","M","?","E","$","E","T","E","R","?","R","?","R","BOSS","M","?","?","?","$","R","M","R","T","R","M","?","R","M","R","BOSS","R","$","E"],"items_purchased_type":["Relic","Card","Relic","Relic"],"build_version":"2020-12-22","purchased_purges":1,"victory":false,"max_hp_per_floor":[70,70,70,70,70,70,70,70,70,70,70,70,70,70,70,70,70,70,70,70,70,70,70,70,70,70,70,70,70,70,70,70,70,70,75,71,71,71,71,71,71,71,71,71,71,71,71,71,71,71,71,71,78,78,78],"card_choices":[{"not_picked":["Distraction","Underhanded Strike"],"picked":"Backstab","floor":1},{"not_picked":["Slice","Cloak And Dagger"],"picked":"PiercingWail","floor":3},{"not_picked":["PiercingWail","Reflex","Endless Agony"],"picked":"SKIP","floor":5},{"not_picked":["PiercingWail","Acrobatics"],"picked":"Blade Dance","floor":7},{"not_picked":["Choke","Cloak And Dagger"],"picked":"Dagger Spray","floor":11},{"not_picked":["Backflip","Slice"],"picked":"Quick Slash","floor":13},{"not_picked":["A Thousand Cuts","Night Terror"],"picked":"After Image","floor":16},{"not_picked":["Calculated Gamble","Dodge and Roll"],"picked":"Dagger Spray","floor":18},{"not_picked":["Calculated Gamble+1","Tactician","Slice+1"],"picked":"SKIP","floor":21},{"not_picked":["Backstab","Unload","Flying Knee"],"picked":"SKIP","floor":23},{"not_picked":["Flying Knee","Bouncing Flask","Outmaneuver"],"picked":"SKIP","floor":25},{"not_picked":["Sucker Punch","Tactician+1"],"picked":"Skewer","floor":27},{"not_picked":["Tactician","PiercingWail"],"picked":"Noxious Fumes","floor":31},{"not_picked":["Burst","Grand Finale"],"picked":"Envenom","floor":33},{"not_picked":["Slice","Expertise","Sucker Punch"],"picked":"SKIP","floor":35},{"not_picked":["Prepared+1","Backstab"],"picked":"Deadly Poison+1","floor":37},{"not_picked":["Backflip","Slice"],"picked":"Noxious Fumes+1","floor":38},{"not_picked":["Backflip","Well Laid Plans"],"picked":"Cloak And Dagger+1","floor":41},{"not_picked":["Dagger Throw","Underhanded Strike+1","Tactician"],"picked":"SKIP","floor":41},{"not_picked":["Well Laid Plans+1","Quick Slash+1"],"picked":"Dagger Spray+1","floor":45},{"not_picked":["Flying Knee","Noxious Fumes","Night Terror"],"picked":"SKIP","floor":45},{"not_picked":["Dagger Throw","Endless Agony"],"picked":"Bane+1","floor":48},{"not_picked":["Dodge and Roll+1","Flying Knee+1","Cloak And Dagger+1"],"picked":"SKIP","floor":48}],"player_experience":307603,"relics_obtained":[{"floor":7,"key":"Meat on the Bone"},{"floor":9,"key":"Gambling Chip"},{"floor":11,"key":"Du-Vu Doll"},{"floor":17,"key":"Oddly Smooth Stone"},{"floor":17,"key":"White Beast Statue"},{"floor":17,"key":"Turnip"},{"floor":23,"key":"Mummified Hand"},{"floor":25,"key":"TungstenRod"},{"floor":26,"key":"Shuriken"},{"floor":27,"key":"StrikeDummy"},{"floor":37,"key":"FossilizedHelix"},{"floor":38,"key":"Prayer Wheel"}],"event_choices":[{"damage_healed":0,"gold_gain":0,"player_choice":"Success","damage_taken":7,"relics_obtained":["Torii"],"max_hp_gain":0,"max_hp_loss":0,"event_name":"Scrap Ooze","floor":2,"gold_loss":0},{"damage_healed":0,"gold_gain":0,"player_choice":"Entered Light","damage_taken":14,"max_hp_gain":0,"max_hp_loss":0,"event_name":"Shining Light","floor":4,"gold_loss":0,"cards_upgraded":["Defend_G","Strike_G"]},{"damage_healed":0,"gold_gain":75,"player_choice":"Gather Gold","damage_taken":11,"max_hp_gain":0,"max_hp_loss":0,"event_name":"World of Goop","floor":6,"gold_loss":0},{"cards_removed":["Strike_G"],"damage_healed":0,"gold_gain":0,"player_choice":"Card Removal","damage_taken":0,"max_hp_gain":0,"max_hp_loss":0,"event_name":"The Cleric","floor":14,"gold_loss":50},{"cards_removed":["Strike_G"],"damage_healed":0,"gold_gain":0,"player_choice":"Gave Gold","damage_taken":0,"max_hp_gain":0,"max_hp_loss":0,"event_name":"Beggar","floor":19,"gold_loss":75},{"damage_healed":0,"gold_gain":99,"player_choice":"Stole From Cult","damage_taken":0,"max_hp_gain":0,"max_hp_loss":0,"event_name":"Nest","floor":22,"gold_loss":0},{"damage_healed":23,"gold_gain":0,"player_choice":"Heal","damage_taken":0,"max_hp_gain":0,"max_hp_loss":0,"event_name":"The Library","floor":29,"gold_loss":0},{"damage_healed":0,"gold_gain":0,"player_choice":"Max HP","damage_taken":0,"max_hp_gain":0,"max_hp_loss":4,"event_name":"Winding Halls","floor":36,"gold_loss":0},{"damage_healed":0,"gold_gain":0,"player_choice":"Fight","damage_taken":0,"max_hp_gain":0,"max_hp_loss":0,"event_name":"MindBloom","floor":37,"gold_loss":0},{"damage_healed":0,"gold_gain":0,"player_choice":"Fight","damage_taken":0,"max_hp_gain":0,"max_hp_loss":0,"event_name":"Mysterious Sphere","floor":38,"gold_loss":0},{"damage_healed":0,"gold_gain":0,"player_choice":"0 cards matched","damage_taken":0,"max_hp_gain":0,"max_hp_loss":0,"event_name":"Match and Keep!","floor":46,"gold_loss":0,"cards_obtained":[]}],"is_beta":false,"boss_relics":[{"not_picked":["Fusion Hammer","Velvet Choker"],"picked":"Calling Bell"},{"not_picked":["Snecko Eye","Coffee Dripper"],"picked":"SlaversCollar"}],"items_purged_floors":[39],"is_endless":false,"potions_floor_spawned":[1,16,18,21,23,25,27,31,33,35,37,38,41,45,48],"killed_by":"Shield and Spear","ascension_level":5}}