{"host":"a3oe3gstxz77c7qu","time":1610015749,"event":{"mods":["2.2 Compatiblity","Act Like it!","BaseMod","Bestiary","Better Altar","Better Match","Better Note","Better Skull","Better Third Choice","Block Reminder","Curses Come First","Custom Start","Downfall","Friendly Minions","GifTheSpireLib","Hermit","Infinite Spire","Jorbs\u0027s Wanderer Trilogy","Lobotomy","LobotomyExtend","Marisa????????","Minty Spire (QoL Compilation)","Permanent Neow","Quick Restart","Relic Stats","Replay The Spire","StSLib","The Bug Knight","The Disciple","Uncapped","Wandering Minibosses"],"gold_per_floor":[116,136,15,26,26,26,56,56,56,75,109,127,127,139,139,244,244,216,229,240,240,240],"floor_reached":21,"playtime":3007,"items_purged":[],"score":251,"play_id":"6aea236e-9a15-42d5-babe-281d819b03f5","local_time":"20210107103549","is_ascension_mode":true,"campfire_choices":[{"data":"HollowMod:CycloneSlash","floor":6.0,"key":"SMITH"},{"data":"HollowMod:PureNailStrike","floor":13.0,"key":"SMITH"},{"data":"HollowMod:DoubleDash","floor":15.0,"key":"SMITH"}],"circlet_count":0,"master_deck":["HollowMod:NailStrikeStart","HollowMod:NailStrikeStart","HollowMod:NailStrikeStart","HollowMod:NailStrikeStart","HollowMod:QuickDashStart","HollowMod:QuickDashStart","HollowMod:QuickDashStart","HollowMod:FocusHealStart","HollowMod:PogoStrike","HollowMod:PureNailStrike+1","HollowMod:DoubleDash+1","HollowMod:Grubsong","Good Instincts","HollowMod:CycloneSlash+1","HollowMod:CloakDash","HollowMod:ShapeofUnn","MeatLantern","HollowMod:CornifersMapStart","HollowMod:Hiveblood","DespairKnight","HollowMod:SoulVessel","UniverseFragment"],"relics":["HollowMod:VesselMask","CogitoBucket","RabbitCall","LetterFromLob","Letter Opener","Omamori","PreservedInsect","TreeSap","ChewingGum","FleshIdol"],"acts_visited":["Exordium","TheCity"],"potions_floor_usage":[19,20],"damage_taken":[{"damage":0.0,"enemies":"Cultist","floor":1.0,"turns":4.0},{"damage":6.0,"enemies":"Small Slimes","floor":2.0,"turns":4.0},{"damage":10.0,"enemies":"Jaw Worm","floor":4.0,"turns":7.0},{"damage":2.0,"enemies":"Replay:BlueRogue","floor":7.0,"turns":7.0},{"damage":0.0,"enemies":"2 Fungi Beasts","floor":10.0,"turns":3.0},{"damage":6.0,"enemies":"HollowMod:MossKnight","floor":11.0,"turns":11.0},{"damage":11.0,"enemies":"Blue Slaver","floor":12.0,"turns":12.0},{"damage":0.0,"enemies":"3 Louse","floor":14.0,"turns":2.0},{"damage":10.0,"enemies":"Slime Boss","floor":16.0,"turns":11.0},{"damage":12,"enemies":"2 Thieves","floor":18,"turns":5},{"damage":0,"enemies":"Spheric Guardian","floor":19,"turns":4},{"damage":96,"enemies":"Centurion and Healer","floor":20,"turns":20},{"damage":7,"enemies":"Snake Plant","floor":21,"turns":2}],"seed_played":"2750503220597765574","potions_obtained":[{"floor":2.0,"key":"infinitespire:BlackPotion"},{"floor":4.0,"key":"Reflective Coating"},{"floor":11.0,"key":"AttackPotion"},{"floor":14.0,"key":"PowerPotion"},{"floor":18,"key":"SkillPotion"},{"floor":19,"key":"Strength Potion"}],"is_trial":false,"path_per_floor":["M","M","$","M","?","R","E","?","T","M","E","M","R","M","R","B",null,"M","M","M","M"],"character_chosen":"THE_BUGKNIGHT","items_purchased":["HollowMod:Grubsong","Good Instincts"],"campfire_rested":0,"item_purchase_floors":[3,3],"current_hp_per_floor":[75,75,75,75,75,75,75,75,75,75,75,64,64,64,64,64,72,75,75,6,0,0],"gold":240,"neow_bonus":"","is_daily":false,"chose_seed":false,"campfire_upgraded":3,"win_rate":0.0,"timestamp":1610015749,"path_taken":["M","M","$","M","?","R","E","?","T","M","E","M","R","M","R","BOSS","M","M","M","M"],"items_purchased_type":["Card","Card"],"build_version":"2020-12-22","purchased_purges":0,"victory":false,"max_hp_per_floor":[75,75,75,75,75,75,75,75,75,75,75,75,75,75,75,75,75,75,75,75,75,75],"relic_stats":{"counters":[15,94],"PreservedInsect":0,"Letter Opener":[102],"obtain_stats":[{"RabbitCall":0,"CogitoBucket":0,"TreeSap":12,"HollowMod:VesselMask":0,"ChewingGum":17,"FleshIdol":20,"PreservedInsect":11,"LetterFromLob":1,"Omamori":9,"Letter Opener":7},{"RabbitCall":0,"CogitoBucket":0,"TreeSap":8,"HollowMod:VesselMask":0,"ChewingGum":10,"FleshIdol":14,"PreservedInsect":6,"LetterFromLob":1,"Omamori":4,"Letter Opener":4},{"RabbitCall":0,"CogitoBucket":0,"TreeSap":49,"HollowMod:VesselMask":0,"ChewingGum":62,"FleshIdol":92,"PreservedInsect":36,"LetterFromLob":4,"Omamori":22,"Letter Opener":22}]},"card_choices":[{"not_picked":["HollowMod:InfectedCysts","HollowMod:SiblingsSouls"],"picked":"HollowMod:PureNailStrike","floor":1.0},{"not_picked":["Bloodbath","WhitesApple","PunishingBird"],"picked":"Singing Bowl","floor":1.0},{"not_picked":["HollowMod:GoodIntentions","HollowMod:VengefulVoid"],"picked":"HollowMod:DoubleDash","floor":2.0},{"not_picked":["Wellcheers","Murderer","WallGazer"],"picked":"Singing Bowl","floor":2.0},{"not_picked":["HollowMod:DescendingDark","HollowMod:MantisMark"],"picked":"HollowMod:CycloneSlash","floor":4.0},{"not_picked":["QueenBee","VoidDream","OSAHOGD"],"picked":"Singing Bowl","floor":4.0},{"not_picked":["HollowMod:ShadowDash","HollowMod:LifebloodCocoon"],"picked":"HollowMod:CloakDash","floor":7.0},{"not_picked":["WallGazer","OSAHOGD","SpiderBud"],"picked":"Singing Bowl","floor":7.0},{"not_picked":["HollowMod:DashSlash","HollowMod:LifebloodCocoon"],"picked":"HollowMod:ShapeofUnn","floor":10.0},{"not_picked":["Variant","GreedKing","Murderer"],"picked":"Singing Bowl","floor":10.0},{"not_picked":["CrumblingArmor","Laetitia"],"picked":"MeatLantern","floor":11.0},{"not_picked":["HollowMod:SoulEater","HollowMod:FastStrike","HollowMod:VoidDash"],"picked":"SKIP","floor":11.0},{"not_picked":["Wellcheers","CherryBlossoms","CrumblingArmor"],"picked":"Singing Bowl","floor":12.0},{"not_picked":["HollowMod:VengefulVoid","HollowMod:NewLittleFool","HollowMod:SoulStrike"],"picked":"SKIP","floor":12.0},{"not_picked":["HollowMod:VengefulVoid","HollowMod:NewLittleFool","HollowMod:SoulStrike"],"picked":"SKIP","floor":12.0},{"not_picked":["HollowMod:theNailsmith","HollowMod:GreatSlash"],"picked":"HollowMod:CornifersMapStart","floor":14.0},{"not_picked":["SingingMachine","FairyFestival","QueenBee"],"picked":"Singing Bowl","floor":14.0},{"not_picked":["HollowMod:SoulMaster","HollowMod:HornetsHelp"],"picked":"HollowMod:Hiveblood","floor":16.0},{"not_picked":["OSAHOGD","VoidDream","Wellcheers"],"picked":"Singing Bowl","floor":16.0},{"not_picked":["PunishingBird","Bloodbath"],"picked":"DespairKnight","floor":16.0},{"not_picked":["HollowMod:NewJinnsSoul+1","HollowMod:ShadowDash+1"],"picked":"HollowMod:SoulVessel","floor":18},{"not_picked":["FairyFestival","MHz"],"picked":"UniverseFragment","floor":18},{"not_picked":["Murderer","SpiderBud","BigBadWolf"],"picked":"Singing Bowl","floor":19},{"not_picked":["HollowMod:DescendingDark","HollowMod:HeavyBlow","HollowMod:ChannelNail"],"picked":"SKIP","floor":19},{"not_picked":["PunishingBird","CherryBlossoms","BigBadWolf"],"picked":"Singing Bowl","floor":20},{"not_picked":["HollowMod:ZotesMagnificence","HollowMod:SoulEater","HollowMod:NewJinnsSoul"],"picked":"SKIP","floor":20}],"player_experience":916378,"relics_obtained":[{"floor":1.0,"key":"LetterFromLob"},{"floor":7.0,"key":"Letter Opener"},{"floor":9.0,"key":"Omamori"},{"floor":11.0,"key":"PreservedInsect"}],"event_choices":[{"damage_healed":0.0,"max_hp_gain":0.0,"max_hp_loss":0.0,"gold_gain":0.0,"event_name":"betterThird:BetterSerpent","player_choice":"Ignored","floor":5.0,"gold_loss":0.0,"damage_taken":26.0},{"cards_removed":["HollowMod:QuickDashStart"],"damage_healed":0.0,"max_hp_gain":0.0,"max_hp_loss":0.0,"gold_gain":0.0,"event_name":"Bonfire Elementals","player_choice":"Offered Basic","floor":8.0,"gold_loss":0.0,"damage_taken":0.0}],"is_beta":false,"boss_relics":[{"not_picked":["Snecko Eye","ReplayTheSpireMod:SealedPack"],"picked":"ChewingGum"}],"items_purged_floors":[],"is_endless":false,"potions_floor_spawned":[2,4,11,14,18,19],"killed_by":"Snake Plant","ascension_level":6}}