{"host":"dnd25fcf5l5puhl9","time":1610060448,"event":{"mods":["AchievementEnabler","Act Like it!","BaseMod","BetterRewards","Colored Map","Colored Powertips","Downfall","Gensokyo","Hermit","Hubris","Infinite Spire","Lobotomy","Minty Spire (QoL Compilation)","Replay The Spire","Shop Mod","StSLib","SuperFastMode","The Bug Knight","The Jungle","The Necromancer"],"gold_per_floor":[114,133,149,161,178,206,306,341,368,383,83,83,99,429,429,429,429],"floor_reached":16,"playtime":1098,"items_purged":[],"score":149,"play_id":"694c769a-3739-40d5-ae73-0610fac12ac5","local_time":"20210107210048","is_ascension_mode":false,"campfire_choices":[{"data":"HollowMod:ChannelNail","floor":15,"key":"SMITH"}],"circlet_count":0,"master_deck":["HollowMod:NailStrikeStart","HollowMod:NailStrikeStart","HollowMod:NailStrikeStart","HollowMod:QuickDashStart","HollowMod:QuickDashStart","HollowMod:QuickDashStart","HollowMod:QuickDashStart","HollowMod:FocusHealStart","HollowMod:PogoStrike","HollowMod:SoulStrike+1","HollowMod:MantisMark","HollowMod:SoulStrike+1","HollowMod:HowlingWraiths+1","HollowMod:CycloneSlash+1","HollowMod:ChannelNail+1","HollowMod:NewLastStag"],"relics":["HollowMod:VesselMask","Molten Egg 2","Replay:PocketPolymizer","Frozen Eye","Blood Vial","Akabeko","Smiling Mask","hubris:EvacipatedBox","Old Coin"],"acts_visited":["Exordium"],"potions_floor_usage":[6,16,16,16],"damage_taken":[{"damage":5,"enemies":"Cultist","floor":1,"turns":4},{"damage":4,"enemies":"infinitespire:Voidling","floor":2,"turns":3},{"damage":6,"enemies":"Jaw Worm","floor":3,"turns":3},{"damage":8,"enemies":"Exordium Thugs","floor":4,"turns":6},{"damage":3,"enemies":"HollowMod:HuskWarrior","floor":5,"turns":7},{"damage":15,"enemies":"HollowMod:MossKnight","floor":6,"turns":6},{"damage":14,"enemies":"Gremlin Nob","floor":8,"turns":3},{"damage":5,"enemies":"Looter","floor":10,"turns":2},{"damage":2,"enemies":"Blue Slaver","floor":13,"turns":2},{"damage":0,"enemies":"Replay:BlueRogue","floor":14,"turns":4},{"damage":38,"enemies":"The Guardian","floor":16,"turns":11}],"seed_played":"-5330092442856847934","potions_obtained":[{"floor":1,"key":"Energy Potion"},{"floor":3,"key":"DistilledChaos"},{"floor":5,"key":"ColorlessPotion"},{"floor":10,"key":"SkillPotion"}],"is_trial":false,"path_per_floor":["M","M","M","M","M","E","?","E","T","M","?","$","M","E","R","B"],"character_chosen":"THE_BUGKNIGHT","items_purchased":["Molten Egg 2","Replay:PocketPolymizer","Frozen Eye","MerchantsRug","hubris:EvacipatedBox"],"campfire_rested":0,"item_purchase_floors":[0,0,0,0,12],"current_hp_per_floor":[45,51,51,53,62,53,53,41,41,38,38,19,19,21,21,0,0],"gold":429,"neow_bonus":"","is_daily":false,"chose_seed":false,"campfire_upgraded":1,"win_rate":0.0,"timestamp":1610060448,"path_taken":["M","M","M","M","M","E","?","E","T","?","?","?","M","E","R","BOSS"],"items_purchased_type":["Relic","Relic","Relic","Relic","Relic"],"build_version":"2020-12-22","purchased_purges":0,"victory":false,"max_hp_per_floor":[75,75,75,75,75,75,75,75,75,75,75,75,75,75,75,75,75],"card_choices":[{"not_picked":["HollowMod:HowlingWraiths+1","HollowMod:MawleksShell"],"picked":"HollowMod:SoulStrike+1","floor":1},{"not_picked":["HollowMod:HeavyBlow+1","HollowMod:LifebloodCocoon"],"picked":"HollowMod:MantisMark","floor":2},{"not_picked":["HollowMod:SiblingsSouls","HollowMod:DoubleDash"],"picked":"HollowMod:SoulStrike+1","floor":3},{"not_picked":["HollowMod:BlackTendrils+1","HollowMod:LifebloodCocoon","HollowMod:DescendingDark+1"],"picked":"SKIP","floor":4},{"not_picked":["HollowMod:DashSlash+1","HollowMod:VengefulVoid+1"],"picked":"HollowMod:HowlingWraiths+1","floor":5},{"not_picked":["HollowMod:VengefulVoid+1","HollowMod:SharpenedShadows"],"picked":"HollowMod:CycloneSlash+1","floor":6},{"not_picked":["HollowMod:CloakDash","HollowMod:InfectedAttack+1"],"picked":"HollowMod:ChannelNail","floor":8},{"not_picked":["HollowMod:NewJinnsSoul","HollowMod:ChannelNail","HollowMod:TaintedHusks"],"picked":"SKIP","floor":10},{"not_picked":["HollowMod:DreamGate","HollowMod:InfectedCysts+1","HollowMod:BaldurShell"],"picked":"SKIP","floor":13},{"not_picked":["HollowMod:AbyssShriek+1","HollowMod:GoodIntentions","HollowMod:NewGlowingWomb"],"picked":"SKIP","floor":14}],"player_experience":556507,"relics_obtained":[{"floor":6,"key":"Blood Vial"},{"floor":8,"key":"Akabeko"},{"floor":9,"key":"Smiling Mask"},{"floor":14,"key":"Old Coin"}],"event_choices":[{"damage_healed":0,"gold_gain":100,"player_choice":"Pray","damage_taken":0,"max_hp_gain":0,"max_hp_loss":0,"event_name":"Golden Shrine","floor":7,"gold_loss":0}],"is_beta":false,"boss_relics":[],"items_purged_floors":[],"is_endless":false,"potions_floor_spawned":[1,3,5,10,14],"killed_by":"The Guardian","ascension_level":0}}