{"host":"2zwkzbbohfglxxlo","time":1610055486,"event":{"mods":["Act Like it!","BaseMod","BetterRewards","Colored Powertips","Conspire","GifTheSpireLib","Hermit","Hubris","Infinite Spire","Minty Spire (QoL Compilation)","Quick Restart","Relic Stats","Replay The Spire","StSLib","The Cursed","The Mystic","The Necromancer","The Runesmith","The Servant 0.9.4","Wandering Minibosses"],"gold_per_floor":[217,217,217,66,76,107,118,118,118,150,170,198,45,58,58,162,162,179,179],"floor_reached":18,"playtime":925,"items_purged":[],"score":217,"play_id":"82a44f18-b114-4d81-a0f2-f90f6c0259ec","local_time":"20210107143806","is_ascension_mode":true,"campfire_choices":[{"data":"mysticmod:Daze","floor":8.0,"key":"SMITH"},{"floor":15,"key":"REST"}],"circlet_count":0,"master_deck":["Dual Wield+1","mysticmod:Strike_Mystic","mysticmod:Strike_Mystic","mysticmod:Strike_Mystic","mysticmod:Strike_Mystic","mysticmod:Defend_Mystic","mysticmod:Defend_Mystic","mysticmod:Defend_Mystic","mysticmod:Defend_Mystic","mysticmod:ArcaneDodge","mysticmod:ShockingGrasp","mysticmod:Sideswipe","mysticmod:Daze+1","mysticmod:Fly","mysticmod:Grease","mysticmod:MysticalShield","mysticmod:EnergizedRift","mysticmod:Alacrity","mysticmod:Riposte","mysticmod:MirrorEntity","CurseOfTheBell"],"relics":["mysticmod:SpellBook","Ring of Hypnosis","hubris:PeanutButter","hubris:EmptyBottle","Bird Faced Urn","hubris:MysteriousPyramids","infinitespire:Golems Mask","ReplayFunnel","Medical Kit","Calling Bell","Pen Nib","Meat on the Bone","conspire:Boomerang"],"acts_visited":["Exordium","TheCity"],"potions_floor_usage":[16,16,16],"damage_taken":[{"damage":2.0,"enemies":"Small Slimes","floor":1.0,"turns":4.0},{"damage":0.0,"enemies":"Jaw Worm","floor":5.0,"turns":2.0},{"damage":0.0,"enemies":"Gremlin Nob","floor":6.0,"turns":3.0},{"damage":0.0,"enemies":"infinitespire:Voidling","floor":7.0,"turns":4.0},{"damage":15.0,"enemies":"Replay:BlueRogue","floor":10.0,"turns":7.0},{"damage":0.0,"enemies":"Red Slaver","floor":11.0,"turns":1.0},{"damage":20,"enemies":"Gremlin Nob","floor":12,"turns":5},{"damage":0,"enemies":"Large Slime","floor":14,"turns":8},{"damage":15,"enemies":"Slime Boss","floor":16,"turns":6},{"damage":26,"enemies":"Spheric Guardian","floor":18,"turns":7}],"seed_played":"-9149559832660364975","potions_obtained":[{"floor":1.0,"key":"FearPotion"},{"floor":5.0,"key":"Swift Potion"},{"floor":12,"key":"Ancient Potion"},{"floor":14,"key":"PowerPotion"},{"floor":16,"key":"LiquidMemories"}],"is_trial":false,"path_per_floor":["M","?","T","$","M","E","M","R","T","E","M","E","$","M","R","B",null,"M"],"character_chosen":"MYSTIC_CLASS","items_purchased":["hubris:EmptyBottle","Medical Kit"],"campfire_rested":1,"item_purchase_floors":[4,13],"current_hp_per_floor":[75,75,75,75,75,75,77,77,77,62,62,44,44,46,69,60,77,53,53],"gold":179,"neow_bonus":"HUNDRED_GOLD","is_daily":false,"chose_seed":false,"campfire_upgraded":1,"win_rate":0.0,"timestamp":1610055486,"path_taken":["M","?","?","$","M","E","?","R","T","E","?","E","?","M","R","BOSS","M"],"items_purchased_type":["Relic","Relic"],"build_version":"2020-12-22","purchased_purges":0,"victory":false,"max_hp_per_floor":[77,77,77,77,77,77,77,77,77,77,77,77,77,77,77,77,77,77,77],"relic_stats":{"counters":[73,343],"Bird Faced Urn":[12],"Pen Nib":[1],"Medical Kit":[5],"obtain_stats":[{"mysticmod:RunicPrism":5,"hubris:MysteriousPyramids":9,"hubris:TerracottaHorce":17,"Strawberry":7,"Philosopher\u0027s Stone":46,"infinitespire:Golems Mask":10,"Replay:Bottled Flurry":24,"hubris:TinFlute":24,"Ring of Hypnosis":2,"Blue Candle":5,"Pen Nib":17,"conspire:Boomerang":17,"Letter Opener":46,"War Paint":9,"Question Card":0,"Replay:Baseball":6,"Shuriken":22,"Bird Faced Urn":40,"hubris:PeanutButter":11,"ReplayTheSpireMod:TigerMarble":9,"StrikeDummy":2,"Unceasing Top":15,"Meat on the Bone":17,"ReplayFunnel":12,"ReplayTheSpireMod:Ring of Exchange":27,"mysticmod:SpellBook":0,"Bag of Preparation":26,"hubris:SlimyHat":12,"hubris:EmptyBottle":32,"Replay:Mystery Machine":10,"Pet Ghost":10,"Replay:Rubber Ducky":23,"Chameleon Ring":43,"mysticmod:BlessedBook":19,"Gremlin Food":7,"Lee\u0027s Waffle":8,"NeowsBlessing":0,"Golden Idol":4,"mysticmod:Kama":28,"infinitespire:Lucky Rock":40,"hubris:Towel":21,"mysticmod:DeckOfManyThings":34,"Medical Kit":13,"White Beast Statue":39,"Calling Bell":17,"infinitespire:WardingShard":39,"hubris:BundleOfHerbs":23,"Art of War":0,"Bag of Marbles":27,"hubris:FoxTail":46,"ReplayTheSpireMod:Ring of Challenge":27,"ReplayTheSpireMod:Lightbulb":26,"Toy Ornithopter":45,"FossilizedHelix":0,"ReplayTheSpireMod:ShopPack":36},{"mysticmod:RunicPrism":2,"hubris:MysteriousPyramids":67,"hubris:TerracottaHorce":44,"Strawberry":28,"Philosopher\u0027s Stone":60,"infinitespire:Golems Mask":68,"Replay:Bottled Flurry":12,"hubris:TinFlute":48,"Ring of Hypnosis":64,"Blue Candle":27,"Pen Nib":72,"conspire:Boomerang":72,"Letter Opener":23,"War Paint":28,"Question Card":25,"Replay:Baseball":3,"Shuriken":10,"Bird Faced Urn":20,"hubris:PeanutButter":4,"ReplayTheSpireMod:TigerMarble":41,"StrikeDummy":1,"Unceasing Top":7,"Meat on the Bone":72,"ReplayFunnel":70,"ReplayTheSpireMod:Ring of Exchange":13,"mysticmod:SpellBook":0,"Bag of Preparation":13,"hubris:SlimyHat":31,"hubris:EmptyBottle":15,"Replay:Mystery Machine":42,"Pet Ghost":29,"Replay:Rubber Ducky":35,"Chameleon Ring":21,"mysticmod:BlessedBook":9,"Gremlin Food":41,"Lee\u0027s Waffle":28,"NeowsBlessing":0,"Golden Idol":2,"mysticmod:Kama":13,"infinitespire:Lucky Rock":57,"hubris:Towel":34,"mysticmod:DeckOfManyThings":54,"Medical Kit":70,"White Beast Statue":56,"Calling Bell":72,"infinitespire:WardingShard":56,"hubris:BundleOfHerbs":48,"Art of War":25,"Bag of Marbles":50,"hubris:FoxTail":60,"ReplayTheSpireMod:Ring of Challenge":13,"ReplayTheSpireMod:Lightbulb":49,"Toy Ornithopter":22,"FossilizedHelix":25,"ReplayTheSpireMod:ShopPack":17},{"mysticmod:RunicPrism":2,"hubris:MysteriousPyramids":309,"hubris:TerracottaHorce":227,"Strawberry":131,"Philosopher\u0027s Stone":287,"infinitespire:Golems Mask":316,"Replay:Bottled Flurry":43,"hubris:TinFlute":243,"Ring of Hypnosis":300,"Blue Candle":125,"Pen Nib":336,"conspire:Boomerang":336,"Letter Opener":110,"War Paint":131,"Question Card":121,"Replay:Baseball":3,"Shuriken":34,"Bird Faced Urn":88,"hubris:PeanutButter":5,"ReplayTheSpireMod:TigerMarble":210,"StrikeDummy":1,"Unceasing Top":21,"Meat on the Bone":336,"ReplayFunnel":322,"ReplayTheSpireMod:Ring of Exchange":49,"mysticmod:SpellBook":0,"Bag of Preparation":49,"hubris:SlimyHat":146,"hubris:EmptyBottle":59,"Replay:Mystery Machine":214,"Pet Ghost":137,"Replay:Rubber Ducky":187,"Chameleon Ring":95,"mysticmod:BlessedBook":31,"Gremlin Food":210,"Lee\u0027s Waffle":131,"NeowsBlessing":0,"Golden Idol":2,"mysticmod:Kama":49,"infinitespire:Lucky Rock":274,"hubris:Towel":170,"mysticmod:DeckOfManyThings":266,"Medical Kit":322,"White Beast Statue":271,"Calling Bell":336,"infinitespire:WardingShard":271,"hubris:BundleOfHerbs":243,"Art of War":121,"Bag of Marbles":249,"hubris:FoxTail":287,"ReplayTheSpireMod:Ring of Challenge":49,"ReplayTheSpireMod:Lightbulb":246,"Toy Ornithopter":101,"FossilizedHelix":121,"ReplayTheSpireMod:ShopPack":72}],"Meat on the Bone":0},"card_choices":[{"not_picked":["mysticmod:IllusionOfCalm","mysticmod:SuddenClarity"],"picked":"mysticmod:Sideswipe","floor":1.0},{"not_picked":["mysticmod:HeavyStrike","mysticmod:KeenEdge"],"picked":"mysticmod:Daze","floor":5.0},{"not_picked":["mysticmod:Riposte","mysticmod:Shield"],"picked":"mysticmod:Fly","floor":6.0},{"not_picked":["mysticmod:TomeOfSpells","mysticmod:SuddenClarity"],"picked":"mysticmod:Grease","floor":7.0},{"not_picked":["mysticmod:Dedication","mysticmod:CorrosiveTouch"],"picked":"mysticmod:MysticalShield","floor":10.0},{"not_picked":["mysticmod:Riposte","mysticmod:PureInstinct"],"picked":"mysticmod:EnergizedRift","floor":11.0},{"not_picked":["mysticmod:Grease","mysticmod:Riposte"],"picked":"mysticmod:Alacrity","floor":12},{"not_picked":["mysticmod:EbbAndFlow","mysticmod:Alacrity"],"picked":"mysticmod:Riposte","floor":14},{"not_picked":["mysticmod:GreaterInvisibility","mysticmod:ObscuringMist"],"picked":"mysticmod:MirrorEntity","floor":16}],"player_experience":572475,"relics_obtained":[{"floor":2.0,"key":"Ring of Hypnosis"},{"floor":3.0,"key":"hubris:PeanutButter"},{"floor":6.0,"key":"Bird Faced Urn"},{"floor":9.0,"key":"hubris:MysteriousPyramids"},{"floor":10.0,"key":"infinitespire:Golems Mask"},{"floor":12,"key":"ReplayFunnel"},{"floor":17,"key":"Pen Nib"},{"floor":17,"key":"Meat on the Bone"},{"floor":17,"key":"conspire:Boomerang"}],"event_choices":[],"is_beta":false,"boss_relics":[{"not_picked":["Runesmith:UraniumAnvil","Replay:Grab Bag"],"picked":"Calling Bell"}],"items_purged_floors":[],"is_endless":false,"potions_floor_spawned":[1,5,12,14,16],"killed_by":"Spheric Guardian","ascension_level":1}}