{"host":"fdmexzkyss3ff9bv","time":1610054143,"event":{"mods":["BaseMod","Beaked The Cultist","BetterRewards","Downfall","Glutton Mod","Halation","Hubris","Infinite Spire","Minty Spire (QoL Compilation)","Replay The Spire","StSLib","The Animator","The Blackbeard","The Bug Knight","The Construct","The Mystic","The Servant 0.9.4","The Witch"],"gold_per_floor":[109,119,119,185,196,224,224,239,239,253,253,269,288,300,300,396,396,416,428,428,428,438,473,473,221,247,247,274,287,202,202,202,305,305,329,379,379,398,211,237,43,43,43,68,81,109,127,143,143,143,143,143,118,148,148],"floor_reached":56,"playtime":4132,"items_purged":[],"score":1103,"play_id":"fd4dd424-38b7-48d1-8d91-675b005676b3","local_time":"20210107221543","is_ascension_mode":false,"campfire_choices":[{"floor":7,"key":"REST"},{"floor":11,"key":"REST"},{"floor":15,"key":"REST"},{"floor":24,"key":"RECALL"},{"data":"Chill","floor":27,"key":"SMITH"},{"data":"Electrodynamics","floor":32,"key":"SMITH"},{"data":"Defragment","floor":42,"key":"SMITH"},{"data":"Blizzard","floor":49,"key":"SMITH"},{"data":"Blizzard","floor":52,"key":"SMITH"}],"circlet_count":0,"master_deck":["Strike_B","Strike_B","Strike_B+1","Defend_B","Defend_B+1","Defend_B","Defend_B","Zap+1","Dualcast","Static Discharge+1","Defragment+1","Sweeping Beam","Stack","Leap","Barrage","Melter","Stack","Stack","ReplayTheSpireMod:Calculation Training","Stack+1","Electrodynamics+1","Redo+1","Coolheaded","CurseOfTheBell","Chill+1","ReplaySort","hubris:Wrath","Cold Snap+1","Double Energy+1","Machine Learning+1","Barrage+1","Coolheaded+1","Stack+1","Blizzard+1","Glacier+1","Sweeping Beam+1","Blizzard+1","Blizzard","Injury","Conserve Battery","Redo","Chill+1","Compile Driver+1","Coolheaded","Barrage+1","Double Energy+1"],"relics":["Cracked Core","CaptainsWheel","halation:SwordOfLegend","Replay:Frozen Program","Sundial","Bronze Scales","White Beast Statue","Replay:Grab Bag","Cursed Key","beaked:SacredNecklace","halation:Prosthetics","Empty Cage","Replay:Lucky Slots","Calling Bell","Regal Pillow","Cables","construct:RocketBooster","Eternal Feather","hubris:MysteriousPyramids","Blue Doll","hubris:Reverence","WingedGreaves","MutagenicStrength","hubris:HollowSoul","Replay:Towering Pillar of Hats","halation:PinkSoulGem","Gremlin Food","TheAbacus","Pet Ghost","infinitespire:Lucky Rock"],"acts_visited":["Exordium","TheCity","TheBeyond","TheEnding"],"potions_floor_usage":[10,14,16,16,21,23,23,23,36,38,40,40,46,54,55,55,55,55,55,55],"damage_taken":[{"damage":1,"enemies":"Cultist","floor":1,"turns":3},{"damage":5,"enemies":"2 Louse","floor":2,"turns":3},{"damage":0,"enemies":"Small Slimes","floor":5,"turns":2},{"damage":28,"enemies":"Lagavulin","floor":6,"turns":7},{"damage":2,"enemies":"Looter","floor":8,"turns":3},{"damage":13,"enemies":"Lots of Slimes","floor":10,"turns":3},{"damage":11,"enemies":"3 Louse","floor":12,"turns":2},{"damage":14,"enemies":"Blue Slaver","floor":13,"turns":2},{"damage":0,"enemies":"2 Fungi Beasts","floor":14,"turns":3},{"damage":13,"enemies":"Slime Boss","floor":16,"turns":10},{"damage":0,"enemies":"Spheric Guardian","floor":18,"turns":4},{"damage":6,"enemies":"Chosen","floor":19,"turns":5},{"damage":0,"enemies":"Shelled Parasite and Fungi","floor":21,"turns":1},{"damage":9,"enemies":"Centurion and Healer","floor":22,"turns":5},{"damage":3,"enemies":"Nightmare","floor":23,"turns":9},{"damage":0,"enemies":"Replay:Snechameleon","floor":28,"turns":4},{"damage":0,"enemies":"3 Cultists","floor":29,"turns":3},{"damage":6,"enemies":"Champ","floor":33,"turns":10},{"damage":3,"enemies":"3 Shapes","floor":35,"turns":2},{"damage":0,"enemies":"Mind Bloom Boss Battle","floor":36,"turns":6},{"damage":13,"enemies":"Orb Walker","floor":38,"turns":2},{"damage":12,"enemies":"beaked:SuperParasite","floor":40,"turns":9},{"damage":0,"enemies":"Maw","floor":44,"turns":6},{"damage":0,"enemies":"Writhing Mass","floor":45,"turns":4},{"damage":9,"enemies":"Giant Head","floor":46,"turns":8},{"damage":0,"enemies":"Sphere and 2 Shapes","floor":47,"turns":2},{"damage":0,"enemies":"Spire Growth","floor":48,"turns":3},{"damage":1,"enemies":"Replay:Hell Engine","floor":50,"turns":11},{"damage":16,"enemies":"Shield and Spear","floor":54,"turns":3},{"damage":11,"enemies":"The Heart","floor":55,"turns":11}],"seed_played":"-3603581099481477225","potions_obtained":[{"floor":4,"key":"BlessingOfTheForge"},{"floor":6,"key":"Weak Potion"},{"floor":8,"key":"LiquidBronze"},{"floor":10,"key":"Slimebound:ThreeZeroPotion"},{"floor":12,"key":"hexamod:EctoCoolerPotion"},{"floor":14,"key":"SneckoOil"},{"floor":16,"key":"SmokeBomb"},{"floor":18,"key":"LifebloodPotion"},{"floor":19,"key":"LiquidMemories"},{"floor":22,"key":"Venom Potion"},{"floor":28,"key":"Energy Potion"},{"floor":29,"key":"CultistPotion"},{"floor":33,"key":"Explosive Potion"},{"floor":36,"key":"Milkshake"},{"floor":38,"key":"Swift Potion"},{"floor":40,"key":"AttackPotion"},{"floor":44,"key":"Fire Potion"},{"floor":45,"key":"EntropicBrew"},{"floor":46,"key":"Energy Potion"},{"floor":47,"key":"EssenceOfSteel"},{"floor":54,"key":"SpeedPotion"}],"is_trial":false,"path_per_floor":["M","M","?","?","M","E","R","M","T","M","R","M","M","M","R","B",null,"M","M","AVR","M","M","NM","R","$","T","R","E","M","?","?","R","B",null,"M","?","?","M","$","E","$","R","T","M","M","E","M","M","R","B",null,"R","$","E","B",null],"character_chosen":"DEFECT","items_purchased":["Static Discharge+1","Replay:Frozen Program","hubris:MysteriousPyramids","Blizzard","Regen Potion","Glacier","Blizzard","TheAbacus","Barrage+1"],"campfire_rested":3,"item_purchase_floors":[0,0,25,39,39,39,41,41,53],"current_hp_per_floor":[39,34,34,34,34,6,37,35,35,22,50,39,25,25,53,40,40,40,34,34,34,25,22,40,40,40,40,40,40,40,40,40,34,40,37,37,37,24,24,27,27,40,40,40,40,31,31,31,40,39,40,40,40,24,13],"gold":148,"neow_bonus":"","is_daily":false,"chose_seed":false,"campfire_upgraded":5,"win_rate":0.0,"timestamp":1610054143,"path_taken":["M","?","?","?","M","E","R","M","T","M","R","?","M","M","R","BOSS","M","M","AVR","M","M","NM","R","$","T","R","E","M","?","?","R","BOSS","M","?","?","M","$","E","$","R","T","M","M","E","M","M","R","BOSS","R","$","E","BOSS"],"items_purchased_type":["Card","Relic","Relic","Card","Potion","Card","Card","Relic","Card"],"build_version":"2020-12-13","purchased_purges":0,"victory":true,"max_hp_per_floor":[75,75,75,75,75,75,75,75,75,75,75,75,75,75,75,75,40,40,40,40,40,40,40,40,40,40,40,40,40,40,40,40,40,40,40,40,40,40,40,40,40,40,40,40,40,40,40,40,40,40,40,40,40,40,40],"card_choices":[{"not_picked":["Heatsinks","Sweeping Beam"],"picked":"Defragment","floor":1},{"not_picked":["Chaos","Consume"],"picked":"Sweeping Beam","floor":2},{"not_picked":["BasicCrystalCard","Force Field"],"picked":"Stack","floor":4},{"not_picked":["Gash","Reprogram"],"picked":"Leap","floor":5},{"not_picked":["Fission","Storm"],"picked":"Barrage","floor":6},{"not_picked":["Hologram","Rebound"],"picked":"Melter","floor":8},{"not_picked":["FIFO Queue","BasicCrystalCard"],"picked":"Stack","floor":10},{"not_picked":["Reinforced Body","hubris:PowerSurge"],"picked":"Stack","floor":12},{"not_picked":["Redo","Conserve Battery"],"picked":"ReplayTheSpireMod:Calculation Training","floor":13},{"not_picked":["Go for the Eyes","Streamline"],"picked":"Stack","floor":14},{"not_picked":["Hyperbeam","Biased Cognition"],"picked":"Electrodynamics","floor":16},{"not_picked":["Hologram","Gash+1"],"picked":"Redo+1","floor":18},{"not_picked":["Capacitor","Ball Lightning"],"picked":"Coolheaded","floor":19},{"not_picked":["Lockon","Amplify"],"picked":"Chill","floor":22},{"not_picked":["Genetic Algorithm","FIFO Queue+1"],"picked":"ReplaySort","floor":23},{"not_picked":["Capacitor","Turbo+1"],"picked":"Cold Snap+1","floor":28},{"not_picked":["Conserve Battery","ReplayTheSpireMod:GoodbyeWorld"],"picked":"Double Energy+1","floor":29},{"not_picked":["Creative AI","Multi-Cast"],"picked":"Machine Learning","floor":33},{"not_picked":["Beam Cell","BasicCrystalCard"],"picked":"Barrage+1","floor":35},{"not_picked":["Panic Button","Sweeping Beam+1"],"picked":"Coolheaded+1","floor":36},{"not_picked":["Panic Button","Turbo"],"picked":"Stack+1","floor":38},{"not_picked":["Streamline","Hyperbeam"],"picked":"Sweeping Beam+1","floor":40},{"not_picked":["Crystallizer","ReplayTheSpireMod:Repulse"],"picked":"Conserve Battery","floor":44},{"not_picked":["Streamline","Crystallizer+1"],"picked":"Redo","floor":45},{"not_picked":["ReplayTheSpireMod:Reroute Power+1","Redo"],"picked":"Chill+1","floor":46},{"not_picked":["ReplayTheSpireMod:GoodbyeWorld","ReplaySort"],"picked":"Compile Driver+1","floor":47},{"not_picked":["Leap","BasicCrystalCard"],"picked":"Coolheaded","floor":48},{"not_picked":["Beam Cell+1","Panic Button+1"],"picked":"Double Energy+1","floor":54}],"player_experience":93220,"relics_obtained":[{"floor":4,"key":"Sundial"},{"floor":6,"key":"Bronze Scales"},{"floor":9,"key":"White Beast Statue"},{"floor":20,"key":"Regal Pillow"},{"floor":20,"key":"Cables"},{"floor":20,"key":"construct:RocketBooster"},{"floor":23,"key":"Eternal Feather"},{"floor":26,"key":"Blue Doll"},{"floor":28,"key":"hubris:Reverence"},{"floor":36,"key":"Replay:Towering Pillar of Hats"},{"floor":40,"key":"Gremlin Food"},{"floor":46,"key":"Pet Ghost"},{"floor":54,"key":"infinitespire:Lucky Rock"}],"event_choices":[{"damage_healed":0,"gold_gain":0,"player_choice":"Obtained Relic","damage_taken":0,"relics_obtained":["WingedGreaves"],"max_hp_gain":0,"max_hp_loss":0,"event_name":"Addict","floor":30,"gold_loss":85},{"damage_healed":0,"gold_gain":0,"player_choice":"Inject Mutagens","damage_taken":0,"relics_obtained":["MutagenicStrength"],"max_hp_gain":0,"max_hp_loss":0,"event_name":"Drug Dealer","floor":31,"gold_loss":0},{"damage_healed":0,"gold_gain":0,"player_choice":"Fight","damage_taken":0,"max_hp_gain":0,"max_hp_loss":0,"event_name":"MindBloom","floor":36,"gold_loss":0}],"is_beta":false,"boss_relics":[{"not_picked":["hubris:VirtuousBlindfold","hubris:CrackedHourglass"],"picked":"Replay:Grab Bag"},{"not_picked":["hubris:TerracottaHorce","Philosopher\u0027s Stone"],"picked":"Cursed Key"},{"not_picked":["Replay:Wanted Poster","hubris:RunicObelisk"],"picked":"beaked:SacredNecklace"},{"not_picked":["Runic Pyramid","beaked:SacredDeck"],"picked":"halation:Prosthetics"},{"not_picked":["halation:PlatinumPhoenix","halation:Risk"],"picked":"Empty Cage"},{"not_picked":["Runic Dome","Pandora\u0027s Box"],"picked":"hubris:HollowSoul"}],"items_purged_floors":[],"is_endless":false,"potions_floor_spawned":[6,8,10,12,13,14,16,18,19,21,22,28,29,33,35,36,38,40,44,45,46,47,48,54],"ascension_level":0}}