{"host":"zksvs3x2ysy9npnz","time":1610039852,"event":{"mods":["Aspiration","BaseMod","Beaked The Cultist","BetterRewards","Clockwork Mod","Colored Map","Conspire","Downfall","Duelist Mod","Ekko","Halation","Highlight Path","Hubris","Hunter ??","Infinite Spire","Jedi Mod","JesterMod","Minty Spire (QoL Compilation)","Permanent Neow","Quick Restart","Relic Stats","Replay The Spire","Retaliation","Shade Mod","Shop Mod","StSLib"],"gold_per_floor":[99,110,124,224,224,224,279,304,229,245,276,288,302,302,315,389,389,314,331,331,331,331,331,354,368,384,399,428,428,455,465,485,561,561,486,503,578,606,606,606,652,652,480,515,528,229,229,229,244,244,244,273,30,30,30],"floor_reached":56,"playtime":3531,"items_purged":["Slimebound:Strike_Slimebound","Slimebound:Strike_Slimebound","Slimebound:Strike_Slimebound"],"score":2041,"play_id":"502973db-7022-4544-89dc-f187b118263e","local_time":"20210107181732","is_ascension_mode":true,"campfire_choices":[{"floor":1.0,"key":"DIG"},{"data":"Slimebound:Split","floor":6.0,"key":"SMITH"},{"floor":9.0,"key":"RECALL"},{"data":"Slimebound:Recycling","floor":18.0,"key":"SMITH"},{"data":"Slimebound:SplitMire","floor":23.0,"key":"SMITH"},{"data":"Slimebound:OneTwoCombo","floor":35.0,"key":"SMITH"},{"data":"Slimebound:Gluttony","floor":54,"key":"SMITH"}],"circlet_count":0,"master_deck":["Slimebound:Strike_Slimebound+1","Slimebound:Defend_Slimebound","Slimebound:Defend_Slimebound","Slimebound:Defend_Slimebound","Slimebound:Defend_Slimebound","Slimebound:Split+1","Slimebound:CorrosiveSpit+1","Slimebound:SplitMire+1","Slimebound:MegaLick","Slimebound:HauntingLick","Slimebound:FormOfPuddle","Slimebound:SplitMire","Slimebound:OneTwoCombo+1","Slimebound:SpikyOuterGoop","Slimebound:Recycling+1","Slimebound:PressTheAttack","infinitespire:Gouge+1","Slimebound:SlimeSpikes","Slimebound:WasteNot","Slimebound:Strike_Slimebound","Slimebound:Defend_Slimebound","Slimebound:Defend_Slimebound","Slimebound:Defend_Slimebound","Slimebound:Defend_Slimebound","Slimebound:Split+1","Slimebound:CorrosiveSpit+1","Slimebound:SplitMire+1","Slimebound:MegaLick","Slimebound:HauntingLick","Slimebound:FormOfPuddle","Slimebound:SplitMire","Slimebound:OneTwoCombo","Slimebound:SpikyOuterGoop","Slimebound:Recycling+1","Slimebound:PressTheAttack","infinitespire:Gouge","Slimebound:SlimeSpikes","Slimebound:WasteNot","Slimebound:Gluttony+1","Slimebound:SplitMire","Slimebound:SelfFormingGoo","hubris:DuctTapeCard","Slimebound:SplitMire","Slimebound:LeadByExample","Poisoned Strike","Slimebound:SlimeSpikes","expansioncontent:SuperHexaguard"],"relics":["Slimebound:AbsorbEndCombat","TungstenRod","Regal Pillow","ReplayTheSpireMod:TigerMarble","downfall:HeartBlessingGreen","aspiration:ArtOfWarUpgrade","aspiration:SecretTechniqueScroll","downfall:HeartBlessingRed","MealTicket","hubris:DuctTape","halation:BottledLove","jedi:Pinwheel","halation:SmartPhone","downfall:HeartBlessingBlue","halation:TwoAmDonut","jedi:shrinkray","Replay:Rubber Ducky","infinitespire:Beetle Shell","Pantograph","Whetstone","Slimebound:AggressiveSlimeRelic","aspiration:Nostalgia","Replay:M_StaffOfTheSnake"],"acts_visited":["Exordium","TheCity","TheBeyond","TheEnding"],"potions_floor_usage":[55,55],"damage_taken":[{"damage":3.0,"enemies":"Small Slimes","floor":2.0,"turns":3.0},{"damage":8.0,"enemies":"Jaw Worm","floor":3.0,"turns":5.0},{"damage":50.0,"enemies":"Gremlin Nob","floor":8.0,"turns":4.0},{"damage":8.0,"enemies":"Cultist","floor":10.0,"turns":3.0},{"damage":30.0,"enemies":"3 Sentries","floor":11.0,"turns":7.0},{"damage":11.0,"enemies":"Red Slaver","floor":12.0,"turns":3.0},{"damage":21.0,"enemies":"3 Louse","floor":13.0,"turns":3.0},{"damage":13.0,"enemies":"2 Fungi Beasts","floor":15.0,"turns":2.0},{"damage":46.0,"enemies":"downfall:Silent","floor":16.0,"turns":12.0},{"damage":18.0,"enemies":"3 Byrds","floor":19.0,"turns":3.0},{"damage":9.0,"enemies":"Spheric Guardian","floor":25.0,"turns":3.0},{"damage":17.0,"enemies":"Snake Plant","floor":26.0,"turns":1.0},{"damage":12.0,"enemies":"Centurion and Healer","floor":27.0,"turns":4.0},{"damage":18.0,"enemies":"Gremlin Leader","floor":28.0,"turns":6.0},{"damage":12.0,"enemies":"Book of Stabbing","floor":30.0,"turns":5.0},{"damage":30.0,"enemies":"3 Cultists","floor":31.0,"turns":5.0},{"damage":22.0,"enemies":"Chosen and Byrds","floor":32.0,"turns":2.0},{"damage":61.0,"enemies":"downfall:Watcher","floor":33.0,"turns":6.0},{"damage":45.0,"enemies":"3 Darklings","floor":36.0,"turns":3.0},{"damage":44.0,"enemies":"conspire:MimicChest","floor":38.0,"turns":5.0},{"damage":30,"enemies":"downfall:FleeingMerchant","floor":43,"turns":4},{"damage":27,"enemies":"Reptomancer","floor":44,"turns":4},{"damage":6,"enemies":"Orb Walker","floor":45,"turns":3},{"damage":6,"enemies":"3 Darklings","floor":49,"turns":4},{"damage":27,"enemies":"downfall:Ironclad","floor":50,"turns":5},{"damage":43,"enemies":"downfall:CharBossMerchant","floor":52,"turns":5},{"damage":69,"enemies":"downfall:NeowBoss","floor":55,"turns":24}],"seed_played":"-1870406924561133266","potions_obtained":[{"floor":10.0,"key":"Explosive Potion"},{"floor":11.0,"key":"Elixir"},{"floor":15.0,"key":"Adrenaline Potion"},{"floor":19.0,"key":"Death Potion"},{"floor":32.0,"key":"Dexterity Potion"}],"is_trial":false,"path_per_floor":["R_BF","M","M","?","?","R","T","E","R","M","E","M","M","?","M","B",null,"R_BF","M","?","?","AVR","R","T","M","M","M","E","?","E","M","M","B",null,"R","M","T","?","?","R","T","R","$","E","M","$","?","$","M","B",null,"E","$","R","B",null],"character_chosen":"SLIMEBOUND","items_purchased":["Slimebound:LeadByExample","Poisoned Strike","infinitespire:Beetle Shell","Whetstone","Slimebound:SlimeSpikes","aspiration:Nostalgia","expansioncontent:SuperHexaguard"],"campfire_rested":0,"item_purchase_floors":[43,43,43,46,46,53,53],"current_hp_per_floor":[54,60,60,60,60,60,60,31,31,47,56,60,60,60,60,60,60,60,60,60,60,60,60,60,60,49,60,60,60,60,51,60,60,60,70,65,65,61,61,61,61,61,60,70,70,64,64,64,70,70,70,66,64,64,70],"gold":30,"neow_bonus":"UPGRADE_CARD","is_daily":false,"chose_seed":false,"campfire_upgraded":5,"win_rate":0.0,"timestamp":1610039852,"path_taken":["R_BF","M","M","?","?","R","T","E","R","M","E","M","M","?","M","BOSS","R_BF","M","?","?","AVR","R","T","M","M","?","E","?","E","?","M","BOSS","R","M","?","?","?","R","T","R","$","E","M","$","?","?","M","BOSS","E","$","R","BOSS"],"items_purchased_type":["Card","Card","Relic","Relic","Card","Relic","Card"],"build_version":"2020-12-22","purchased_purges":3,"victory":true,"max_hp_per_floor":[60,60,60,60,60,60,60,60,60,60,60,60,60,60,60,60,60,60,60,60,60,60,60,60,60,60,60,60,60,60,60,60,60,60,70,70,70,70,70,70,70,70,70,70,70,70,70,70,70,70,70,70,70,70,70],"relic_stats":{"Regal Pillow":0,"counters":[27,132],"Pantograph":6,"MealTicket":13,"Whetstone":["Slimebound:Strike_Slimebound","infinitespire:Gouge"],"obtain_stats":[{"halation:SmartPhone":34,"Slimebound:AggressiveSlimeRelic":52,"Regal Pillow":7,"Replay:M_StaffOfTheSnake":53,"downfall:HeartBlessingRed":18,"hubris:DuctTape":22,"halation:BottledLove":28,"aspiration:Nostalgia":53,"downfall:HeartBlessingGreen":9,"infinitespire:Beetle Shell":43,"aspiration:SecretTechniqueScroll":17,"Whetstone":46,"jedi:Pinwheel":30,"jedi:shrinkray":38,"Replay:Rubber Ducky":41,"downfall:HeartBlessingBlue":35,"Pantograph":44,"MealTicket":21,"aspiration:ArtOfWarUpgrade":42,"Slimebound:AbsorbEndCombat":0,"ReplayTheSpireMod:TigerMarble":8,"Art of War":11,"halation:TwoAmDonut":37,"TungstenRod":1},{"halation:SmartPhone":18,"Slimebound:AggressiveSlimeRelic":26,"Regal Pillow":2,"Replay:M_StaffOfTheSnake":26,"downfall:HeartBlessingRed":9,"hubris:DuctTape":10,"halation:BottledLove":14,"aspiration:Nostalgia":26,"downfall:HeartBlessingGreen":3,"infinitespire:Beetle Shell":21,"aspiration:SecretTechniqueScroll":9,"Whetstone":23,"jedi:Pinwheel":15,"jedi:shrinkray":20,"Replay:Rubber Ducky":20,"downfall:HeartBlessingBlue":18,"Pantograph":22,"MealTicket":10,"aspiration:ArtOfWarUpgrade":20,"Slimebound:AbsorbEndCombat":0,"ReplayTheSpireMod:TigerMarble":3,"Art of War":5,"halation:TwoAmDonut":19,"TungstenRod":0},{"halation:SmartPhone":75,"Slimebound:AggressiveSlimeRelic":108,"Regal Pillow":8,"Replay:M_StaffOfTheSnake":108,"downfall:HeartBlessingRed":41,"hubris:DuctTape":44,"halation:BottledLove":58,"aspiration:Nostalgia":108,"downfall:HeartBlessingGreen":12,"infinitespire:Beetle Shell":87,"aspiration:SecretTechniqueScroll":41,"Whetstone":94,"jedi:Pinwheel":63,"jedi:shrinkray":83,"Replay:Rubber Ducky":83,"downfall:HeartBlessingBlue":75,"Pantograph":91,"MealTicket":44,"aspiration:ArtOfWarUpgrade":83,"Slimebound:AbsorbEndCombat":0,"ReplayTheSpireMod:TigerMarble":12,"Art of War":21,"halation:TwoAmDonut":78,"TungstenRod":0}],"TungstenRod":208},"card_choices":[{"not_picked":["Slimebound:GoopSpray","Slimebound:Schlurp"],"picked":"Slimebound:SplitMire","floor":2.0},{"not_picked":["Slimebound:SpikyOuterGoop","Slimebound:FinishingTackle"],"picked":"Slimebound:MegaLick","floor":3.0},{"not_picked":["Slimebound:BestDefense","Slimebound:TongueLash"],"picked":"Slimebound:HauntingLick","floor":8.0},{"not_picked":["Slimebound:SplitAcid","Slimebound:ComboTackle"],"picked":"Slimebound:FormOfPuddle","floor":10.0},{"not_picked":["Slimebound:TongueLash","Slimebound:GoopSpray"],"picked":"Slimebound:SplitMire","floor":11.0},{"not_picked":["Slimebound:GoopSpray","Slimebound:Schlurp","Slimebound:Dissolve"],"picked":"SKIP","floor":12.0},{"not_picked":["Slimebound:FlameTackle","Slimebound:GrowthPunch"],"picked":"Slimebound:OneTwoCombo","floor":13.0},{"not_picked":["Slimebound:SplitAcid","Slimebound:Dissolve"],"picked":"Slimebound:SpikyOuterGoop","floor":15.0},{"not_picked":["Slimebound:MassFeed","Slimebound:SlimeSlap"],"picked":"Slimebound:Recycling","floor":16.0},{"not_picked":["Slimebound:RollThrough+1","Slimebound:ItLooksTasty"],"picked":"Slimebound:PressTheAttack","floor":19.0},{"not_picked":["Slimebound:ForwardTackle","Slimebound:Prepare","Slimebound:Repurpose"],"picked":"SKIP","floor":25.0},{"not_picked":["Slimebound:LeechingTouch","Slimebound:Grow","Slimebound:ViciousTackle"],"picked":"SKIP","floor":26.0},{"not_picked":["Slimebound:FinishingTackle","Slimebound:GoopTackle+1"],"picked":"Slimebound:SlimeSpikes","floor":27.0},{"not_picked":["Slimebound:ViciousTackle","Slimebound:PressTheAttack"],"picked":"Slimebound:WasteNot","floor":28.0},{"not_picked":["Slimebound:FinishingTackle","Slimebound:RallyTheTroops","Slimebound:GrowthPunch"],"picked":"SKIP","floor":30.0},{"not_picked":["Slimebound:SlimeBarrage","Slimebound:Prepare"],"picked":"Slimebound:Gluttony","floor":31.0},{"not_picked":["Slimebound:SlimeBrawl","Slimebound:Equalize"],"picked":"Slimebound:SplitMire","floor":32.0},{"not_picked":["Slimebound:MassRepurpose","Slimebound:MinionMaster"],"picked":"Slimebound:SelfFormingGoo","floor":33.0},{"not_picked":["Slimebound:SplitBruiser","Slimebound:RainOfGoop","Slimebound:Gluttony"],"picked":"SKIP","floor":36.0},{"not_picked":["Slimebound:LivingWall","Slimebound:Grow+1"],"picked":"Slimebound:SplitMire","floor":43},{"not_picked":["Slimebound:Schlurp","Slimebound:SlimeBarrage+1","Slimebound:Replication"],"picked":"SKIP","floor":44},{"not_picked":["Slimebound:SlimeBrawl","Slimebound:SplitBruiser","Slimebound:Prepare"],"picked":"SKIP","floor":45},{"not_picked":["Slimebound:RejuvenatingLick","Slimebound:SplitAcid","Slimebound:PressTheAttack"],"picked":"SKIP","floor":49},{"not_picked":["Slimebound:LeechEnergy+1","Slimebound:AcidTongue+1","Slimebound:SplitLeeching"],"picked":"SKIP","floor":52}],"player_experience":1810317,"relics_obtained":[{"floor":1.0,"key":"TungstenRod"},{"floor":7.0,"key":"Regal Pillow"},{"floor":8.0,"key":"ReplayTheSpireMod:TigerMarble"},{"floor":11.0,"key":"Art of War"},{"floor":28.0,"key":"halation:BottledLove"},{"floor":30.0,"key":"jedi:Pinwheel"},{"floor":37.0,"key":"halation:TwoAmDonut"},{"floor":38.0,"key":"jedi:shrinkray"},{"floor":41,"key":"Replay:Rubber Ducky"},{"floor":44,"key":"Pantograph"},{"floor":52,"key":"Slimebound:AggressiveSlimeRelic"}],"event_choices":[{"damage_healed":0.0,"max_hp_gain":0.0,"max_hp_loss":0.0,"gold_gain":0.0,"event_name":"conspire:LoneGhost","player_choice":"Disagree","floor":5.0,"gold_loss":0.0,"damage_taken":0.0}],"is_beta":false,"boss_relics":[{"not_picked":["Replay:Bronze Core","jedi:battlestandard"],"picked":"aspiration:SecretTechniqueScroll"},{"not_picked":["hubris:RunicObelisk","halation:PlatinumPhoenix"],"picked":"halation:SmartPhone"}],"items_purged_floors":[22,43,46],"is_endless":false,"potions_floor_spawned":[10,11,15,19,25,32,33,44,45,49],"ascension_level":13}}