{"host":"kig4ty9d1aubg29s","time":1610024326,"event":{"mods":["BaseMod","Minty Spire (QoL Compilation)","READ ME - Guardian Mod","READ ME - Snecko Mod","StSLib","The Cursed","The Gatherer","The Hierophant","The Runesmith"],"gold_per_floor":[115,115,40,58,58,91,91,125,149,179,179,204,235,251,251,340,340,359,409,409,419,437,437,437,437],"floor_reached":24,"playtime":742,"items_purged":[],"score":444,"play_id":"5a929b75-eaeb-4c89-acab-445fc6bd0139","local_time":"20210107215846","is_ascension_mode":true,"campfire_choices":[{"floor":7,"key":"REST"},{"floor":15,"key":"REST"},{"floor":23,"key":"REST"}],"circlet_count":0,"master_deck":["AscendersBane","Strike_B","Strike_B","Strike_B","Strike_B","Defend_B","Defend_B","Defend_B","Defend_B","Zap","Dualcast","Gash","FTL","Ball Lightning","Storm","Self Repair","Injury","Gash","Stack","Sweeping Beam","Buffer","Static Discharge","Sunder","Steam","Conserve Battery"],"relics":["Cracked Core","Du-Vu Doll","Akabeko","FossilizedHelix","Ancient Tea Set","Turnip","Bloody Idol","Runesmith:AutoHammer","Dream Catcher","SlaversCollar"],"acts_visited":["Exordium","TheCity"],"potions_floor_usage":[8,16,22,24],"damage_taken":[{"damage":7,"enemies":"Jaw Worm","floor":1,"turns":2},{"damage":3,"enemies":"2 Louse","floor":4,"turns":2},{"damage":32,"enemies":"Gremlin Nob","floor":6,"turns":4},{"damage":20,"enemies":"Lagavulin","floor":8,"turns":5},{"damage":10,"enemies":"3 Sentries","floor":10,"turns":6},{"damage":5,"enemies":"Lagavulin","floor":13,"turns":6},{"damage":0,"enemies":"Cultist","floor":14,"turns":3},{"damage":1,"enemies":"Slime Boss","floor":16,"turns":8},{"damage":11,"enemies":"Spheric Guardian","floor":18,"turns":4},{"damage":37,"enemies":"3 Byrds","floor":21,"turns":5},{"damage":0,"enemies":"Snecko","floor":22,"turns":5},{"damage":74,"enemies":"Gremlin Leader","floor":24,"turns":6}],"seed_played":"5913049015831013543","potions_obtained":[{"floor":6,"key":"FocusPotion"},{"floor":13,"key":"Ancient Potion"},{"floor":14,"key":"SkillPotion"},{"floor":21,"key":"Strength Potion"}],"is_trial":false,"path_per_floor":["M","$","?","M","?","E","R","E","T","E","?","T","E","M","R","B",null,"M","?","?","M","M","R","E"],"character_chosen":"DEFECT","items_purchased":[],"campfire_rested":3,"item_purchase_floors":[],"current_hp_per_floor":[57,57,57,54,54,22,43,23,23,13,13,13,15,22,43,49,66,62,62,62,37,49,70,0,0],"gold":437,"neow_bonus":"ONE_RARE_RELIC","is_daily":false,"chose_seed":false,"campfire_upgraded":0,"win_rate":0.0,"timestamp":1610024326,"path_taken":["M","$","?","M","?","E","R","E","T","E","?","?","E","M","R","BOSS","M","?","?","M","?","R","E"],"items_purchased_type":[],"build_version":"2020-12-22","purchased_purges":0,"victory":false,"max_hp_per_floor":[71,71,71,71,71,71,71,71,71,71,71,71,71,71,71,71,71,71,71,71,71,71,71,71,71],"card_choices":[{"not_picked":["Redo","Lockon"],"picked":"Gash","floor":1},{"not_picked":["Rebound","Heatsinks"],"picked":"FTL","floor":4},{"not_picked":["Turbo","Buffer"],"picked":"Ball Lightning","floor":6},{"not_picked":["Cold Snap","Creative AI"],"picked":"Storm","floor":8},{"not_picked":["Blizzard","Reprogram"],"picked":"Self Repair","floor":10},{"not_picked":["Hello World","Barrage"],"picked":"Gash","floor":13},{"not_picked":["Redo","Recycle"],"picked":"Stack","floor":14},{"not_picked":["Capacitor","Undo"],"picked":"Sweeping Beam","floor":15},{"not_picked":["Fission","Rainbow"],"picked":"Buffer","floor":16},{"not_picked":["Turbo","FTL"],"picked":"Static Discharge","floor":18},{"not_picked":["Melter","Leap"],"picked":"Sunder","floor":21},{"not_picked":["Coolheaded","Fusion"],"picked":"Steam","floor":22},{"not_picked":["Leap","Chaos"],"picked":"Conserve Battery","floor":23}],"player_experience":1920643,"relics_obtained":[{"floor":6,"key":"Akabeko"},{"floor":8,"key":"FossilizedHelix"},{"floor":9,"key":"Ancient Tea Set"},{"floor":10,"key":"Turnip"},{"floor":12,"key":"Runesmith:AutoHammer"},{"floor":13,"key":"Dream Catcher"}],"event_choices":[{"cards_removed":["Writhe"],"damage_healed":0,"gold_gain":0,"player_choice":"Card Removal","damage_taken":0,"max_hp_gain":0,"max_hp_loss":0,"event_name":"The Cleric","floor":3,"gold_loss":75},{"damage_healed":0,"gold_gain":0,"player_choice":"Ignored","damage_taken":0,"max_hp_gain":0,"max_hp_loss":0,"event_name":"Shining Light","floor":5,"gold_loss":0},{"damage_healed":0,"gold_gain":0,"player_choice":"Take Wound","damage_taken":0,"relics_obtained":["Golden Idol"],"max_hp_gain":0,"max_hp_loss":0,"event_name":"Golden Idol","floor":11,"gold_loss":0,"cards_obtained":["Injury"]},{"damage_healed":0,"gold_gain":50,"player_choice":"Stole From Cult","damage_taken":0,"max_hp_gain":0,"max_hp_loss":0,"event_name":"Nest","floor":19,"gold_loss":0},{"damage_healed":0,"gold_gain":0,"player_choice":"Gave Idol","damage_taken":0,"relics_obtained":["Bloody Idol"],"max_hp_gain":0,"max_hp_loss":0,"event_name":"Forgotten Altar","floor":20,"relics_lost":["Golden Idol"],"gold_loss":0}],"is_beta":false,"boss_relics":[{"not_picked":["Runic Dome","Nuclear Battery"],"picked":"SlaversCollar"}],"items_purged_floors":[],"is_endless":false,"potions_floor_spawned":[6,13,14,21],"killed_by":"Gremlin Leader","ascension_level":20}}