{"host":"kabf61oc9jgfwufg","time":1610025948,"event":{"mods":["AchievementEnabler","Act Like it!","Aspiration","BaseMod","Conspire","GifTheSpireLib","Halation","HexUI Lib","Hubris","Infinite Spire","Minty Spire (QoL Compilation)","Quick Restart","Rare Cards Sparkle","Replay The Spire","Shop Mod","StSLib","Waifu the Spire"],"gold_per_floor":[117,117,117,117,132,132,152,167,167,180,18,35,45,60,60,60,60],"floor_reached":16,"playtime":726,"items_purged":["Bullet Time"],"score":96,"play_id":"11747dad-da0c-4a80-bf17-4672b30ba9c8","local_time":"20210107132548","is_ascension_mode":false,"campfire_choices":[{"data":"Neutralize","floor":6,"key":"SMITH"}],"circlet_count":0,"master_deck":["Strike_G","Strike_G","Strike_G","Defend_G","Defend_G","Defend_G","Defend_G","Survivor","Neutralize+1","hubris:SlightOfHand","Prepared","conspire:DoublingDagger","Slice","Swift Strike","Reflex","hubris:TrickCloak","Footwork","ReplayTheSpireMod:Necrosis"],"relics":["Ring of the Snake","hubris:DeckOfHolding"],"acts_visited":["Exordium"],"potions_floor_usage":[12],"damage_taken":[{"damage":1,"enemies":"Cultist","floor":1,"turns":4},{"damage":5,"enemies":"Small Slimes","floor":5,"turns":4},{"damage":6,"enemies":"conspire:RoseBush","floor":7,"turns":3},{"damage":21,"enemies":"Red Slaver","floor":8,"turns":8},{"damage":16,"enemies":"Blue Slaver","floor":10,"turns":4},{"damage":1,"enemies":"Exordium Wildlife","floor":12,"turns":4},{"damage":10,"enemies":"Looter","floor":13,"turns":3},{"damage":4,"enemies":"Exordium Thugs","floor":14,"turns":4},{"damage":0,"enemies":"Fading Forest","floor":16,"turns":5}],"seed_played":"2395574112466797737","potions_obtained":[{"floor":1,"key":"Weak Potion"},{"floor":7,"key":"Block Potion"},{"floor":13,"key":"SpeedPotion"}],"is_trial":false,"path_per_floor":["M","?","?","?","M","R","M","M","T","M","$","M","M","M","R","B"],"character_chosen":"THE_SILENT","items_purchased":["Swift Strike"],"campfire_rested":0,"item_purchase_floors":[11],"current_hp_per_floor":[69,69,69,69,64,64,58,37,37,21,21,20,10,6,6,16,16],"gold":60,"neow_bonus":"REMOVE_CARD","is_daily":false,"chose_seed":false,"campfire_upgraded":1,"win_rate":0.0,"timestamp":1610025948,"path_taken":["M","?","?","?","M","R","M","M","T","M","$","M","M","?","R","BOSS"],"items_purchased_type":["Card"],"build_version":"2020-12-22","purchased_purges":1,"victory":false,"max_hp_per_floor":[70,70,70,70,70,70,70,70,70,70,70,70,70,70,70,70,70],"card_choices":[{"not_picked":["Fluid Movement","ReplayTheSpireMod:Exploit Weakness"],"picked":"hubris:SlightOfHand","floor":1},{"not_picked":["Escape Plan","Replay:Poison Smokescreen","All Out Attack"],"picked":"SKIP","floor":5},{"not_picked":["Sucker Punch","Outmaneuver"],"picked":"Prepared","floor":7},{"not_picked":["conspire:PoisonWeapons","Outmaneuver"],"picked":"conspire:DoublingDagger","floor":8},{"not_picked":["Cloak And Dagger","Doppelganger"],"picked":"Slice","floor":10},{"not_picked":["Bane","Deadly Poison"],"picked":"Reflex","floor":12},{"not_picked":["Bane","Blade Dance"],"picked":"hubris:TrickCloak","floor":13},{"not_picked":["Underhanded Strike","Deadly Poison"],"picked":"Footwork","floor":14}],"player_experience":59007,"relics_obtained":[{"floor":9,"key":"hubris:DeckOfHolding"}],"event_choices":[{"damage_healed":0,"gold_gain":0,"player_choice":"2 cards matched","damage_taken":0,"max_hp_gain":0,"max_hp_loss":0,"event_name":"Match and Keep!","floor":4,"gold_loss":0,"cards_obtained":["Bullet Time","Underhanded Strike"]}],"is_beta":false,"boss_relics":[],"items_purged_floors":[11],"is_endless":false,"potions_floor_spawned":[1,7,13],"killed_by":"Fading Forest","ascension_level":0}}