{"host":"yptvp0rjza9g9li7","time":1610028210,"event":{"mods":["AchievementEnabler","BaseMod","Colored Map","Colored Powertips","DeckTracker","Minty Spire (QoL Compilation)","SuperFastMode"],"gold_per_floor":[112,129,140,140,153,153,189,189,189,189,202,202,152,186,186,186,186],"floor_reached":16,"playtime":585,"items_purged":[],"score":110,"play_id":"13472d7f-ba58-4e14-9d1b-aa8168371b3b","local_time":"20210107230330","is_ascension_mode":false,"campfire_choices":[{"floor":8.0,"key":"REST"},{"floor":12.0,"key":"REST"},{"data":"Blade Dance","floor":15.0,"key":"SMITH"}],"circlet_count":0,"master_deck":["Strike_G","Strike_G","Strike_G","Strike_G","Defend_G","Defend_G+1","Defend_G+1","Defend_G","Defend_G","Survivor","Neutralize","Storm of Steel","Acrobatics","Blade Dance+1","Noxious Fumes","Cloak And Dagger+1","Calculated Gamble"],"relics":["Ring of the Snake","Golden Idol","Tiny Chest","Ninja Scroll","Paper Crane"],"acts_visited":["Exordium"],"potions_floor_usage":[16],"damage_taken":[{"damage":1.0,"enemies":"Cultist","floor":1.0,"turns":4.0},{"damage":1.0,"enemies":"Jaw Worm","floor":2.0,"turns":5.0},{"damage":0.0,"enemies":"Small Slimes","floor":3.0,"turns":3.0},{"damage":2.0,"enemies":"Looter","floor":5.0,"turns":3.0},{"damage":14.0,"enemies":"3 Sentries","floor":7.0,"turns":8.0},{"damage":6.0,"enemies":"Large Slime","floor":11.0,"turns":5.0},{"damage":12.0,"enemies":"Lagavulin","floor":14.0,"turns":6.0},{"damage":46,"enemies":"Slime Boss","floor":16,"turns":8}],"seed_played":"2969362058831610815","potions_obtained":[{"floor":2.0,"key":"DistilledChaos"},{"floor":3.0,"key":"Ancient Potion"}],"is_trial":false,"path_per_floor":["M","M","M","?","M","?","E","R","T","?","M","R","?","E","R","B"],"character_chosen":"THE_SILENT","items_purchased":[],"campfire_rested":2,"item_purchase_floors":[],"current_hp_per_floor":[48,47,47,47,45,32,18,37,37,37,31,50,50,38,38,0,0],"gold":186,"neow_bonus":"THREE_RARE_CARDS","is_daily":false,"chose_seed":false,"campfire_upgraded":1,"win_rate":0.0,"timestamp":1610028210,"path_taken":["M","M","M","?","M","?","E","R","T","?","?","R","?","E","R","BOSS"],"items_purchased_type":[],"build_version":"2020-12-22","purchased_purges":0,"victory":false,"max_hp_per_floor":[70,70,70,65,65,65,65,65,65,65,65,65,65,65,65,65,65],"card_choices":[{"not_picked":["Venomology","Doppelganger"],"picked":"Storm of Steel","floor":0.0},{"not_picked":["Quick Slash","Caltrops"],"picked":"Acrobatics","floor":1.0},{"not_picked":["Heel Hook","Choke"],"picked":"Blade Dance","floor":2.0},{"not_picked":["Predator","Deadly Poison"],"picked":"Noxious Fumes","floor":3.0},{"not_picked":["Blur","Sucker Punch"],"picked":"Cloak And Dagger","floor":5.0},{"not_picked":["Underhanded Strike","Bullet Time","Deflect"],"picked":"SKIP","floor":7.0},{"not_picked":["Prepared","Poisoned Stab"],"picked":"Calculated Gamble","floor":11.0},{"not_picked":["Dodge and Roll","Heel Hook","Underhanded Strike"],"picked":"SKIP","floor":14.0}],"player_experience":166572,"relics_obtained":[{"floor":7.0,"key":"Tiny Chest"},{"floor":9.0,"key":"Ninja Scroll"},{"floor":14.0,"key":"Paper Crane"}],"event_choices":[{"damage_healed":0.0,"max_hp_gain":0.0,"max_hp_loss":5.0,"gold_gain":0.0,"event_name":"Golden Idol","player_choice":"Lose Max HP","floor":4.0,"gold_loss":0.0,"damage_taken":0.0,"relics_obtained":["Golden Idol"]},{"damage_healed":0.0,"max_hp_gain":0.0,"max_hp_loss":0.0,"gold_gain":0.0,"event_name":"Shining Light","player_choice":"Entered Light","floor":6.0,"gold_loss":0.0,"damage_taken":13.0,"cards_upgraded":["Defend_G","Defend_G"]},{"damage_healed":0.0,"max_hp_gain":0.0,"max_hp_loss":0.0,"gold_gain":0.0,"event_name":"Accursed Blacksmith","player_choice":"Forge","floor":10.0,"gold_loss":0.0,"damage_taken":0.0,"cards_upgraded":["Cloak And Dagger"]},{"cards_removed":["Strike_G"],"damage_healed":0.0,"max_hp_gain":0.0,"max_hp_loss":0.0,"gold_gain":0.0,"event_name":"The Cleric","player_choice":"Card Removal","floor":13.0,"gold_loss":50.0,"damage_taken":0.0}],"is_beta":false,"boss_relics":[],"items_purged_floors":[],"is_endless":false,"potions_floor_spawned":[2,3],"killed_by":"Slime Boss","ascension_level":0}}