{"host":"nhtxiazhoopau36o","time":1610029809,"event":{"mods":["2.2 Compatiblity","BaseMod","Better Note","Block Reminder","Minty Spire (QoL Compilation)","Rare Cards Sparkle","Robot Space Explorer","StSLib"],"gold_per_floor":[110,110,38,38,53,82,97,107,131,131,143,178,178,191,191,290,290,301,151,151,162,179,179,190,200,200,200,214,214,248,258,258,358,358,375,33,51,51,51,69,69,87,162,173,173,205,205,218,218,218],"floor_reached":51,"playtime":2295,"items_purged":["RobotSpaceExplorer:Strike","RobotSpaceExplorer:Strike"],"score":788,"play_id":"1d84605b-23e5-4fe9-890c-d5e4769df61a","local_time":"20210107223009","is_ascension_mode":false,"campfire_choices":[{"data":"RobotSpaceExplorer:ShockKick","floor":10.0,"key":"SMITH"},{"data":"RobotSpaceExplorer:StarLightning","floor":13.0,"key":"SMITH"},{"data":"RobotSpaceExplorer:Pulsar","floor":15.0,"key":"SMITH"},{"data":"RobotSpaceExplorer:ChargingLaser","floor":23.0,"key":"SMITH"},{"data":"RobotSpaceExplorer:RigExplosive","floor":32.0,"key":"SMITH"},{"data":"RobotSpaceExplorer:Comet","floor":41,"key":"SMITH"},{"data":"RobotSpaceExplorer:StarLightning","floor":45,"key":"SMITH"},{"data":"RobotSpaceExplorer:JunkDive","floor":47,"key":"SMITH"},{"floor":49,"key":"REST"}],"circlet_count":0,"master_deck":["RobotSpaceExplorer:Strike","RobotSpaceExplorer:Defend","RobotSpaceExplorer:Defend","RobotSpaceExplorer:Defend","RobotSpaceExplorer:Defend","RobotSpaceExplorer:Scan","RobotSpaceExplorer:MiniLasers","RobotSpaceExplorer:JunkDive+1","RobotSpaceExplorer:StarLightning+1","RobotSpaceExplorer:Pulsar+1","RobotSpaceExplorer:ShockKick+1","RobotSpaceExplorer:SurgingShield","RobotSpaceExplorer:HighVoltage","RobotSpaceExplorer:ChargingLaser+1","RobotSpaceExplorer:ScrapMissile","RobotSpaceExplorer:PlasmaMissile","RobotSpaceExplorer:GearShield+1","RobotSpaceExplorer:StarLightning+1","RobotSpaceExplorer:RigExplosive+1","RobotSpaceExplorer:Comet+1","RobotSpaceExplorer:Calculate+1","RobotSpaceExplorer:Counterblock+1"],"relics":["RobotSpaceExplorer:RoboCore","NeowsBlessing","GremlinMask","Pen Nib","Centennial Puzzle","Oddly Smooth Stone","Torii","RobotSpaceExplorer:SearchSpecs","Ancient Tea Set","MutagenicStrength","PreservedInsect","Philosopher\u0027s Stone","InkBottle","StrikeDummy","Boot"],"acts_visited":["Exordium","TheCity","TheBeyond"],"potions_floor_usage":[40,44,46,48,50],"damage_taken":[{"damage":0.0,"enemies":"Jaw Worm","floor":1.0,"turns":1.0},{"damage":0.0,"enemies":"Cultist","floor":5.0,"turns":1.0},{"damage":0.0,"enemies":"Gremlin Nob","floor":6.0,"turns":1.0},{"damage":0.0,"enemies":"2 Louse","floor":7.0,"turns":3.0},{"damage":2.0,"enemies":"Gremlin Gang","floor":8.0,"turns":6.0},{"damage":0.0,"enemies":"Blue Slaver","floor":11.0,"turns":3.0},{"damage":13.0,"enemies":"3 Sentries","floor":12.0,"turns":9.0},{"damage":1.0,"enemies":"Large Slime","floor":14.0,"turns":4.0},{"damage":15.0,"enemies":"Slime Boss","floor":16.0,"turns":7.0},{"damage":1.0,"enemies":"Shell Parasite","floor":18.0,"turns":6.0},{"damage":2.0,"enemies":"2 Thieves","floor":21.0,"turns":4.0},{"damage":0.0,"enemies":"Chosen and Byrds","floor":22.0,"turns":5.0},{"damage":7.0,"enemies":"Cultist and Chosen","floor":24.0,"turns":5.0},{"damage":7.0,"enemies":"Shelled Parasite and Fungi","floor":25.0,"turns":4.0},{"damage":0.0,"enemies":"Snecko","floor":28.0,"turns":7.0},{"damage":8.0,"enemies":"Slavers","floor":30.0,"turns":2.0},{"damage":7.0,"enemies":"Snake Plant","floor":31.0,"turns":5.0},{"damage":42.0,"enemies":"Automaton","floor":33.0,"turns":9.0},{"damage":0,"enemies":"3 Shapes","floor":35,"turns":3},{"damage":1,"enemies":"Orb Walker","floor":37,"turns":3},{"damage":11,"enemies":"Writhing Mass","floor":40,"turns":7},{"damage":0,"enemies":"3 Darklings","floor":42,"turns":1},{"damage":0,"enemies":"Spire Growth","floor":44,"turns":4},{"damage":19,"enemies":"Nemesis","floor":46,"turns":3},{"damage":1,"enemies":"4 Shapes","floor":48,"turns":3},{"damage":0,"enemies":"Awakened One","floor":50,"turns":9}],"seed_played":"-4827189122281113063","potions_obtained":[{"floor":1.0,"key":"Swift Potion"},{"floor":5.0,"key":"Dexterity Potion"},{"floor":6.0,"key":"RobotSpaceExplorer:PlasmaFlask"},{"floor":12.0,"key":"FearPotion"},{"floor":16.0,"key":"ColorlessPotion"},{"floor":18.0,"key":"LiquidBronze"},{"floor":30.0,"key":"RobotSpaceExplorer:LiquidFusion"}],"is_trial":false,"path_per_floor":["M","?","$","T","M","E","M","M","T","R","M","E","R","M","R","B",null,"M","$","?","M","M","R","M","M","T","?","M","?","E","M","R","B",null,"M","$","M","?","$","M","R","M","T","M","R","E","R","M","R","B",null],"character_chosen":"RobotSpaceExplorer","items_purchased":["RobotSpaceExplorer:StarLightning","RobotSpaceExplorer:PlasmaMissile","InkBottle"],"campfire_rested":1,"item_purchase_floors":[3,19,36],"current_hp_per_floor":[75,75,75,75,75,75,75,73,73,73,73,60,60,59,59,44,75,74,74,74,72,72,72,65,58,58,58,58,58,50,43,43,1,75,75,75,74,74,74,63,63,63,63,63,63,44,44,43,65,65],"gold":218,"neow_bonus":"THREE_ENEMY_KILL","is_daily":false,"chose_seed":false,"campfire_upgraded":8,"win_rate":0.0,"timestamp":1610029809,"path_taken":["M","?","$","?","?","E","M","M","T","R","M","E","R","M","R","BOSS","M","$","?","M","M","R","M","M","T","?","M","?","E","?","R","BOSS","M","$","M","?","?","M","R","M","T","M","R","E","R","M","R","BOSS"],"items_purchased_type":["Card","Card","Relic"],"build_version":"2020-12-22","purchased_purges":2,"victory":true,"max_hp_per_floor":[75,75,75,75,75,75,75,75,75,75,75,75,75,75,75,75,75,75,75,75,75,75,75,75,75,75,75,75,75,75,75,75,75,75,75,75,75,75,75,75,75,75,75,75,75,75,75,75,75,75],"card_choices":[{"not_picked":["RobotSpaceExplorer:Probe","RobotSpaceExplorer:Pulsar"],"picked":"RobotSpaceExplorer:JunkDive","floor":1.0},{"not_picked":["RobotSpaceExplorer:FreezeRay","RobotSpaceExplorer:TurboDodge"],"picked":"RobotSpaceExplorer:Pulsar","floor":5.0},{"not_picked":["RobotSpaceExplorer:Probe","RobotSpaceExplorer:Counterblock"],"picked":"RobotSpaceExplorer:ShockKick","floor":6.0},{"not_picked":["RobotSpaceExplorer:SelfCleaning","RobotSpaceExplorer:SurgingShield","RobotSpaceExplorer:ExhaustFan"],"picked":"SKIP","floor":7.0},{"not_picked":["RobotSpaceExplorer:SelfCleaning","RobotSpaceExplorer:SurgingShield","RobotSpaceExplorer:ExhaustFan"],"picked":"SKIP","floor":7.0},{"not_picked":["RobotSpaceExplorer:SelfCleaning","RobotSpaceExplorer:ExhaustFan"],"picked":"RobotSpaceExplorer:SurgingShield","floor":7.0},{"not_picked":["RobotSpaceExplorer:ShockKick","RobotSpaceExplorer:SlimeMissile","RobotSpaceExplorer:Calculate"],"picked":"SKIP","floor":8.0},{"not_picked":["RobotSpaceExplorer:Probe","RobotSpaceExplorer:IronShell","RobotSpaceExplorer:SlimeMissile"],"picked":"SKIP","floor":11.0},{"not_picked":["RobotSpaceExplorer:Counterblock","RobotSpaceExplorer:Smokescreen"],"picked":"RobotSpaceExplorer:HighVoltage","floor":12.0},{"not_picked":["RobotSpaceExplorer:Probe","RobotSpaceExplorer:Counterblock","RobotSpaceExplorer:ShockKick"],"picked":"SKIP","floor":14.0},{"not_picked":["RobotSpaceExplorer:Autoloader","RobotSpaceExplorer:Exploration"],"picked":"RobotSpaceExplorer:ChargingLaser","floor":16.0},{"not_picked":["RobotSpaceExplorer:Jetpack","RobotSpaceExplorer:Pulsar"],"picked":"RobotSpaceExplorer:ScrapMissile","floor":18.0},{"not_picked":["RobotSpaceExplorer:MiniDrones","RobotSpaceExplorer:ToxicBomb","RobotSpaceExplorer:Counterblock"],"picked":"SKIP","floor":21.0},{"not_picked":["RobotSpaceExplorer:Pulsar","RobotSpaceExplorer:SwiftStep"],"picked":"RobotSpaceExplorer:GearShield+1","floor":22.0},{"not_picked":["RobotSpaceExplorer:GlueShot","RobotSpaceExplorer:Pulsar","RobotSpaceExplorer:SurgingShield"],"picked":"SKIP","floor":24.0},{"not_picked":["RobotSpaceExplorer:Counterblock","RobotSpaceExplorer:DualCore","RobotSpaceExplorer:MetalStrike"],"picked":"SKIP","floor":25.0},{"not_picked":["RobotSpaceExplorer:ToxicBomb","RobotSpaceExplorer:GlueShot+1","RobotSpaceExplorer:Counterblock+1"],"picked":"SKIP","floor":28.0},{"not_picked":["RobotSpaceExplorer:Probe","RobotSpaceExplorer:GlueSpray"],"picked":"RobotSpaceExplorer:RigExplosive","floor":30.0},{"not_picked":["RobotSpaceExplorer:DoubleFind","RobotSpaceExplorer:Pulsar","RobotSpaceExplorer:TurboDodge+1"],"picked":"SKIP","floor":31.0},{"not_picked":["RobotSpaceExplorer:Blaster","RobotSpaceExplorer:DroneSwarm"],"picked":"RobotSpaceExplorer:Comet","floor":33.0},{"not_picked":["RobotSpaceExplorer:PowerCollector+1","RobotSpaceExplorer:Smokescreen+1"],"picked":"RobotSpaceExplorer:Calculate+1","floor":35},{"not_picked":["RobotSpaceExplorer:Pulsar","RobotSpaceExplorer:SwiftStep+1","RobotSpaceExplorer:SlimeMissile"],"picked":"SKIP","floor":37},{"not_picked":["RobotSpaceExplorer:Blitz+1","RobotSpaceExplorer:TurboDodge","RobotSpaceExplorer:LaserBurst"],"picked":"SKIP","floor":40},{"not_picked":["RobotSpaceExplorer:ShockKick","RobotSpaceExplorer:SurgingShield","RobotSpaceExplorer:ShovelStrike"],"picked":"SKIP","floor":42},{"not_picked":["RobotSpaceExplorer:RigExplosive+1","RobotSpaceExplorer:Blitz+1","RobotSpaceExplorer:Counterblock+1"],"picked":"SKIP","floor":44},{"not_picked":["RobotSpaceExplorer:RigExplosive+1","RobotSpaceExplorer:Blitz+1"],"picked":"RobotSpaceExplorer:Counterblock+1","floor":44},{"not_picked":["RobotSpaceExplorer:ScrapMissile","RobotSpaceExplorer:GearShield+1","RobotSpaceExplorer:SwiftStep+1"],"picked":"SKIP","floor":46},{"not_picked":["RobotSpaceExplorer:MetalStrike","RobotSpaceExplorer:Pulsar+1","RobotSpaceExplorer:GlueShot"],"picked":"SKIP","floor":48}],"player_experience":476753,"relics_obtained":[{"floor":4.0,"key":"Pen Nib"},{"floor":6.0,"key":"Centennial Puzzle"},{"floor":9.0,"key":"Oddly Smooth Stone"},{"floor":12.0,"key":"Torii"},{"floor":26.0,"key":"Ancient Tea Set"},{"floor":30.0,"key":"PreservedInsect"},{"floor":43,"key":"StrikeDummy"},{"floor":46,"key":"Boot"}],"event_choices":[{"damage_healed":0.0,"max_hp_gain":0.0,"max_hp_loss":0.0,"gold_gain":0.0,"event_name":"FaceTrader","player_choice":"Trade","floor":2.0,"gold_loss":0.0,"damage_taken":0.0,"relics_obtained":["GremlinMask"]},{"cards_removed":["RobotSpaceExplorer:ChargingLaser"],"damage_healed":0.0,"max_hp_gain":0.0,"max_hp_loss":0.0,"gold_gain":0.0,"event_name":"betterNote:BetterNote","player_choice":"Give","floor":20.0,"gold_loss":0.0,"damage_taken":0.0,"cards_obtained":["None"]},{"damage_healed":0.0,"max_hp_gain":0.0,"max_hp_loss":0.0,"gold_gain":0.0,"event_name":"Drug Dealer","player_choice":"Inject Mutagens","floor":27.0,"gold_loss":0.0,"damage_taken":0.0,"relics_obtained":["MutagenicStrength"]},{"damage_healed":0.0,"max_hp_gain":0.0,"max_hp_loss":0.0,"gold_gain":0.0,"event_name":"The Library","player_choice":"Read","floor":29.0,"gold_loss":0.0,"damage_taken":0.0,"cards_obtained":["RobotSpaceExplorer:StarLightning"]},{"cards_removed":["RobotSpaceExplorer:Strike"],"damage_healed":0,"gold_gain":0,"player_choice":"Purged","damage_taken":0,"max_hp_gain":0,"max_hp_loss":0,"event_name":"Purifier","floor":38,"gold_loss":0}],"is_beta":false,"boss_relics":[{"not_picked":["Sozu","RobotSpaceExplorer:TurboCore"],"picked":"RobotSpaceExplorer:SearchSpecs"},{"not_picked":["Snecko Eye","Busted Crown"],"picked":"Philosopher\u0027s Stone"}],"items_purged_floors":[19,36],"is_endless":false,"potions_floor_spawned":[1,5,6,8,12,16,18,22,24,30,46,48],"ascension_level":0}}