{"host":"ji1fk25fd1ga4ji1","time":1610039702,"event":{"mods":["2.2 Compatiblity","BaseMod","Colored Map","DeckTracker","Minty Spire (QoL Compilation)","Permanent Neow","Quick Restart","StSLib","SuperFastMode"],"gold_per_floor":[369,380,480,495,495,495,529,161,208,235,235,135,150,165,165,267,267,279,279,293,293,100,131,131,159,159,159,159,170,170,190,190,286,286,303,153,251,262,87,87,137,137,205,218,228,263,277,312,312,312],"floor_reached":51,"playtime":914,"items_purged":["Strike_R","Strike_R","Strike_R","Defend_R","Defend_R"],"score":866,"play_id":"e2ea67aa-db55-4356-9081-37afa2780dc9","local_time":"20210108021502","is_ascension_mode":true,"campfire_choices":[{"data":"Heavy Blade","floor":6.0,"key":"SMITH"},{"floor":11.0,"key":"REST"},{"data":"Whirlwind","floor":15.0,"key":"SMITH"},{"data":"Rampage","floor":24.0,"key":"SMITH"},{"data":"Evolve","floor":27.0,"key":"SMITH"},{"data":"Limit Break","floor":30.0,"key":"SMITH"},{"floor":32.0,"key":"REST"},{"data":"Offering","floor":40,"key":"SMITH"},{"data":"Bash","floor":42,"key":"SMITH"},{"data":"Limit Break","floor":49,"key":"SMITH"}],"circlet_count":0,"master_deck":["Defend_R+1","Defend_R+1","Bash+1","Heavy Blade+1","Evolve+1","Whirlwind+1","Twin Strike","Limit Break+1","CurseOfTheBell","Rampage+1","Shrug It Off+1","Inflame+1","Offering+1","Inflame+1","True Grit+1","Limit Break+1","Double Tap"],"relics":["Burning Blood","Orichalcum","War Paint","Oddly Smooth Stone","Calipers","Calling Bell","Potion Belt","Sundial","Lizard Tail","Gambling Chip","Anchor","Bottled Flame","SsserpentHead","Mark of Pain","Bird Faced Urn","Question Card","Blue Candle","Self Forming Clay"],"acts_visited":["Exordium","TheCity","TheBeyond"],"potions_floor_usage":[33,37,45,50,50,50,50],"damage_taken":[{"damage":0.0,"enemies":"Small Slimes","floor":1.0,"turns":3.0},{"damage":5.0,"enemies":"Cultist","floor":2.0,"turns":4.0},{"damage":4.0,"enemies":"Jaw Worm","floor":4.0,"turns":5.0},{"damage":31.0,"enemies":"Lagavulin","floor":7.0,"turns":6.0},{"damage":22.0,"enemies":"Gremlin Nob","floor":10.0,"turns":5.0},{"damage":4.0,"enemies":"Blue Slaver","floor":13.0,"turns":6.0},{"damage":0.0,"enemies":"Red Slaver","floor":14.0,"turns":3.0},{"damage":17.0,"enemies":"Slime Boss","floor":16.0,"turns":9.0},{"damage":21.0,"enemies":"Spheric Guardian","floor":18.0,"turns":6.0},{"damage":0.0,"enemies":"3 Byrds","floor":20.0,"turns":4.0},{"damage":45.0,"enemies":"Book of Stabbing","floor":23.0,"turns":9.0},{"damage":0.0,"enemies":"Slavers","floor":25.0,"turns":1.0},{"damage":24.0,"enemies":"Snake Plant","floor":29.0,"turns":5.0},{"damage":10.0,"enemies":"Chosen and Byrds","floor":31.0,"turns":6.0},{"damage":24,"enemies":"Champ","floor":33,"turns":6},{"damage":6,"enemies":"3 Shapes","floor":35,"turns":2},{"damage":17,"enemies":"2 Orb Walkers","floor":37,"turns":3},{"damage":14,"enemies":"Orb Walker","floor":38,"turns":3},{"damage":6,"enemies":"Maw","floor":44,"turns":3},{"damage":6,"enemies":"Sphere and 2 Shapes","floor":45,"turns":2},{"damage":24,"enemies":"Reptomancer","floor":46,"turns":3},{"damage":6,"enemies":"4 Shapes","floor":47,"turns":1},{"damage":9,"enemies":"Giant Head","floor":48,"turns":3},{"damage":49,"enemies":"Awakened One","floor":50,"turns":10}],"seed_played":"-7339707591171498671","potions_obtained":[{"floor":2.0,"key":"Explosive Potion"},{"floor":4.0,"key":"DuplicationPotion"},{"floor":10.0,"key":"EntropicBrew"},{"floor":20.0,"key":"BloodPotion"},{"floor":23.0,"key":"Energy Potion"},{"floor":31.0,"key":"SteroidPotion"},{"floor":35,"key":"AttackPotion"},{"floor":37,"key":"GamblersBrew"},{"floor":44,"key":"EntropicBrew"},{"floor":48,"key":"SmokeBomb"}],"is_trial":false,"path_per_floor":["M","M","?","M","?","R","E","$","T","E","R","$","M","M","R","B",null,"M","?","M","?","$","E","R","E","T","R","?","M","R","M","R","B",null,"M","$","?","M","$","R","?","R","T","M","M","E","M","E","R","B",null],"character_chosen":"IRONCLAD","items_purchased":["War Paint","Block Potion","PowerPotion","Whirlwind","Rampage"],"campfire_rested":2,"item_purchase_floors":[8,8,8,8,22],"current_hp_per_floor":[62,63,63,65,58,58,33,33,33,17,41,41,43,49,49,38,80,65,65,71,80,80,41,41,63,63,63,63,45,45,41,65,47,80,80,80,69,67,67,67,67,67,67,73,79,67,71,74,74,53],"gold":312,"neow_bonus":"TWO_FIFTY_GOLD","is_daily":false,"chose_seed":false,"campfire_upgraded":8,"win_rate":0.0,"timestamp":1610039702,"path_taken":["M","M","?","?","?","R","E","$","T","E","R","$","M","M","R","BOSS","M","?","M","?","$","E","R","E","T","R","?","M","R","M","R","BOSS","M","$","?","M","$","R","?","R","T","M","M","E","M","E","R","BOSS"],"items_purchased_type":["Relic","Potion","Potion","Card","Card"],"build_version":"2020-12-22","purchased_purges":5,"victory":true,"max_hp_per_floor":[80,80,80,80,80,80,80,80,80,80,80,80,80,80,80,80,80,80,80,80,80,80,80,80,80,80,80,80,80,80,80,80,80,80,80,80,80,80,80,80,80,80,80,80,80,80,80,80,80,80],"card_choices":[{"not_picked":["Shrug It Off","Thunderclap"],"picked":"Heavy Blade","floor":1.0},{"not_picked":["Anger","Iron Wave","Pommel Strike"],"picked":"SKIP","floor":2.0},{"not_picked":["Burning Pact","Body Slam","Shockwave"],"picked":"SKIP","floor":4.0},{"not_picked":["Combust","Warcry"],"picked":"Evolve","floor":7.0},{"not_picked":["Iron Wave","Shockwave"],"picked":"Twin Strike","floor":10.0},{"not_picked":["Armaments","Whirlwind","Headbutt"],"picked":"SKIP","floor":13.0},{"not_picked":["Feel No Pain","Dropkick","Iron Wave"],"picked":"SKIP","floor":14.0},{"not_picked":["Bludgeon","Reaper"],"picked":"Limit Break","floor":16.0},{"not_picked":["Burning Pact","Shrug It Off","Twin Strike+1"],"picked":"SKIP","floor":18.0},{"not_picked":["Twin Strike","Sword Boomerang","Pommel Strike+1"],"picked":"SKIP","floor":20.0},{"not_picked":["Flex","Shockwave","Brutality"],"picked":"SKIP","floor":23.0},{"not_picked":["Feed","Carnage","Body Slam+1"],"picked":"SKIP","floor":25.0},{"not_picked":["Headbutt+1","Whirlwind"],"picked":"Shrug It Off+1","floor":29.0},{"not_picked":["Ghostly Armor","Heavy Blade"],"picked":"Inflame+1","floor":31.0},{"not_picked":["Demon Form","Fiend Fire"],"picked":"Offering","floor":33},{"not_picked":["Carnage+1","Metallicize+1","Feel No Pain"],"picked":"SKIP","floor":35},{"not_picked":["Clothesline","Rage"],"picked":"Inflame+1","floor":37},{"not_picked":["Warcry+1","Disarm","Seeing Red"],"picked":"SKIP","floor":38},{"not_picked":["Flex+1","Rage","Blood for Blood"],"picked":"True Grit+1","floor":44},{"not_picked":["Iron Wave","Cleave","Sentinel","Sever Soul+1"],"picked":"SKIP","floor":45},{"not_picked":["Inflame","Clothesline","Clash"],"picked":"Limit Break","floor":46},{"not_picked":["Dark Embrace","Sword Boomerang+1","Perfected Strike","Armaments"],"picked":"SKIP","floor":47},{"not_picked":["Clash","Twin Strike+1","Thunderclap"],"picked":"Double Tap","floor":48}],"player_experience":812613,"relics_obtained":[{"floor":7.0,"key":"Orichalcum"},{"floor":9.0,"key":"Oddly Smooth Stone"},{"floor":10.0,"key":"Calipers"},{"floor":17.0,"key":"Potion Belt"},{"floor":17.0,"key":"Sundial"},{"floor":17.0,"key":"Lizard Tail"},{"floor":23.0,"key":"Gambling Chip"},{"floor":25.0,"key":"Anchor"},{"floor":26.0,"key":"Bottled Flame"},{"floor":37,"key":"Bird Faced Urn"},{"floor":43,"key":"Question Card"},{"floor":46,"key":"Blue Candle"},{"floor":48,"key":"Self Forming Clay"}],"event_choices":[{"damage_healed":0.0,"max_hp_gain":0.0,"max_hp_loss":0.0,"gold_gain":100.0,"event_name":"Golden Shrine","player_choice":"Pray","floor":3.0,"gold_loss":0.0,"damage_taken":0.0},{"cards_removed":["Strike_R"],"damage_healed":0.0,"max_hp_gain":0.0,"max_hp_loss":0.0,"gold_gain":0.0,"event_name":"Golden Wing","player_choice":"Card Removal","floor":5.0,"gold_loss":0.0,"damage_taken":7.0},{"cards_removed":["Strike_R"],"damage_healed":0.0,"max_hp_gain":0.0,"max_hp_loss":0.0,"gold_gain":0.0,"event_name":"Back to Basics","player_choice":"Elegance","floor":19.0,"gold_loss":0.0,"damage_taken":0.0},{"damage_healed":26.0,"max_hp_gain":0.0,"max_hp_loss":0.0,"gold_gain":0.0,"event_name":"The Library","player_choice":"Heal","floor":21.0,"gold_loss":0.0,"damage_taken":0.0},{"damage_healed":0.0,"max_hp_gain":0.0,"max_hp_loss":0.0,"gold_gain":0.0,"event_name":"FaceTrader","player_choice":"Trade","floor":28.0,"gold_loss":0.0,"damage_taken":0.0,"relics_obtained":["SsserpentHead"]},{"damage_healed":0,"gold_gain":0,"player_choice":"Fight","damage_taken":0,"max_hp_gain":0,"max_hp_loss":0,"event_name":"Mysterious Sphere","floor":37,"gold_loss":0},{"damage_healed":0,"gold_gain":0,"player_choice":"Memory 1","damage_taken":0,"max_hp_gain":0,"max_hp_loss":0,"event_name":"SensoryStone","floor":41,"gold_loss":0}],"is_beta":false,"boss_relics":[{"not_picked":["Snecko Eye","SacredBark"],"picked":"Calling Bell"},{"not_picked":["Sozu","Philosopher\u0027s Stone"],"picked":"Mark of Pain"}],"items_purged_floors":[8,12,22,36,39],"is_endless":false,"potions_floor_spawned":[2,4,10,20,23,31,35,37,44,48],"ascension_level":1}}