{"host":"pa9f0x1gh89g8gxw","time":1610012110,"event":{"mods":["BaseMod","Colored Powertips","Hubris","Infinite Spire","Minty Spire (QoL Compilation)","Replay The Spire","StSLib"],"gold_per_floor":[118,130,130,230,247,247,279,279,279,59,69,69,18,52,52,156,156,175,191,191,191,291,322,322,341,341,2,20,20,54,67,67,165,165,181,38,57,70,90,90,90],"floor_reached":40,"playtime":1629,"items_purged":["Strike_B"],"score":535,"play_id":"a8d4dcd9-f0f2-41d5-86ee-c80ec8af17ba","local_time":"20210107203510","is_ascension_mode":true,"campfire_choices":[{"data":"ReplayGash","floor":6,"key":"SMITH"},{"data":"ReplayGash","floor":8,"key":"SMITH"},{"data":"Strike_B","floor":15,"key":"PURGE"},{"floor":24,"key":"REST"},{"floor":29,"key":"REST"},{"data":"Gash","floor":32,"key":"SMITH"}],"circlet_count":0,"master_deck":["Strike_B","Strike_B","Defend_B","Defend_B","Defend_B","Defend_B","Zap","Dualcast","Sunder+1","ReplayGash+1","ReplayGash+1","Coolheaded","Cold Snap","Sweeping Beam","Self Repair","ReplayRNGCard","Creative AI","White Noise+1","Core Surge","Barrage","Doom and Gloom+1","ReplayGash","Gash+1","ReplayGash","Go for the Eyes+1","Glacier+1","Buffer","Ball Lightning","Cold Snap+1","Chaos+1","ReplayGash+1"],"relics":["Cracked Core","NeowsBlessing","Quantum Egg","Cables","Orrery","Mirror","Orichalcum","hubris:TerracottaHorce","Cauldron","Replay:Antivirus Software","hubris:BundleOfHerbs","Onion Ring","Bottled Flame","Painkiller Herb","Replay:Frozen Program"],"acts_visited":["Exordium","TheCity","TheBeyond"],"potions_floor_usage":[14,16,16,18,23,33],"damage_taken":[{"damage":0,"enemies":"Cultist","floor":1,"turns":1},{"damage":0,"enemies":"Jaw Worm","floor":2,"turns":1},{"damage":0,"enemies":"2 Louse","floor":5,"turns":1},{"damage":26,"enemies":"Lagavulin","floor":7,"turns":5},{"damage":26,"enemies":"Gremlin Gang","floor":11,"turns":4},{"damage":9,"enemies":"3 Sentries","floor":14,"turns":4},{"damage":13,"enemies":"The Guardian","floor":16,"turns":11},{"damage":15,"enemies":"2 Thieves","floor":18,"turns":4},{"damage":26,"enemies":"Shell Parasite","floor":19,"turns":5},{"damage":29,"enemies":"Gremlin Leader","floor":23,"turns":7},{"damage":4,"enemies":"Cultist and Chosen","floor":25,"turns":4},{"damage":26,"enemies":"Centurion and Healer","floor":28,"turns":4},{"damage":44,"enemies":"Book of Stabbing","floor":30,"turns":7},{"damage":39,"enemies":"Snake Plant","floor":31,"turns":6},{"damage":27,"enemies":"hubris:MusketHawk","floor":33,"turns":11},{"damage":4,"enemies":"3 Shapes","floor":35,"turns":5},{"damage":16,"enemies":"3 Darklings","floor":37,"turns":5},{"damage":16,"enemies":"Maw","floor":38,"turns":7},{"damage":9,"enemies":"4 Shapes","floor":39,"turns":4},{"damage":83,"enemies":"Giant Head","floor":40,"turns":8}],"seed_played":"5814431897658578695","potions_obtained":[{"floor":2,"key":"FocusPotion"},{"floor":11,"key":"Languid Potion"},{"floor":14,"key":"Swift Potion"},{"floor":16,"key":"Swift Potion"},{"floor":19,"key":"Strength Potion"},{"floor":20,"key":"FairyPotion"},{"floor":20,"key":"FairyPotion"},{"floor":20,"key":"Block Potion"},{"floor":23,"key":"BlessingOfTheForge"},{"floor":37,"key":"Reflective Coating"},{"floor":39,"key":"Reflective Coating"}],"is_trial":false,"path_per_floor":["M","M","?","?","M","R","E","R","T","$","M","?","$","E","R","B",null,"M","M","AVR","?","?","E","R","M","T","$","M","R","E","M","R","B",null,"?","T","?","?","?","E"],"character_chosen":"DEFECT","items_purchased":["Orrery","White Noise+1","ReplayGash","Gash","Onion Ring","Replay:Frozen Program"],"campfire_rested":2,"item_purchase_floors":[10,13,27,27,27,36],"current_hp_per_floor":[75,75,75,75,75,75,49,49,49,49,30,27,27,25,25,19,61,53,34,34,34,34,12,34,37,37,37,18,40,42,10,10,24,62,65,65,56,47,45,0,0],"gold":90,"neow_bonus":"THREE_ENEMY_KILL","is_daily":false,"chose_seed":false,"campfire_upgraded":3,"win_rate":0.0,"timestamp":1610012110,"path_taken":["M","?","?","?","?","R","E","R","T","$","M","?","?","E","R","BOSS","M","M","AVR","?","?","E","R","?","T","$","M","R","E","M","R","BOSS","?","T","?","?","?","E"],"items_purchased_type":["Relic","Card","Card","Card","Relic","Relic"],"build_version":"2020-12-22","purchased_purges":1,"victory":false,"max_hp_per_floor":[75,75,75,75,75,75,75,75,75,75,75,75,75,75,75,75,75,75,75,75,75,75,75,75,75,75,75,75,75,75,75,75,75,75,75,75,75,75,75,75,75],"card_choices":[{"not_picked":["Time Bomb","Storm","ReplayTheSpireMod:Repulse"],"picked":"SKIP","floor":1},{"not_picked":["Crystallizer","Turbo"],"picked":"Sunder","floor":2},{"not_picked":["Barrage","Chaos"],"picked":"ReplayGash","floor":5},{"not_picked":["Doom and Gloom","Leap"],"picked":"ReplayGash","floor":7},{"not_picked":["Sweeping Beam","Ball Lightning"],"picked":"Coolheaded","floor":10},{"not_picked":["Rebound","Turbo"],"picked":"Cold Snap","floor":10},{"not_picked":["Stack","ReplayTheSpireMod:GoodbyeWorld"],"picked":"Sweeping Beam","floor":10},{"not_picked":["Cold Snap","Aggregate"],"picked":"Self Repair","floor":10},{"not_picked":["Steam","Aggregate"],"picked":"ReplayRNGCard","floor":10},{"not_picked":["Capacitor","Doom and Gloom"],"picked":"Creative AI","floor":11},{"not_picked":["Turbo","Hologram","Leap"],"picked":"SKIP","floor":14},{"not_picked":["Amplify","All For One"],"picked":"Core Surge","floor":16},{"not_picked":["Compile Driver","Cold Snap+1"],"picked":"Barrage","floor":18},{"not_picked":["Conserve Battery","hubris:PowerSurge","ReplayTheSpireMod:Repulse"],"picked":"SKIP","floor":19},{"not_picked":["Hologram","Melter","hubris:PowerSurge+1"],"picked":"SKIP","floor":23},{"not_picked":["Turbo","Go for the Eyes+1"],"picked":"Doom and Gloom+1","floor":25},{"not_picked":["Auto Shields+1","Sweeping Beam"],"picked":"ReplayGash","floor":28},{"not_picked":["Time Bomb","hubris:DoWhile"],"picked":"Go for the Eyes+1","floor":30},{"not_picked":["Cold Snap","Ball Lightning"],"picked":"Glacier+1","floor":31},{"not_picked":["Machine Learning","ReplayTheSpireMod:Omega Cannon"],"picked":"Buffer","floor":33},{"not_picked":["Panic Button","Glacier"],"picked":"Ball Lightning","floor":35},{"not_picked":["Hello World+1","Heatsinks+1"],"picked":"Cold Snap+1","floor":37},{"not_picked":["Sweeping Beam+1","BootSequence"],"picked":"Chaos+1","floor":38},{"not_picked":["Turbo","Reboot"],"picked":"ReplayGash+1","floor":39}],"player_experience":467953,"relics_obtained":[{"floor":7,"key":"Quantum Egg"},{"floor":9,"key":"Cables"},{"floor":14,"key":"Orichalcum"},{"floor":23,"key":"Replay:Antivirus Software"},{"floor":26,"key":"hubris:BundleOfHerbs"},{"floor":30,"key":"Bottled Flame"}],"event_choices":[{"damage_healed":0,"gold_gain":0,"player_choice":"Grow","damage_taken":0,"max_hp_gain":0,"max_hp_loss":0,"event_name":"Living Wall","floor":3,"gold_loss":0,"cards_upgraded":["Sunder"]},{"damage_healed":0,"gold_gain":100,"player_choice":"Pray","damage_taken":0,"max_hp_gain":0,"max_hp_loss":0,"event_name":"Golden Shrine","floor":4,"gold_loss":0},{"damage_healed":0,"gold_gain":0,"player_choice":"Success","damage_taken":3,"relics_obtained":["Mirror"],"max_hp_gain":0,"max_hp_loss":0,"event_name":"Scrap Ooze","floor":12,"gold_loss":0},{"damage_healed":0,"gold_gain":100,"player_choice":"Pray","damage_taken":0,"max_hp_gain":0,"max_hp_loss":0,"event_name":"Golden Shrine","floor":22,"gold_loss":0}],"is_beta":false,"boss_relics":[{"not_picked":["Replay:Wanted Poster","hubris:GrandSneckoEye"],"picked":"hubris:TerracottaHorce"},{"not_picked":["Velvet Choker","Honey Jar"],"picked":"Painkiller Herb"}],"items_purged_floors":[10],"is_endless":false,"potions_floor_spawned":[2,11,14,16,19,23,25,37,39],"killed_by":"Giant Head","ascension_level":1}}