{"host":"dth8fvkfiulu86fi","time":1610022573,"event":{"mods":["2.2 Compatiblity","AchievementEnabler","BaseMod","Better Third Choice","Colored Map","Colored Powertips","Minty Spire (QoL Compilation)","Rare Cards Sparkle","StSLib","SuperFastMode","Synergy Search"],"gold_per_floor":[114,129,44,59,59,97,97,97,122,197,197,216,235,273,273,398,398,417,367,126,145,164,164,202,202,202,221,240,259,297,322,322,447,447,466,505,22,61,80,40,59,78,78,97,30,368,387,406,406,406],"floor_reached":51,"playtime":1795,"items_purged":[],"score":985,"play_id":"5af9545b-2243-4dff-96f4-a0c72ce98345","local_time":"20210107132933","daily_mods":["SealedDeck","Vintage","Lethality"],"is_ascension_mode":false,"campfire_choices":[{"floor":7.0,"key":"REST"},{"data":"BattleHymn","floor":15.0,"key":"SMITH"},{"floor":23.0,"key":"REST"},{"data":"Prostrate","floor":25.0,"key":"SMITH"},{"data":"Prostrate","floor":32.0,"key":"SMITH"},{"data":"EmptyFist","floor":49,"key":"SMITH"}],"circlet_count":0,"master_deck":["EmptyFist+1","EmptyFist+1","Protect","Protect","Prostrate+1","Prostrate+1","Consecrate","Consecrate+1","Jack Of All Trades+1","Protect","BattleHymn+1","Finesse+1","Prostrate+1","Consecrate","Flash of Steel","Dark Shackles+1"],"relics":["PureWater","TeardropLocket","Shuriken","Bronze Scales","Golden Idol","Matryoshka","Vajra","MealTicket","Potion Belt","Mercury Hourglass","Toxic Egg 2","Busted Crown","Meat on the Bone","PrismaticShard","Incense Burner","Happy Flower","Mummified Hand","Anchor","Blood Vial","Smiling Mask","Question Card","CeramicFish","The Courier","Red Mask","SlaversCollar","HornCleat","Lizard Tail","Unceasing Top","Akabeko","Pen Nib","Ornamental Fan","Bottled Tornado","Pear","Frozen Egg 2","Yang","Old Coin","Whetstone","Bottled Lightning"],"acts_visited":["Exordium","TheCity","TheBeyond"],"potions_floor_usage":[],"damage_taken":[{"damage":0.0,"enemies":"Jaw Worm","floor":1.0,"turns":2.0},{"damage":0.0,"enemies":"2 Louse","floor":2.0,"turns":2.0},{"damage":0.0,"enemies":"Cultist","floor":4.0,"turns":3.0},{"damage":0.0,"enemies":"Gremlin Nob","floor":6.0,"turns":3.0},{"damage":0.0,"enemies":"Looter","floor":12.0,"turns":2.0},{"damage":0.0,"enemies":"Large Slime","floor":13.0,"turns":2.0},{"damage":0.0,"enemies":"3 Sentries","floor":14.0,"turns":4.0},{"damage":33.0,"enemies":"Hexaghost","floor":16.0,"turns":4.0},{"damage":8.0,"enemies":"Chosen","floor":18.0,"turns":3.0},{"damage":0.0,"enemies":"Spheric Guardian","floor":21.0,"turns":3.0},{"damage":13.0,"enemies":"Centurion and Healer","floor":22.0,"turns":3.0},{"damage":0.0,"enemies":"Gremlin Leader","floor":24.0,"turns":4.0},{"damage":0.0,"enemies":"Snecko","floor":27.0,"turns":4.0},{"damage":0.0,"enemies":"Sentry and Sphere","floor":28.0,"turns":3.0},{"damage":0.0,"enemies":"Centurion and Healer","floor":29.0,"turns":3.0},{"damage":0.0,"enemies":"Slavers","floor":30.0,"turns":3.0},{"damage":1.0,"enemies":"Masked Bandits","floor":31.0,"turns":3.0},{"damage":6.0,"enemies":"Automaton","floor":33.0,"turns":6.0},{"damage":3.0,"enemies":"Orb Walker","floor":35.0,"turns":3.0},{"damage":11.0,"enemies":"3 Darklings","floor":36.0,"turns":3.0},{"damage":0.0,"enemies":"Maw","floor":38.0,"turns":5.0},{"damage":7.0,"enemies":"4 Shapes","floor":39.0,"turns":3.0},{"damage":0.0,"enemies":"Sphere and 2 Shapes","floor":41.0,"turns":2.0},{"damage":0.0,"enemies":"3 Darklings","floor":42.0,"turns":3.0},{"damage":0.0,"enemies":"Jaw Worm Horde","floor":44.0,"turns":2.0},{"damage":9.0,"enemies":"Reptomancer","floor":46.0,"turns":4.0},{"damage":0.0,"enemies":"4 Shapes","floor":47.0,"turns":2.0},{"damage":0.0,"enemies":"Writhing Mass","floor":48.0,"turns":3.0},{"damage":74,"enemies":"Time Eater","floor":50,"turns":7}],"seed_played":"8350349167999303424","potions_obtained":[{"floor":2.0,"key":"BlessingOfTheForge"},{"floor":6.0,"key":"Strength Potion"},{"floor":12.0,"key":"DuplicationPotion"},{"floor":16.0,"key":"DuplicationPotion"},{"floor":21.0,"key":"LiquidMemories"},{"floor":24.0,"key":"SkillPotion"},{"floor":27.0,"key":"SteroidPotion"},{"floor":31.0,"key":"BlessingOfTheForge"},{"floor":35.0,"key":"SteroidPotion"},{"floor":42.0,"key":"PowerPotion"},{"floor":46.0,"key":"BottledMiracle"},{"floor":47.0,"key":"SteroidPotion"},{"floor":48,"key":"FearPotion"}],"is_trial":false,"path_per_floor":["M","M","$","M","?","E","R","?","T","?","?","M","M","E","R","B",null,"M","?","$","M","M","R","E","R","T","M","M","M","E","?","R","B",null,"M","M","$","M","M","?","M","M","T","M","$","E","M","M","R","B",null],"character_chosen":"WATCHER","items_purchased":["Jack Of All Trades","PrismaticShard","Finesse+1","Unceasing Top","Prostrate+1","Consecrate","Flash of Steel","Akabeko","Dark Shackles+1"],"campfire_rested":2,"item_purchase_floors":[3,20,20,37,37,37,37,37,45],"current_hp_per_floor":[72,72,72,72,54,54,72,72,72,61,54,54,54,54,54,21,72,64,64,72,72,59,72,72,72,72,72,72,72,72,71,71,66,72,69,60,72,72,65,65,67,79,79,81,82,73,75,77,77,17],"gold":406,"neow_bonus":"","is_daily":true,"chose_seed":false,"campfire_upgraded":4,"win_rate":0.0,"timestamp":1610022573,"path_taken":["M","M","$","M","?","E","R","?","T","?","?","?","M","E","R","BOSS","M","?","$","M","M","R","E","R","T","?","M","M","E","?","R","BOSS","M","M","$","M","M","?","?","M","T","M","$","E","M","M","R","BOSS"],"items_purchased_type":["Card","Relic","Card","Relic","Card","Card","Card","Relic","Card"],"build_version":"2020-12-22","purchased_purges":0,"victory":true,"max_hp_per_floor":[72,72,72,72,72,72,72,72,72,72,72,72,72,72,72,72,72,72,72,72,72,72,72,72,72,72,72,72,72,72,72,72,72,72,72,72,72,72,72,72,72,82,82,82,82,82,82,82,82,82],"card_choices":[{"not_picked":["CutThroughFate","ThirdEye"],"picked":"Protect","floor":6.0},{"not_picked":["EmptyBody+1","BowlingBash"],"picked":"BattleHymn","floor":14.0},{"not_picked":["Doppelganger+1"],"picked":"SKIP","floor":24.0},{"not_picked":["Armaments+1","Calculated Gamble+1"],"picked":"SKIP","floor":30.0},{"not_picked":["Second Wind+1","Headbutt+1"],"picked":"SKIP","floor":46.0}],"player_experience":1131047,"relics_obtained":[{"floor":1.0,"key":"TeardropLocket"},{"floor":2.0,"key":"Shuriken"},{"floor":4.0,"key":"Bronze Scales"},{"floor":6.0,"key":"Matryoshka"},{"floor":9.0,"key":"Vajra"},{"floor":9.0,"key":"MealTicket"},{"floor":12.0,"key":"Potion Belt"},{"floor":13.0,"key":"Mercury Hourglass"},{"floor":14.0,"key":"Toxic Egg 2"},{"floor":18.0,"key":"Meat on the Bone"},{"floor":21.0,"key":"Incense Burner"},{"floor":22.0,"key":"Happy Flower"},{"floor":24.0,"key":"Mummified Hand"},{"floor":26.0,"key":"Anchor"},{"floor":26.0,"key":"Blood Vial"},{"floor":27.0,"key":"Smiling Mask"},{"floor":28.0,"key":"Question Card"},{"floor":29.0,"key":"CeramicFish"},{"floor":30.0,"key":"The Courier"},{"floor":31.0,"key":"Red Mask"},{"floor":35.0,"key":"HornCleat"},{"floor":36.0,"key":"Lizard Tail"},{"floor":38.0,"key":"Pen Nib"},{"floor":39.0,"key":"Ornamental Fan"},{"floor":41.0,"key":"Bottled Tornado"},{"floor":42.0,"key":"Pear"},{"floor":43.0,"key":"Frozen Egg 2"},{"floor":44.0,"key":"Yang"},{"floor":46.0,"key":"Old Coin"},{"floor":47.0,"key":"Whetstone"},{"floor":48,"key":"Bottled Lightning"}],"event_choices":[{"damage_healed":0.0,"max_hp_gain":0.0,"max_hp_loss":0.0,"gold_gain":0.0,"event_name":"Golden Idol","player_choice":"Take Damage","floor":5.0,"gold_loss":0.0,"damage_taken":18.0,"relics_obtained":["Golden Idol"]},{"cards_removed":["JustLucky"],"damage_healed":0.0,"max_hp_gain":0.0,"max_hp_loss":0.0,"gold_gain":0.0,"event_name":"Living Wall","player_choice":"Forget","floor":8.0,"gold_loss":0.0,"damage_taken":0.0},{"damage_healed":0.0,"max_hp_gain":0.0,"max_hp_loss":0.0,"gold_gain":75.0,"event_name":"betterThird:BetterGoop","player_choice":"Gold","floor":10.0,"gold_loss":0.0,"damage_taken":11.0},{"cards_removed":["Halt"],"damage_healed":0.0,"max_hp_gain":0.0,"max_hp_loss":0.0,"gold_gain":0.0,"event_name":"Golden Wing","player_choice":"Card Removal","floor":11.0,"gold_loss":0.0,"damage_taken":7.0},{"damage_healed":0.0,"max_hp_gain":0.0,"max_hp_loss":0.0,"gold_gain":0.0,"event_name":"The Joust","player_choice":"Bet on Murderer","floor":19.0,"gold_loss":50.0,"damage_taken":0.0},{"damage_healed":0.0,"max_hp_gain":0.0,"max_hp_loss":0.0,"gold_gain":0.0,"event_name":"Masked Bandits","player_choice":"Fought Bandits","floor":31.0,"gold_loss":0.0,"damage_taken":0.0},{"damage_healed":0.0,"max_hp_gain":0.0,"max_hp_loss":0.0,"gold_gain":0.0,"event_name":"Designer","player_choice":"Upgrade","floor":40.0,"gold_loss":40.0,"damage_taken":0.0,"cards_upgraded":["Jack Of All Trades"]}],"is_beta":false,"boss_relics":[{"not_picked":["Philosopher\u0027s Stone","Sozu"],"picked":"Busted Crown"},{"not_picked":["Velvet Choker","VioletLotus"],"picked":"SlaversCollar"}],"items_purged_floors":[],"is_endless":false,"potions_floor_spawned":[2,6,12,16,21,24,27,31,33,35,42,46,47,48],"ascension_level":0}}