{"host":"ig7tc0uedzltt2sr","time":1610061321,"event":{"mods":["BaseMod","Better Twitch Integration","Block Reminder","Colored Map","Colored Powertips","Communication Mod","Current Relic Mod","GifTheSpireLib","HexUI Lib","Minty Spire (QoL Compilation)","Quick Restart","Random Character Button","Rare Cards Sparkle","Relic Sorter","Relic Stats","Slay the Relics Exporter","StSLib","SuperFastMode","Synergy Search","Twitch Decklist","Twitch Utils","everything is the same but u backflip on backflip","slay the spire mod where everything is the same but ironclad has a cowboy hat"],"gold_per_floor":[110,110,110,31,31,31,41,54,54,73,84,99,109,127,127,127,127],"floor_reached":16,"playtime":122,"items_purged":[],"score":96,"play_id":"961b833b-db20-48e9-a5b4-219d4afa7e14","local_time":"20210107151521","is_ascension_mode":false,"campfire_choices":[{"floor":6,"key":"REST"},{"floor":15,"key":"REST"}],"circlet_count":0,"master_deck":["Strike_R","Strike_R","Strike_R","Strike_R","Strike_R","Defend_R","Defend_R","Defend_R","Defend_R","Bash","Anger","Wild Strike","Intimidate","Thunderclap","Intimidate","Searing Blow","Combust","Iron Wave","Second Wind","Reckless Charge"],"relics":["Burning Blood"],"acts_visited":["Exordium"],"potions_floor_usage":[],"damage_taken":[{"damage":12,"enemies":"2 Louse","floor":1,"turns":6},{"damage":0,"enemies":"Small Slimes","floor":7,"turns":3},{"damage":4,"enemies":"Cultist","floor":8,"turns":4},{"damage":34,"enemies":"Large Slime","floor":10,"turns":11},{"damage":7,"enemies":"Blue Slaver","floor":11,"turns":4},{"damage":4,"enemies":"2 Fungi Beasts","floor":12,"turns":3},{"damage":12,"enemies":"3 Louse","floor":13,"turns":4},{"damage":15,"enemies":"Red Slaver","floor":14,"turns":5},{"damage":62,"enemies":"Hexaghost","floor":16,"turns":9}],"seed_played":"-1590250826624222006","potions_obtained":[{"floor":5,"key":"HeartOfIron"},{"floor":5,"key":"Energy Potion"},{"floor":5,"key":"SteroidPotion"},{"floor":7,"key":"ColorlessPotion"},{"floor":10,"key":"LiquidBronze"},{"floor":11,"key":"LiquidBronze"},{"floor":13,"key":"Dexterity Potion"}],"is_trial":false,"path_per_floor":["M","?","?","$","?","R","M","M","T","M","M","M","M","M","R","B"],"character_chosen":"IRONCLAD","items_purchased":["Intimidate"],"campfire_rested":2,"item_purchase_floors":[4],"current_hp_per_floor":[74,74,80,80,80,80,80,80,80,52,51,53,47,38,62,0,0],"gold":127,"neow_bonus":"THREE_CARDS","is_daily":false,"chose_seed":false,"campfire_upgraded":0,"win_rate":0.0,"timestamp":1610061321,"path_taken":["M","?","?","$","?","R","M","M","T","M","M","M","M","M","R","BOSS"],"items_purchased_type":["Card"],"build_version":"2020-12-22","purchased_purges":0,"victory":false,"max_hp_per_floor":[80,80,80,80,80,80,80,80,80,80,80,80,80,80,80,80,80],"relic_stats":{"counters":[9,49],"obtain_stats":[{"Burning Blood":0},{"Burning Blood":0},{"Burning Blood":0}],"Burning Blood":40},"card_choices":[{"not_picked":["Pommel Strike","Fire Breathing"],"picked":"Anger","floor":0},{"not_picked":["Twin Strike","Sword Boomerang"],"picked":"Wild Strike","floor":1},{"not_picked":["Shrug It Off","Headbutt"],"picked":"Thunderclap","floor":7},{"not_picked":["Warcry","Clothesline"],"picked":"Intimidate","floor":8},{"not_picked":["Pommel Strike","Burning Pact"],"picked":"Searing Blow","floor":10},{"not_picked":["Clash","Armaments"],"picked":"Combust","floor":11},{"not_picked":["Warcry","Battle Trance"],"picked":"Iron Wave","floor":12},{"not_picked":["Cleave","Wild Strike"],"picked":"Second Wind","floor":13},{"not_picked":["Thunderclap","Clash"],"picked":"Reckless Charge","floor":14}],"player_experience":1460348,"relics_obtained":[],"event_choices":[{"damage_healed":0,"gold_gain":0,"player_choice":"Ignored","damage_taken":0,"max_hp_gain":0,"max_hp_loss":0,"event_name":"Golden Wing","floor":2,"gold_loss":0},{"damage_healed":26,"gold_gain":0,"player_choice":"Banana","damage_taken":0,"max_hp_gain":0,"max_hp_loss":0,"event_name":"Big Fish","floor":3,"gold_loss":0},{"damage_healed":0,"gold_gain":0,"player_choice":"Got Potions","damage_taken":0,"max_hp_gain":0,"max_hp_loss":0,"event_name":"Lab","floor":5,"gold_loss":0}],"is_beta":false,"boss_relics":[],"items_purged_floors":[],"is_endless":false,"potions_floor_spawned":[7,10,11,13],"killed_by":"Hexaghost","ascension_level":0}}