{"host":"6ko66ogg91i6g7xq","time":1610051907,"event":{"mods":["AchievementEnabler","Act Like it!","BaseMod","Colored Map","Colored Powertips","Downfall","Hermit","Minty Spire (QoL Compilation)","Quick Restart","Relic Stats","StSLib","The Jungle","everything is the same but u backflip on backflip"],"gold_per_floor":[],"floor_reached":25,"playtime":880,"items_purged":[],"score":255,"play_id":"48ecd19c-f4af-45f0-a26c-e4b79ad739e7","local_time":"20210107153827","is_ascension_mode":true,"campfire_choices":[],"circlet_count":0,"master_deck":["Strike_G","Strike_G","Strike_G","Strike_G","Strike_G","Defend_G","Defend_G","Defend_G","Defend_G","Defend_G","Survivor","Neutralize","Blade Dance","Blade Dance","Noxious Fumes+1","Blade Dance","Finisher+1","Infinite Blades","Footwork","Glass Knife","Dagger Spray","Cloak And Dagger","Accuracy","Noxious Fumes"],"relics":["Ring of the Snake","NeowsBlessing","Bronze Scales","Meat on the Bone","CaptainsWheel","Omamori","Membership Card","Calling Bell","Toy Ornithopter","Mercury Hourglass","Du-Vu Doll","Tingsha"],"acts_visited":["Exordium","TheCity"],"potions_floor_usage":[],"damage_taken":[],"seed_played":"-5049987705093965761","potions_obtained":[],"is_trial":false,"path_per_floor":[],"character_chosen":"THE_SILENT","items_purchased":[],"campfire_rested":0,"item_purchase_floors":[],"current_hp_per_floor":[],"gold":474,"neow_bonus":"THREE_ENEMY_KILL","is_daily":false,"chose_seed":false,"campfire_upgraded":2,"win_rate":0.0,"timestamp":1610051907,"path_taken":[],"items_purchased_type":[],"build_version":"2020-12-22","purchased_purges":0,"victory":false,"max_hp_per_floor":[],"relic_stats":{"counters":[15,54],"Bronze Scales":[120],"Tingsha":[0],"obtain_stats":[{"Calling Bell":17,"Du-Vu Doll":17,"CaptainsWheel":10,"NeowsBlessing":0,"Bronze Scales":7,"Tingsha":23,"Omamori":12,"Membership Card":14,"Toy Ornithopter":17,"Ring of the Snake":0,"Meat on the Bone":9,"Mercury Hourglass":17},{"Calling Bell":8,"Du-Vu Doll":8,"CaptainsWheel":5,"NeowsBlessing":0,"Bronze Scales":4,"Tingsha":13,"Omamori":6,"Membership Card":7,"Toy Ornithopter":8,"Ring of the Snake":0,"Meat on the Bone":4,"Mercury Hourglass":8},{"Calling Bell":30,"Du-Vu Doll":30,"CaptainsWheel":13,"NeowsBlessing":0,"Bronze Scales":10,"Tingsha":47,"Omamori":18,"Membership Card":21,"Toy Ornithopter":30,"Ring of the Snake":0,"Meat on the Bone":10,"Mercury Hourglass":30}],"Toy Ornithopter":17,"Ring of the Snake":[30],"Meat on the Bone":60,"Mercury Hourglass":[94]},"card_choices":[],"player_experience":253378,"relics_obtained":[],"event_choices":[],"is_beta":false,"boss_relics":[],"items_purged_floors":[],"is_endless":false,"potions_floor_spawned":[],"killed_by":"Book of Stabbing","ascension_level":1}}