{"host":"dnd25fcf5l5puhl9","time":1610022240,"event":{"mods":["AchievementEnabler","Act Like it!","BaseMod","BetterRewards","Colored Map","Colored Powertips","Downfall","Gensokyo","Hermit","Hubris","Infinite Spire","Lobotomy","Minty Spire (QoL Compilation)","Replay The Spire","Shop Mod","StSLib","SuperFastMode"],"gold_per_floor":[117,117,128,128,139,155,189,189,189,216,216,216,291,311,311,410,410,420,439,294,312,57,57,69,69,124,139,139,139],"floor_reached":28,"playtime":33220,"items_purged":[],"score":303,"play_id":"e8ae0aaf-f850-4da0-844e-53f3c9b52f06","local_time":"20210107102400","is_ascension_mode":false,"campfire_choices":[{"floor":8,"key":"REST"},{"data":"hermit:Maintenance","floor":12,"key":"SMITH"},{"floor":15,"key":"DIG"},{"floor":23,"key":"REST"}],"circlet_count":0,"master_deck":["hermit:Strike_Hermit","hermit:Strike_Hermit","hermit:Strike_Hermit","hermit:Strike_Hermit","hermit:Defend_Hermit","hermit:Defend_Hermit","hermit:Defend_Hermit","hermit:Defend_Hermit","hermit:Snapshot+1","hermit:Covet","hermit:WideOpen","hermit:Maintenance+1","hermit:BigShot","hermit:Dive","hermit:RoundhouseKick","hermit:LoneWolf","hermit:Roulette","hermit:GhostlyPresence"],"relics":["hermit:Momento","Toolbox","MerchantsRug","hubris:Zylophone","Replay:Bottled Eggs","Matryoshka","Thread and Needle","Orichalcum","hubris:Metronome","Replay:Kaleidoscope","hubris:Icosahedron","Strawberry","hubris:HollowSoul","Tiny Chest","Ornamental Fan","TheAbacus","Philosopher\u0027s Stone","hubris:TenFootPole"],"acts_visited":["Exordium","TheCity"],"potions_floor_usage":[7,18],"damage_taken":[{"damage":1,"enemies":"Small Slimes","floor":1,"turns":2},{"damage":1,"enemies":"Cultist","floor":5,"turns":3},{"damage":6,"enemies":"Jaw Worm","floor":6,"turns":2},{"damage":12,"enemies":"Gremlin Nob","floor":7,"turns":2},{"damage":19,"enemies":"Lagavulin","floor":10,"turns":4},{"damage":0,"enemies":"Exordium Wildlife","floor":14,"turns":5},{"damage":0,"enemies":"The Guardian","floor":16,"turns":11},{"damage":29,"enemies":"3 Byrds","floor":18,"turns":5},{"damage":5,"enemies":"Shell Parasite","floor":19,"turns":10},{"damage":48,"enemies":"3 Cultists","floor":21,"turns":7},{"damage":25,"enemies":"Snake Plant","floor":24,"turns":7},{"damage":0,"enemies":"Cultist and Chosen","floor":27,"turns":8}],"seed_played":"168171574649371737","potions_obtained":[{"floor":1,"key":"Death Potion"},{"floor":2,"key":"Block Potion"},{"floor":2,"key":"Elixir"},{"floor":10,"key":"Weak Potion"},{"floor":16,"key":"SteroidPotion"},{"floor":21,"key":"EntropicBrew"},{"floor":24,"key":"EntropicBrew"},{"floor":27,"key":"Block Potion"}],"is_trial":false,"path_per_floor":["M","?","$","T","M","M","E","R","T","E","?","R","?","M","R_BF","B",null,"M","M","$","M","$","R","M","AVR","T","M","?"],"character_chosen":"HERMIT","items_purchased":["Toolbox","MerchantsRug","Replay:Bottled Eggs","Tiny Chest","Ornamental Fan"],"campfire_rested":2,"item_purchase_floors":[0,0,0,20,22],"current_hp_per_floor":[39,39,39,39,38,32,20,42,42,23,23,23,12,12,19,19,82,53,56,56,8,8,32,7,7,7,7,0,0],"gold":139,"neow_bonus":"","is_daily":false,"chose_seed":false,"campfire_upgraded":1,"win_rate":0.0,"timestamp":1610022240,"path_taken":["M","?","?","?","M","M","E","R","T","E","?","R","?","?","R_BF","BOSS","M","M","$","M","$","R","M","AVR","T","M","?"],"items_purchased_type":["Relic","Relic","Relic","Relic","Relic"],"build_version":"2020-12-22","purchased_purges":0,"victory":false,"max_hp_per_floor":[75,75,75,75,75,75,75,75,75,75,75,75,75,75,82,82,82,82,82,82,82,82,82,82,82,82,82,82,82],"card_choices":[{"not_picked":["hermit:Malice","hermit:SprayPray","hermit:Manifest"],"picked":"SKIP","floor":1},{"not_picked":["hermit:Headshot","hermit:LuckOfTheDraw"],"picked":"hermit:WideOpen","floor":5},{"not_picked":["hermit:Roulette","hermit:Gambit"],"picked":"hermit:Maintenance","floor":6},{"not_picked":["hermit:LowProfile","hermit:FromBeyond","hermit:Snipe"],"picked":"SKIP","floor":7},{"not_picked":["hermit:Snipe","hermit:NoHoldsBarred"],"picked":"hermit:BigShot","floor":10},{"not_picked":["hermit:BodyArmor","hermit:Ricochet"],"picked":"hermit:Dive","floor":14},{"not_picked":["hermit:Adapt","hermit:Gambit"],"picked":"hermit:RoundhouseKick","floor":16},{"not_picked":["hermit:Coalescence","hermit:Deadeye","hermit:Quickdraw+1"],"picked":"SKIP","floor":18},{"not_picked":["hermit:Dive","hermit:Headshot"],"picked":"hermit:LoneWolf","floor":19},{"not_picked":["hermit:LowProfile","hermit:Dive","hermit:SprayPray"],"picked":"SKIP","floor":21},{"not_picked":["hermit:DeadMansHand+1","hermit:Misfire"],"picked":"hermit:Roulette","floor":24},{"not_picked":["hermit:Misfire","hermit:NoHoldsBarred"],"picked":"hermit:GhostlyPresence","floor":27}],"player_experience":504715,"relics_obtained":[{"floor":4,"key":"Matryoshka"},{"floor":7,"key":"Thread and Needle"},{"floor":9,"key":"Orichalcum"},{"floor":9,"key":"hubris:Metronome"},{"floor":10,"key":"Replay:Kaleidoscope"},{"floor":15,"key":"Strawberry"},{"floor":26,"key":"hubris:TenFootPole"}],"event_choices":[{"damage_healed":0,"gold_gain":0,"player_choice":"Got Potions","damage_taken":0,"max_hp_gain":0,"max_hp_loss":0,"event_name":"Lab","floor":2,"gold_loss":0},{"damage_healed":0,"gold_gain":75,"player_choice":"Gather Gold","damage_taken":11,"max_hp_gain":0,"max_hp_loss":0,"event_name":"World of Goop","floor":13,"gold_loss":0}],"is_beta":false,"boss_relics":[{"not_picked":["Ring of Chaos","Velvet Choker"],"picked":"hubris:HollowSoul"}],"items_purged_floors":[],"is_endless":false,"potions_floor_spawned":[1,10,16,21,24,27],"ascension_level":0}}