{"host":"kabf61oc9jgfwufg","time":1610026853,"event":{"mods":["AchievementEnabler","Act Like it!","Aspiration","BaseMod","Conspire","GifTheSpireLib","Halation","HexUI Lib","Hubris","Infinite Spire","Minty Spire (QoL Compilation)","Quick Restart","Rare Cards Sparkle","Replay The Spire","Shop Mod","StSLib","Waifu the Spire"],"gold_per_floor":[113,15,15,15,35,68,68,102,102,102,119,172,172,191,191,191,191],"floor_reached":16,"playtime":702,"items_purged":["Strike_G"],"score":133,"play_id":"441f9470-07b6-457a-bd75-53502f47d881","local_time":"20210107134053","is_ascension_mode":false,"campfire_choices":[{"data":"Neutralize","floor":7,"key":"SMITH"},{"data":"Acrobatics","floor":13,"key":"SMITH"}],"circlet_count":0,"master_deck":["Strike_G","Strike_G","Strike_G","Defend_G","Defend_G","Defend_G","Defend_G","Defend_G","Survivor","ReplayTheSpireMod:Speed Training+1","Acrobatics+1","Reflex","hubris:DuctTapeCard"],"relics":["Ring of the Snake","NeowsBlessing","Blue Candle","Replay:Wax Seal","hubris:DuctTape","Blue Doll"],"acts_visited":["Exordium"],"potions_floor_usage":[8,14],"damage_taken":[{"damage":0,"enemies":"Jaw Worm","floor":1,"turns":1},{"damage":0,"enemies":"2 Louse","floor":5,"turns":1},{"damage":0,"enemies":"Lagavulin","floor":6,"turns":1},{"damage":28,"enemies":"Gremlin Nob","floor":8,"turns":5},{"damage":6,"enemies":"Cultist","floor":11,"turns":4},{"damage":8,"enemies":"Exordium Wildlife","floor":14,"turns":6},{"damage":61,"enemies":"Hexaghost","floor":16,"turns":15}],"seed_played":"6372575045463920249","potions_obtained":[{"floor":6,"key":"SkillPotion"},{"floor":11,"key":"SkillPotion"},{"floor":14,"key":"Swift Potion"}],"is_trial":false,"path_per_floor":["M","$","?","?","M","E","R","E","T","?","M","T","R","M","R","B"],"character_chosen":"THE_SILENT","items_purchased":["Acrobatics"],"campfire_rested":0,"item_purchase_floors":[2],"current_hp_per_floor":[70,70,70,70,70,70,70,42,42,47,41,41,41,33,55,0,0],"gold":191,"neow_bonus":"THREE_ENEMY_KILL","is_daily":false,"chose_seed":false,"campfire_upgraded":2,"win_rate":0.0,"timestamp":1610026853,"path_taken":["M","$","?","?","M","E","R","E","T","?","?","?","R","M","R","BOSS"],"items_purchased_type":["Card"],"build_version":"2020-12-22","purchased_purges":1,"victory":false,"max_hp_per_floor":[70,70,70,70,70,70,70,70,70,75,75,75,75,75,75,75,75],"card_choices":[{"not_picked":["Poisoned Stab","hubris:SlightOfHand"],"picked":"ReplayTheSpireMod:Speed Training","floor":1},{"not_picked":["PiercingWail","Replay:Poison Smokescreen","Masterful Stab"],"picked":"SKIP","floor":5},{"not_picked":["PiercingWail","Tactician"],"picked":"Reflex","floor":6},{"not_picked":["Sneak Up","Toxin Wave"],"picked":"Prepared","floor":8},{"not_picked":["Flying Knee","Bouncing Flask","Slice"],"picked":"SKIP","floor":11},{"not_picked":["Blade Dance","Choke","Flechettes"],"picked":"SKIP","floor":14}],"player_experience":59007,"relics_obtained":[{"floor":6,"key":"Blue Candle"},{"floor":8,"key":"Replay:Wax Seal"},{"floor":9,"key":"hubris:DuctTape"},{"floor":12,"key":"Blue Doll"}],"event_choices":[{"damage_healed":0,"gold_gain":0,"player_choice":"Leave","damage_taken":0,"max_hp_gain":0,"max_hp_loss":0,"event_name":"conspire:Investor","floor":4,"gold_loss":0},{"damage_healed":0,"gold_gain":0,"player_choice":"Donut","damage_taken":0,"max_hp_gain":5,"max_hp_loss":0,"event_name":"Big Fish","floor":10,"gold_loss":0}],"is_beta":false,"boss_relics":[],"items_purged_floors":[2],"is_endless":false,"potions_floor_spawned":[6,11,14],"killed_by":"Hexaghost","ascension_level":0}}