{"host":"9l1knhxfturzliqa","time":1610012254,"event":{"mods":["BaseMod","Colored Map","Colored Powertips","DeckTracker","Highlight Path","Keyboard Shortcuts","Minty Spire (QoL Compilation)","Random Character Button"],"gold_per_floor":[111,111,123,137,137,171,171,171,195,206,216,242,242,271,271,374,374,391,424,441,441,441,470,490,47,99,118,133,158,158,178,178,280,280,298,313,329,0,0,0,16,49,118,118,138,158,178,189,189,189],"floor_reached":51,"playtime":6248,"items_purged":["Defend_G+1","Defend_G+1"],"score":1115,"play_id":"b45fa643-8a3f-4e4e-9e6f-a96cb1bfbdd3","local_time":"20210107183734","is_ascension_mode":true,"campfire_choices":[{"data":"Phantasmal Killer","floor":7.0,"key":"SMITH"},{"data":"Leg Sweep","floor":13.0,"key":"SMITH"},{"data":"Well Laid Plans","floor":15.0,"key":"SMITH"},{"data":"After Image","floor":30.0,"key":"SMITH"},{"data":"Sadistic Nature","floor":32.0,"key":"SMITH"},{"data":"PiercingWail","floor":40.0,"key":"SMITH"},{"data":"Envenom","floor":49,"key":"SMITH"}],"circlet_count":0,"master_deck":["AscendersBane","Strike_G+1","Strike_G+1","Defend_G+1","Defend_G+1","Survivor","Neutralize","Leg Sweep+1","Blur","Poisoned Stab+1","Phantasmal Killer+1","Sucker Punch+1","Well Laid Plans+1","Dagger Throw","Escape Plan","After Image+1","Prepared+1","Cloak And Dagger+1","Escape Plan+1","Dodge and Roll","Sadistic Nature+1","Blade Dance","Crippling Poison+1","PiercingWail+1","Corpse Explosion","Bullet Time+1","Burst+1","Bouncing Flask+1","Caltrops","Envenom+1","Blade Dance+1"],"relics":["Ring of the Serpent","Turnip","Bag of Preparation","Lantern","HornCleat","Ancient Tea Set","Red Mask","Mercury Hourglass","Happy Flower","Boot","Shuriken","Astrolabe","Akabeko","Whetstone","Blue Candle"],"acts_visited":["Exordium","TheCity","TheBeyond"],"potions_floor_usage":[50],"damage_taken":[{"damage":12.0,"enemies":"Jaw Worm","floor":1.0,"turns":6.0},{"damage":0.0,"enemies":"2 Louse","floor":3.0,"turns":3.0},{"damage":0.0,"enemies":"Cultist","floor":4.0,"turns":4.0},{"damage":22.0,"enemies":"3 Sentries","floor":6.0,"turns":10.0},{"damage":0.0,"enemies":"Looter","floor":10.0,"turns":4.0},{"damage":8.0,"enemies":"Exordium Thugs","floor":11.0,"turns":8.0},{"damage":14.0,"enemies":"Lagavulin","floor":12.0,"turns":10.0},{"damage":5.0,"enemies":"3 Sentries","floor":14.0,"turns":11.0},{"damage":1.0,"enemies":"The Guardian","floor":16.0,"turns":16.0},{"damage":7.0,"enemies":"2 Thieves","floor":18.0,"turns":5.0},{"damage":42.0,"enemies":"Masked Bandits","floor":19.0,"turns":12.0},{"damage":0.0,"enemies":"Chosen","floor":20.0,"turns":5.0},{"damage":34.0,"enemies":"Slavers","floor":23.0,"turns":13.0},{"damage":7.0,"enemies":"3 Cultists","floor":24.0,"turns":5.0},{"damage":0.0,"enemies":"Snake Plant","floor":27.0,"turns":4.0},{"damage":0.0,"enemies":"Centurion and Healer","floor":28.0,"turns":6.0},{"damage":0.0,"enemies":"Gremlin Leader","floor":29.0,"turns":3.0},{"damage":0.0,"enemies":"Cultist and Chosen","floor":31.0,"turns":5.0},{"damage":3.0,"enemies":"Champ","floor":33.0,"turns":9.0},{"damage":0.0,"enemies":"3 Shapes","floor":35.0,"turns":3.0},{"damage":0.0,"enemies":"3 Darklings","floor":36.0,"turns":3.0},{"damage":0.0,"enemies":"4 Shapes","floor":37.0,"turns":6.0},{"damage":0.0,"enemies":"Jaw Worm Horde","floor":41.0,"turns":2.0},{"damage":3,"enemies":"Reptomancer","floor":42,"turns":6},{"damage":5,"enemies":"Writhing Mass","floor":45,"turns":4},{"damage":1,"enemies":"Sphere and 2 Shapes","floor":46,"turns":4},{"damage":0,"enemies":"4 Shapes","floor":47,"turns":3},{"damage":4,"enemies":"Jaw Worm Horde","floor":48,"turns":2},{"damage":14,"enemies":"Awakened One","floor":50,"turns":8}],"seed_played":"5510642044812920676","potions_obtained":[{"floor":3.0,"key":"Ancient Potion"},{"floor":4.0,"key":"AttackPotion"},{"floor":12.0,"key":"Fire Potion"},{"floor":16.0,"key":"CunningPotion"},{"floor":23.0,"key":"Regen Potion"},{"floor":28.0,"key":"Weak Potion"},{"floor":31.0,"key":"GamblersBrew"},{"floor":33.0,"key":"SmokeBomb"},{"floor":35.0,"key":"FairyPotion"},{"floor":36.0,"key":"SkillPotion"},{"floor":42,"key":"GhostInAJar"},{"floor":48,"key":"DuplicationPotion"}],"is_trial":false,"path_per_floor":["M","?","M","M","?","E","R","?","T","M","M","E","R","E","R","B",null,"M","?","M","?","?","E","M","$","T","M","M","E","R","M","R","B",null,"M","M","M","$","?","R","M","E","T","?","M","M","M","M","R","B",null],"character_chosen":"THE_SILENT","items_purchased":["Happy Flower","Sadistic Nature","Blade Dance","Caltrops","Akabeko"],"campfire_rested":0,"item_purchase_floors":[25,25,25,38,38],"current_hp_per_floor":[51,38,38,38,59,37,37,37,37,37,29,15,15,10,10,9,50,43,1,1,1,63,29,36,36,36,36,36,36,36,36,36,33,56,56,56,56,56,56,56,56,53,53,53,48,47,47,43,43,29],"gold":189,"neow_bonus":"ONE_RARE_RELIC","is_daily":false,"chose_seed":false,"campfire_upgraded":7,"win_rate":0.0,"timestamp":1610012254,"path_taken":["M","?","M","M","?","E","R","?","T","M","M","E","R","E","R","BOSS","M","?","M","?","?","E","?","$","T","M","M","E","R","M","R","BOSS","M","M","M","$","?","R","M","E","T","?","M","?","M","M","R","BOSS"],"items_purchased_type":["Relic","Card","Card","Card","Relic"],"build_version":"2020-12-22","purchased_purges":2,"victory":true,"max_hp_per_floor":[63,63,63,63,63,63,63,63,63,63,63,63,63,63,63,63,63,63,63,63,63,63,63,63,63,63,63,63,63,63,63,63,63,63,63,63,63,63,60,60,60,60,60,60,60,60,60,60,60,60],"card_choices":[{"not_picked":["Deflect","Outmaneuver"],"picked":"Leg Sweep","floor":1.0},{"not_picked":["Bane","Prepared"],"picked":"Blur","floor":3.0},{"not_picked":["Blade Dance","Outmaneuver"],"picked":"Poisoned Stab","floor":4.0},{"not_picked":["Underhanded Strike","Flying Knee"],"picked":"Phantasmal Killer","floor":6.0},{"not_picked":["Riddle With Holes","Slice"],"picked":"Sucker Punch","floor":10.0},{"not_picked":["Sucker Punch","Cloak And Dagger"],"picked":"Well Laid Plans","floor":11.0},{"not_picked":["Blade Dance","Slice"],"picked":"Dagger Throw","floor":12.0},{"not_picked":["Cloak And Dagger","Tactician"],"picked":"Escape Plan","floor":14.0},{"not_picked":["Storm of Steel","Glass Knife"],"picked":"After Image","floor":16.0},{"not_picked":["Dagger Spray","Finisher"],"picked":"Prepared+1","floor":18.0},{"not_picked":["Sucker Punch+1","Prepared+1"],"picked":"Cloak And Dagger+1","floor":19.0},{"not_picked":["Sucker Punch","Outmaneuver","Poisoned Stab"],"picked":"SKIP","floor":20.0},{"not_picked":["Distraction","Reflex"],"picked":"Escape Plan+1","floor":23.0},{"not_picked":["Dagger Spray","Slice"],"picked":"Dodge and Roll","floor":24.0},{"not_picked":["Prepared","Dagger Throw","Bane"],"picked":"SKIP","floor":27.0},{"not_picked":["Bouncing Flask","Reflex+1"],"picked":"Crippling Poison+1","floor":28.0},{"not_picked":["Venomology","Quick Slash"],"picked":"PiercingWail","floor":29.0},{"not_picked":["Slice","Poisoned Stab","Sucker Punch"],"picked":"SKIP","floor":31.0},{"not_picked":["Die Die Die","Wraith Form v2"],"picked":"Corpse Explosion","floor":33.0},{"not_picked":["Cloak And Dagger","Concentrate","Poisoned Stab"],"picked":"SKIP","floor":35.0},{"not_picked":["Deflect+1","Dodge and Roll+1","Quick Slash+1"],"picked":"SKIP","floor":36.0},{"not_picked":["Flying Knee","Dodge and Roll","Backflip"],"picked":"SKIP","floor":37.0},{"not_picked":["All Out Attack+1","Sucker Punch+1","Bane+1"],"picked":"SKIP","floor":41.0},{"not_picked":["Deadly Poison","Finisher","Dagger Throw+1"],"picked":"SKIP","floor":42},{"not_picked":["Calculated Gamble","Blur+1","Eviscerate"],"picked":"SKIP","floor":45},{"not_picked":["Skewer","Backflip+1"],"picked":"Envenom","floor":46},{"not_picked":["Dagger Throw","Deflect","Blur+1"],"picked":"SKIP","floor":47},{"not_picked":["Outmaneuver+1","Dagger Throw+1"],"picked":"Blade Dance+1","floor":48}],"player_experience":361712,"relics_obtained":[{"floor":6.0,"key":"Bag of Preparation"},{"floor":9.0,"key":"Lantern"},{"floor":12.0,"key":"HornCleat"},{"floor":14.0,"key":"Ancient Tea Set"},{"floor":19.0,"key":"Red Mask"},{"floor":23.0,"key":"Mercury Hourglass"},{"floor":26.0,"key":"Boot"},{"floor":29.0,"key":"Shuriken"},{"floor":42,"key":"Whetstone"},{"floor":43,"key":"Blue Candle"}],"event_choices":[{"damage_healed":0.0,"max_hp_gain":0.0,"max_hp_loss":0.0,"gold_gain":0.0,"event_name":"Shining Light","player_choice":"Entered Light","floor":2.0,"gold_loss":0.0,"damage_taken":13.0,"cards_upgraded":["Defend_G","Strike_G"]},{"damage_healed":21.0,"max_hp_gain":0.0,"max_hp_loss":0.0,"gold_gain":0.0,"event_name":"Big Fish","player_choice":"Banana","floor":5.0,"gold_loss":0.0,"damage_taken":0.0},{"cards_removed":["Strike_G"],"damage_healed":0.0,"max_hp_gain":0.0,"max_hp_loss":0.0,"gold_gain":0.0,"event_name":"Bonfire Elementals","player_choice":"Offered Basic","floor":8.0,"gold_loss":0.0,"damage_taken":0.0},{"damage_healed":0.0,"max_hp_gain":0.0,"max_hp_loss":0.0,"gold_gain":0.0,"event_name":"Masked Bandits","player_choice":"Fought Bandits","floor":19.0,"gold_loss":0.0,"damage_taken":0.0},{"damage_healed":0.0,"max_hp_gain":0.0,"max_hp_loss":0.0,"gold_gain":0.0,"event_name":"Back to Basics","player_choice":"Simplicity","floor":21.0,"gold_loss":0.0,"damage_taken":0.0,"cards_upgraded":["Strike_G","Strike_G","Strike_G","Defend_G","Defend_G","Defend_G","Defend_G"]},{"damage_healed":62.0,"max_hp_gain":0.0,"max_hp_loss":0.0,"gold_gain":0.0,"event_name":"Wheel of Change","player_choice":"Full Heal","floor":22.0,"gold_loss":0.0,"damage_taken":0.0},{"damage_healed":0.0,"max_hp_gain":0.0,"max_hp_loss":3.0,"gold_gain":0.0,"event_name":"Winding Halls","player_choice":"Max HP","floor":39.0,"gold_loss":0.0,"damage_taken":0.0},{"damage_healed":0,"gold_gain":0,"player_choice":"Got Potions","damage_taken":0,"max_hp_gain":0,"max_hp_loss":0,"event_name":"Lab","floor":44,"gold_loss":0}],"is_beta":false,"boss_relics":[{"not_picked":["Velvet Choker","Runic Dome"],"picked":"Ring of the Serpent"},{"not_picked":["SacredBark","Tiny House"],"picked":"Astrolabe"}],"items_purged_floors":[25,38],"is_endless":false,"potions_floor_spawned":[3,4,12,16,23,28,31,33,35,36,42,46,48],"ascension_level":10}}