{"host":"laaugowj4oxtps61","time":1610009489,"event":{"mods":["2.2 Compatiblity","AchievementEnabler","Act Like it!","BaseMod","Better Third Choice","Conspire","Curses Come First","Downfall","Hubris","Hyrulean Relics","Infinite Spire","Minty Spire (QoL Compilation)","Nova Terra(??·??)","Pale of the Ancients","Prisma Mod","Rare Cards Sparkle","Replay The Spire","SOS???????","Small Relic Pack","StSLib","The Bug Knight","The Cursed","The Death Knight","The Exalted","The Kombatant","The Saiyan","The Servant 0.9.4","The Wild Card","TheHero","TheVelvet","vexMod"],"gold_per_floor":[109,109,129,141,156,156,34,34,108,108,108,128,145,99,99,196,196,209,65,65,82,82,82,94,128,174,174,174],"floor_reached":27,"playtime":1267,"items_purged":[],"score":271,"play_id":"31de42fa-8c71-4e15-9e22-802a8528d256","local_time":"20210107025129","is_ascension_mode":false,"campfire_choices":[{"floor":6,"key":"REST"},{"floor":8,"key":"RECALL"},{"data":"Accuracy","floor":11,"key":"SMITH"},{"floor":15,"key":"REST"},{"floor":23,"key":"REST"}],"circlet_count":0,"master_deck":["Strike_G","Strike_G","Strike_G","Strike_G","Strike_G","Defend_G","Defend_G","Defend_G","Defend_G","Defend_G+1","Survivor","Neutralize","Blade Dance+1","infinitespire:Collect","Backstab+1","Poisoned Stab","Accuracy+1","Backstab+1","Poisoned Stab","Accuracy","Slice","Deadly Poison","Envenom","Dodge and Roll+1","Caltrops","PiercingWail","Storm of Steel"],"relics":["Ring of the Serpent","Odd Mushroom","Blood Vial","DeathKnight:PutricidesVial","Smiling Mask"],"acts_visited":["Exordium","TheCity"],"potions_floor_usage":[16,16,25],"damage_taken":[{"damage":1,"enemies":"Cultist","floor":1,"turns":3},{"damage":1,"enemies":"Jaw Worm","floor":3,"turns":4},{"damage":0,"enemies":"Small Slimes","floor":4,"turns":2},{"damage":0,"enemies":"Blue Slaver","floor":5,"turns":2},{"damage":13,"enemies":"The Mushroom Lair","floor":12,"turns":3},{"damage":0,"enemies":"2 Fungi Beasts","floor":13,"turns":1},{"damage":0,"enemies":"Hexaghost","floor":16,"turns":7},{"damage":12,"enemies":"Shell Parasite","floor":18,"turns":3},{"damage":10,"enemies":"3 Byrds","floor":21,"turns":4},{"damage":24,"enemies":"Centurion and Healer","floor":24,"turns":6},{"damage":36,"enemies":"Slavers","floor":25,"turns":7},{"damage":21,"enemies":"Snake Plant","floor":27,"turns":2}],"seed_played":"-2637303341827175522","potions_obtained":[{"floor":3,"key":"BlessingOfTheForge"},{"floor":5,"key":"ColorlessPotion"},{"floor":12,"key":"Cursed Concoction"},{"floor":21,"key":"BlessingOfTheForge"}],"is_trial":false,"path_per_floor":["M","?","M","M","M","R","$","R","T","?","R","?","M","$","R","B",null,"M","$","?","M","?","R","M","E","T","M"],"character_chosen":"THE_SILENT","items_purchased":["Backstab","Poisoned Stab","Deadly Poison","Blood Vial"],"campfire_rested":3,"item_purchase_floors":[7,7,14,19],"current_hp_per_floor":[76,57,56,56,56,77,77,77,77,77,77,64,64,64,77,77,77,65,65,42,34,59,77,53,19,19,0,0],"gold":174,"neow_bonus":"TEN_PERCENT_HP_BONUS","is_daily":false,"chose_seed":false,"campfire_upgraded":1,"win_rate":0.0,"timestamp":1610009489,"path_taken":["M","?","M","M","M","R","$","R","T","?","R","?","M","?","R","BOSS","M","$","?","M","?","R","?","E","T","M"],"items_purchased_type":["Card","Card","Card","Relic"],"build_version":"2020-12-22","purchased_purges":0,"victory":false,"max_hp_per_floor":[77,77,77,77,77,77,77,77,77,77,77,77,77,77,77,77,77,77,77,77,77,77,77,77,77,77,77,77],"card_choices":[{"not_picked":["Cloak And Dagger","Prepared"],"picked":"Blade Dance","floor":1},{"not_picked":["infinitespire:NeuralNetwork","ReplayTheSpireMod:??????????????????????"],"picked":"infinitespire:Collect","floor":2},{"not_picked":["Flying Knee","Burst"],"picked":"Backstab","floor":3},{"not_picked":["Quick Slash","Acrobatics"],"picked":"Poisoned Stab","floor":4},{"not_picked":["Dodge and Roll","Setup"],"picked":"Accuracy","floor":5},{"not_picked":["Acrobatics","Leg Sweep"],"picked":"Accuracy","floor":12},{"not_picked":["Underhanded Strike","Fluid Movement"],"picked":"Slice","floor":13},{"not_picked":["Malaise","Adrenaline"],"picked":"Envenom","floor":16},{"not_picked":["Dagger Throw+1","Acrobatics"],"picked":"Dodge and Roll+1","floor":18},{"not_picked":["Blade Dance","hubris:SlightOfHand+1"],"picked":"Caltrops","floor":21},{"not_picked":["Acrobatics+1","Dodge and Roll"],"picked":"PiercingWail","floor":24},{"not_picked":["Quick Slash","Dagger Throw"],"picked":"Storm of Steel","floor":25}],"player_experience":481135,"relics_obtained":[{"floor":12,"key":"Odd Mushroom"},{"floor":25,"key":"DeathKnight:PutricidesVial"},{"floor":26,"key":"Smiling Mask"}],"event_choices":[{"damage_healed":0,"gold_gain":0,"player_choice":"Fought Mushrooms","damage_taken":0,"max_hp_gain":0,"max_hp_loss":0,"event_name":"Mushrooms","floor":12,"gold_loss":0},{"damage_healed":25,"gold_gain":0,"player_choice":"Heal","damage_taken":0,"max_hp_gain":0,"max_hp_loss":0,"event_name":"The Library","floor":22,"gold_loss":0}],"is_beta":false,"boss_relics":[{"not_picked":["Snecko Scales","hubris:ScarierMask"],"picked":"Ring of the Serpent"}],"items_purged_floors":[],"is_endless":false,"potions_floor_spawned":[3,5,12,21],"killed_by":"Snake Plant","ascension_level":0}}