{"host":"if46sxignvy4ka0k","time":1610008316,"event":{"mods":["BaseMod","Minty Spire (QoL Compilation)","StSLib","The Cursed"],"gold_per_floor":[116,129,141,141,141,184,207,207,276,314,335,510,510,498,498,617,617,636,651,675,337,360,399,359,393,416,61,84,84,98,119,119,242,242,260,170,20,34,50,94,94,108,162,162,162,178,196,221,221,221],"floor_reached":51,"playtime":3505,"items_purged":[],"score":810,"play_id":"11fdb40a-bd85-4448-aaf0-d7dc0ad7696e","local_time":"20210107023156","is_ascension_mode":false,"campfire_choices":[{"data":"1","floor":8,"key":"LIFT"},{"data":"2","floor":15,"key":"LIFT"},{"floor":29,"key":"REST"},{"floor":32,"key":"REST"},{"floor":41,"key":"REST"},{"floor":49,"key":"REST"}],"circlet_count":0,"master_deck":["TheCursedMod:Strike_TheCursed","TheCursedMod:Strike_TheCursed","TheCursedMod:Strike_TheCursed+1","TheCursedMod:Strike_TheCursed","TheCursedMod:Defend_TheCursed","TheCursedMod:Defend_TheCursed+1","TheCursedMod:Defend_TheCursed","TheCursedMod:Defend_TheCursed","TheCursedMod:CursedWand+1","TheCursedMod:CleanUpWorkshop","TheCursedMod:Dregs","TheCursedMod:SurpriseAttack","TheCursedMod:CircleOfFlame","Injury","TheCursedMod:CircleOfAbyss","TheCursedMod:CircleOfCorruption","TheCursedMod:Wield","TheCursedMod:WearCloak","Doubt","TheCursedMod:Grudge","TheCursedMod:DemonSword+1","TheCursedMod:SmokeScreen+1","TheCursedMod:CircleOfCorruption+1","TheCursedMod:FleshFromBone+1","Sadistic Nature","TheCursedMod:Torture","TheCursedMod:DarkBarrier","TheCursedMod:ReleasedKnowledge","TheCursedMod:RapidMovement","TheCursedMod:SoulReap","TheCursedMod:HellfireBreathing","TheCursedMod:CursedBlade+1","TheCursedMod:CircleOfCorruption","TheCursedMod:OutForBlood","TheCursedMod:CircleOfFlame+1","TheCursedMod:CircleOfBlood","TheCursedMod:HellfireBreathing","TheCursedMod:Stretching+1","TheCursedMod:Obscuration+1","TheCursedMod:RapidMovement+1","Doubt","TheCursedMod:Obscuration","TheCursedMod:TroublousMinions+1","TheCursedMod:ReleasedStrength+1"],"relics":["TheCursedMod:BlackMagic101","Golden Idol","WarpedTongs","Girya","Pantograph","Happy Flower","TheCursedMod:DemonicMark","TheCursedMod:OminousMark","TheCursedMod:PinkPellets","Kunai","Whetstone","Bronze Scales","Toy Ornithopter","TheCursedMod:FourLeafCloverCharm","White Beast Statue"],"acts_visited":["Exordium","TheCity","TheBeyond"],"potions_floor_usage":[10,10,10,10,10,10,10,16,19,25,25,28,31,33,39,42,50,50],"damage_taken":[{"damage":0,"enemies":"2 Louse","floor":1,"turns":2},{"damage":0,"enemies":"Cultist","floor":2,"turns":3},{"damage":0,"enemies":"Small Slimes","floor":3,"turns":3},{"damage":22,"enemies":"3 Sentries","floor":6,"turns":8},{"damage":8,"enemies":"3 Louse","floor":7,"turns":3},{"damage":7,"enemies":"Lagavulin","floor":10,"turns":8},{"damage":15,"enemies":"Lots of Slimes","floor":11,"turns":3},{"damage":5,"enemies":"Exordium Thugs","floor":14,"turns":5},{"damage":22,"enemies":"The Guardian","floor":16,"turns":13},{"damage":5,"enemies":"Shell Parasite","floor":18,"turns":3},{"damage":6,"enemies":"2 Thieves","floor":19,"turns":3},{"damage":8,"enemies":"Shelled Parasite and Fungi","floor":20,"turns":5},{"damage":9,"enemies":"Cultist and Chosen","floor":22,"turns":8},{"damage":46,"enemies":"Slavers","floor":23,"turns":6},{"damage":3,"enemies":"Gremlin Leader","floor":25,"turns":7},{"damage":5,"enemies":"Chosen and Byrds","floor":28,"turns":4},{"damage":18,"enemies":"Sentry and Sphere","floor":30,"turns":4},{"damage":20,"enemies":"3 Cultists","floor":31,"turns":4},{"damage":52,"enemies":"Automaton","floor":33,"turns":10},{"damage":1,"enemies":"Orb Walker","floor":35,"turns":3},{"damage":31,"enemies":"3 Darklings","floor":38,"turns":4},{"damage":31,"enemies":"Maw","floor":39,"turns":8},{"damage":33,"enemies":"Giant Head","floor":40,"turns":9},{"damage":33,"enemies":"Jaw Worm Horde","floor":42,"turns":4},{"damage":47,"enemies":"Spire Growth","floor":46,"turns":5},{"damage":6,"enemies":"4 Shapes","floor":47,"turns":2},{"damage":27,"enemies":"3 Darklings","floor":48,"turns":4},{"damage":79,"enemies":"Donu and Deca","floor":50,"turns":11}],"seed_played":"-8265303234054118347","potions_obtained":[{"floor":2,"key":"EntropicBrew"},{"floor":6,"key":"EssenceOfSteel"},{"floor":7,"key":"EntropicBrew"},{"floor":14,"key":"SkillPotion"},{"floor":22,"key":"Energy Potion"},{"floor":23,"key":"Ancient Potion"},{"floor":24,"key":"Fruit Juice"},{"floor":24,"key":"Block Potion"},{"floor":25,"key":"TheCursedMod:DregsPotion"},{"floor":30,"key":"ColorlessPotion"},{"floor":31,"key":"LiquidBronze"},{"floor":33,"key":"EssenceOfSteel"},{"floor":38,"key":"AttackPotion"},{"floor":40,"key":"PowerPotion"},{"floor":42,"key":"BlessingOfTheForge"},{"floor":46,"key":"CultistPotion"},{"floor":48,"key":"AttackPotion"}],"is_trial":false,"path_per_floor":["M","M","M","?","?","E","M","R","T","E","M","?","?","M","R","B",null,"M","M","M","$","M","E","?","E","T","$","M","R","M","M","R","B",null,"M","?","$","M","M","E","R","M","T","?","?","M","M","M","R","B",null],"character_chosen":"THE_CURSED","items_purchased":["TheCursedMod:PinkPellets","Sadistic Nature","TheCursedMod:ReleasedKnowledge","Toy Ornithopter","TheCursedMod:RapidMovement","TheCursedMod:SoulReap","TheCursedMod:CircleOfBlood","TheCursedMod:HellfireBreathing"],"campfire_rested":4,"item_purchase_floors":[21,21,27,27,27,27,37,37],"current_hp_per_floor":[75,75,75,75,75,53,45,45,45,38,23,23,23,18,18,21,75,70,64,56,56,47,1,1,3,3,3,11,35,17,9,33,16,80,79,79,79,59,43,21,45,27,27,80,80,33,38,11,35,3],"gold":221,"neow_bonus":"UPGRADE_CARD","is_daily":false,"chose_seed":false,"campfire_upgraded":0,"win_rate":0.0,"timestamp":1610008316,"path_taken":["M","M","M","?","?","E","M","R","T","E","?","?","?","M","R","BOSS","M","?","M","$","M","E","?","E","T","$","M","R","M","?","R","BOSS","M","?","$","?","M","E","R","M","T","?","?","M","M","?","R","BOSS"],"items_purchased_type":["Relic","Card","Card","Relic","Card","Card","Card","Card"],"build_version":"2020-12-22","purchased_purges":0,"victory":true,"max_hp_per_floor":[75,75,75,75,75,75,75,75,75,75,75,75,75,75,75,75,75,75,75,75,75,75,75,75,80,80,80,80,80,80,80,80,80,80,80,80,80,80,80,80,80,80,80,80,80,80,80,80,80,80],"card_choices":[{"not_picked":["TheCursedMod:Wield","TheCursedMod:CursedMace"],"picked":"TheCursedMod:SurpriseAttack","floor":1},{"not_picked":["TheCursedMod:DoubleShield","TheCursedMod:VitalStrike"],"picked":"TheCursedMod:PrepareRite","floor":2},{"not_picked":["TheCursedMod:SpreadPlague","TheCursedMod:FuryStrike"],"picked":"TheCursedMod:CircleOfFlame","floor":3},{"not_picked":["TheCursedMod:TacticalStrike","TheCursedMod:BloodBarrier"],"picked":"TheCursedMod:CircleOfAbyss","floor":6},{"not_picked":["TheCursedMod:CircleOfFlame","TheCursedMod:CursedStaff"],"picked":"TheCursedMod:CircleOfCorruption","floor":7},{"not_picked":["TheCursedMod:AbyssShockwave","TheCursedMod:Stigma"],"picked":"TheCursedMod:Wield","floor":10},{"not_picked":["TheCursedMod:Stretching","TheCursedMod:CursedShiv"],"picked":"TheCursedMod:WearCloak","floor":11},{"not_picked":["TheCursedMod:SpitefulStrike","TheCursedMod:VoidForm"],"picked":"TheCursedMod:Grudge","floor":14},{"not_picked":["TheCursedMod:CircleOfAbyss","TheCursedMod:VoidForm"],"picked":"TheCursedMod:DemonSword","floor":16},{"not_picked":["TheCursedMod:RapidMovement","TheCursedMod:SurpriseAttack+1"],"picked":"TheCursedMod:SmokeScreen+1","floor":18},{"not_picked":["TheCursedMod:CircleOfFlame+1","TheCursedMod:Stigma"],"picked":"TheCursedMod:CircleOfCorruption+1","floor":19},{"not_picked":["TheCursedMod:Hemoplague","TheCursedMod:CursedRelics"],"picked":"TheCursedMod:FleshFromBone+1","floor":20},{"not_picked":["TheCursedMod:FuryStrike","TheCursedMod:SurpriseAttack+1"],"picked":"TheCursedMod:Torture","floor":22},{"not_picked":["TheCursedMod:Torture+1","TheCursedMod:SpitefulPray"],"picked":"TheCursedMod:SpitefulStrike","floor":23},{"not_picked":["TheCursedMod:CursedAmulet","TheCursedMod:CursedArmor"],"picked":"TheCursedMod:DarkBarrier","floor":25},{"not_picked":["TheCursedMod:CircleOfBlood","TheCursedMod:SoulCrush"],"picked":"TheCursedMod:HellfireBreathing","floor":28},{"not_picked":["TheCursedMod:SurpriseAttack","TheCursedMod:WearCloak"],"picked":"TheCursedMod:CursedBlade+1","floor":30},{"not_picked":["TheCursedMod:VitalStrike","TheCursedMod:RapidMovement"],"picked":"TheCursedMod:CircleOfCorruption","floor":31},{"not_picked":["TheCursedMod:CollectTribute","TheCursedMod:ParallelWorld"],"picked":"TheCursedMod:OutForBlood","floor":33},{"not_picked":["TheCursedMod:CursedAmulet+1","TheCursedMod:Evocation+1"],"picked":"TheCursedMod:CircleOfFlame+1","floor":35},{"not_picked":["TheCursedMod:Stigma","TheCursedMod:FleshFromBone"],"picked":"TheCursedMod:Stretching+1","floor":38},{"not_picked":["TheCursedMod:RavingStaff+1","TheCursedMod:Wield+1"],"picked":"TheCursedMod:Obscuration+1","floor":39},{"not_picked":["TheCursedMod:PrepareRite+1","TheCursedMod:DoubleShield+1"],"picked":"TheCursedMod:RapidMovement+1","floor":40},{"not_picked":["TheCursedMod:SmokeScreen+1","TheCursedMod:StunningStrike","TheCursedMod:SurpriseAttack"],"picked":"SKIP","floor":42},{"not_picked":["TheCursedMod:Stretching","TheCursedMod:VitalStrike+1"],"picked":"TheCursedMod:Obscuration","floor":46},{"not_picked":["TheCursedMod:CursedBlade","TheCursedMod:Torture+1"],"picked":"TheCursedMod:TroublousMinions+1","floor":47},{"not_picked":["TheCursedMod:SmokeScreen+1","TheCursedMod:Evocation+1"],"picked":"TheCursedMod:ReleasedStrength+1","floor":48}],"player_experience":2112269,"relics_obtained":[{"floor":6,"key":"Girya"},{"floor":9,"key":"Pantograph"},{"floor":10,"key":"Happy Flower"},{"floor":23,"key":"Kunai"},{"floor":25,"key":"Whetstone"},{"floor":26,"key":"Bronze Scales"},{"floor":40,"key":"White Beast Statue"}],"event_choices":[{"damage_healed":0,"gold_gain":0,"player_choice":"Take Wound","damage_taken":0,"relics_obtained":["Golden Idol"],"max_hp_gain":0,"max_hp_loss":0,"event_name":"Golden Idol","floor":4,"gold_loss":0,"cards_obtained":["Injury"]},{"damage_healed":0,"gold_gain":0,"player_choice":"Rummage","damage_taken":0,"relics_obtained":["WarpedTongs"],"max_hp_gain":0,"max_hp_loss":0,"event_name":"Accursed Blacksmith","floor":5,"gold_loss":0,"cards_obtained":["Pain"]},{"damage_healed":0,"gold_gain":175,"player_choice":"AGREE","damage_taken":0,"max_hp_gain":0,"max_hp_loss":0,"event_name":"Liars Game","floor":12,"gold_loss":0,"cards_obtained":["Doubt"]},{"cards_removed":["TheCursedMod:PrepareRite"],"damage_healed":0,"gold_gain":0,"player_choice":"Gave Card","damage_taken":0,"relics_obtained":["TheCursedMod:DemonicMark"],"max_hp_gain":0,"max_hp_loss":0,"event_name":"WeMeetAgain","floor":13,"gold_loss":0},{"damage_healed":0,"gold_gain":0,"player_choice":"Bought 3 Potions","damage_taken":0,"max_hp_gain":0,"max_hp_loss":0,"event_name":"The Woman in Blue","floor":24,"gold_loss":0},{"cards_removed":["Pain"],"damage_healed":0,"gold_gain":0,"player_choice":"Upgrade and Remove","damage_taken":0,"max_hp_gain":0,"max_hp_loss":0,"event_name":"Designer","floor":36,"gold_loss":90,"cards_upgraded":["TheCursedMod:Defend_TheCursed"]},{"damage_healed":53,"gold_gain":0,"player_choice":"Heal","damage_taken":0,"max_hp_gain":0,"max_hp_loss":0,"event_name":"MindBloom","floor":44,"gold_loss":0,"cards_obtained":["Doubt"]},{"cards_removed":["TheCursedMod:SpitefulStrike"],"damage_healed":5,"gold_gain":0,"player_choice":"Offered Common","damage_taken":0,"max_hp_gain":0,"max_hp_loss":0,"event_name":"Bonfire Elementals","floor":45,"gold_loss":0},{"cards_removed":["TheCursedMod:SpitefulStrike"],"damage_healed":5,"gold_gain":0,"player_choice":"Offered Special","damage_taken":0,"max_hp_gain":0,"max_hp_loss":0,"event_name":"Bonfire Elementals","floor":45,"gold_loss":0}],"is_beta":false,"boss_relics":[{"not_picked":["Astrolabe","Coffee Dripper"],"picked":"TheCursedMod:OminousMark"},{"not_picked":["Snecko Eye","Cursed Key"],"picked":"TheCursedMod:FourLeafCloverCharm"}],"items_purged_floors":[],"is_endless":false,"potions_floor_spawned":[2,6,7,14,22,23,25,30,31,33,38,40,42,46,47,48],"ascension_level":0}}