{"host":"1a3cjta80tad0aqj","time":1610058567,"event":{"mods":["2.2 Compatiblity","AchievementEnabler","BaseMod","Colored Map","DeckTracker","KOR Keyword Fix","Keyboard Shortcuts","Minty Spire (QoL Compilation)","Permanent Neow","Quick Restart","Random Character Button","StSLib","SuperFastMode","everything is the same but u backflip on backflip"],"gold_per_floor":[115,290,215,235,87,87,87,87,87,102,136,147,147,162,162,262,262,276,276,289,302,177,177,190,190,190,190,40,40,56,70,70,171,171,186,186,186,206,221,221,231,231,231,231,231,231,231],"floor_reached":46,"playtime":2075,"items_purged":["Doubt","Defend_P","Defend_P","Defend_P"],"score":445,"play_id":"3b5f18af-9707-4388-801a-2ca5d9180a20","local_time":"20210108072927","is_ascension_mode":false,"campfire_choices":[{"data":"Eruption","floor":6.0,"key":"SMITH"},{"data":"FollowUp","floor":8.0,"key":"SMITH"},{"data":"EmptyFist","floor":13.0,"key":"SMITH"},{"data":"CrushJoints","floor":15.0,"key":"SMITH"},{"data":"Ragnarok","floor":23.0,"key":"SMITH"},{"data":"Ghostly","floor":25.0,"key":"SMITH"},{"floor":32.0,"key":"REST"},{"floor":40.0,"key":"REST"},{"data":"CarveReality","floor":42,"key":"SMITH"},{"data":"Ragnarok","floor":44,"key":"SMITH"}],"circlet_count":0,"master_deck":["Strike_P","Strike_P","Defend_P","Eruption+1","Vigilance","FollowUp+1","FollowUp+1","Vengeance","CrushJoints+1","EmptyFist+1","Ragnarok+1","Ghostly+1","Ghostly","Ghostly","Ghostly","Ghostly","Crescendo+1","Ragnarok+1","CarveReality+1","Tantrum+1"],"relics":["Cursed Key"],"acts_visited":["Exordium","TheCity","TheBeyond"],"potions_floor_usage":[],"damage_taken":[{"damage":0.0,"enemies":"Jaw Worm","floor":1.0,"turns":4.0},{"damage":2.0,"enemies":"Small Slimes","floor":4.0,"turns":3.0},{"damage":0.0,"enemies":"Cultist","floor":10.0,"turns":2.0},{"damage":18.0,"enemies":"3 Sentries","floor":11.0,"turns":4.0},{"damage":2.0,"enemies":"3 Louse","floor":12.0,"turns":2.0},{"damage":1.0,"enemies":"2 Fungi Beasts","floor":14.0,"turns":2.0},{"damage":5.0,"enemies":"Slime Boss","floor":16.0,"turns":6.0},{"damage":5.0,"enemies":"Shell Parasite","floor":18.0,"turns":2.0},{"damage":2.0,"enemies":"2 Thieves","floor":20.0,"turns":3.0},{"damage":9.0,"enemies":"Centurion and Healer","floor":21.0,"turns":5.0},{"damage":2.0,"enemies":"Cultist and Chosen","floor":24.0,"turns":3.0},{"damage":0.0,"enemies":"Snake Plant","floor":30.0,"turns":3.0},{"damage":12.0,"enemies":"3 Cultists","floor":31.0,"turns":3.0},{"damage":7.0,"enemies":"Collector","floor":33.0,"turns":5.0},{"damage":3.0,"enemies":"3 Darklings","floor":35.0,"turns":4.0},{"damage":2.0,"enemies":"Orb Walker","floor":38.0,"turns":3.0},{"damage":9.0,"enemies":"Jaw Worm Horde","floor":39.0,"turns":4.0},{"damage":10,"enemies":"Maw","floor":41,"turns":5},{"damage":6,"enemies":"4 Shapes","floor":46,"turns":1}],"seed_played":"5307346780381883643","potions_obtained":[{"floor":4.0,"key":"Dexterity Potion"},{"floor":12.0,"key":"Energy Potion"},{"floor":14.0,"key":"BlessingOfTheForge"},{"floor":18.0,"key":"Ambrosia"},{"floor":24.0,"key":"DistilledChaos"}],"is_trial":false,"path_per_floor":["M","?","$","M","$","R","?","R","T","M","E","M","R","M","R","B",null,"M","?","M","M","$","R","M","R","T","?","$","T","M","M","R","B",null,"M","?","?","M","M","R","M","R","T","R","?","M"],"character_chosen":"WATCHER","items_purchased":["SteroidPotion"],"campfire_rested":2,"item_purchase_floors":[5],"current_hp_per_floor":[72,72,72,70,70,70,70,70,70,70,52,50,50,49,49,44,72,67,36,34,25,25,25,23,23,23,35,35,35,35,23,33,26,36,33,33,33,31,22,32,22,22,22,22,22,16,16],"gold":231,"neow_bonus":"BOSS_RELIC","is_daily":false,"chose_seed":true,"campfire_upgraded":8,"win_rate":0.0,"timestamp":1610058567,"path_taken":["M","?","$","M","$","R","?","R","T","?","E","M","R","M","R","BOSS","M","?","M","M","$","R","M","R","T","?","$","?","?","M","R","BOSS","M","?","?","M","M","R","?","R","T","R","?","M"],"items_purchased_type":["Potion"],"build_version":"2020-12-22","purchased_purges":4,"victory":false,"max_hp_per_floor":[72,72,72,72,72,72,72,72,72,72,72,72,72,72,72,72,72,72,36,36,36,36,36,36,36,36,36,36,36,36,36,36,36,36,36,36,36,36,36,36,36,36,36,36,36,36,36],"card_choices":[{"not_picked":["ForeignInfluence","FlurryOfBlows"],"picked":"FollowUp","floor":1.0},{"not_picked":["ForeignInfluence","FlurryOfBlows"],"picked":"FollowUp","floor":1.0},{"not_picked":["SashWhip","Prostrate","FlyingSleeves"],"picked":"SKIP","floor":4.0},{"not_picked":["Swivel","JustLucky"],"picked":"Vengeance","floor":10.0},{"not_picked":["FearNoEvil","ReachHeaven"],"picked":"CrushJoints","floor":11.0},{"not_picked":["Perseverance","WheelKick"],"picked":"EmptyFist","floor":12.0},{"not_picked":["Fasting2","Sanctity","FlurryOfBlows"],"picked":"SKIP","floor":14.0},{"not_picked":["SpiritShield","Wish"],"picked":"Ragnarok","floor":16.0},{"not_picked":["Halt","FlyingSleeves","ForeignInfluence+1"],"picked":"SKIP","floor":18.0},{"not_picked":["CrushJoints","Collect"],"picked":"Crescendo+1","floor":20.0},{"not_picked":["Halt","SandsOfTime+1","Evaluate"],"picked":"SKIP","floor":21.0},{"not_picked":["FlurryOfBlows","JustLucky","Halt"],"picked":"SKIP","floor":24.0},{"not_picked":["Prostrate","JustLucky+1","Wish"],"picked":"SKIP","floor":30.0},{"not_picked":["Wireheading","SashWhip","Consecrate"],"picked":"SKIP","floor":31.0},{"not_picked":["DevaForm","LessonLearned"],"picked":"Ragnarok","floor":33.0},{"not_picked":["Pray+1","MentalFortress+1","DeceiveReality+1"],"picked":"SKIP","floor":35.0},{"not_picked":["Evaluate+1","Consecrate"],"picked":"Tantrum+1","floor":38.0},{"not_picked":["CutThroughFate","BattleHymn","SpiritShield"],"picked":"SKIP","floor":39.0},{"not_picked":["EmptyBody","Crescendo","Weave"],"picked":"SKIP","floor":41}],"player_experience":185491,"relics_obtained":[],"event_choices":[{"damage_healed":0.0,"max_hp_gain":0.0,"max_hp_loss":0.0,"gold_gain":175.0,"event_name":"Liars Game","player_choice":"AGREE","floor":2.0,"gold_loss":0.0,"damage_taken":0.0,"cards_obtained":["Doubt"]},{"damage_healed":0.0,"max_hp_gain":0.0,"max_hp_loss":0.0,"gold_gain":0.0,"event_name":"Match and Keep!","player_choice":"0 cards matched","floor":7.0,"gold_loss":0.0,"damage_taken":0.0,"cards_obtained":[]},{"damage_healed":0.0,"max_hp_gain":0.0,"max_hp_loss":36.0,"gold_gain":0.0,"event_name":"Ghosts","player_choice":"Became a Ghost","floor":19.0,"gold_loss":0.0,"damage_taken":0.0,"cards_obtained":["Ghostly","Ghostly","Ghostly","Ghostly","Ghostly"]},{"damage_healed":12.0,"max_hp_gain":0.0,"max_hp_loss":0.0,"gold_gain":0.0,"event_name":"The Library","player_choice":"Heal","floor":27.0,"gold_loss":0.0,"damage_taken":0.0},{"cards_removed":["Strike_P"],"damage_healed":0.0,"max_hp_gain":0.0,"max_hp_loss":0.0,"gold_gain":0.0,"event_name":"Falling","player_choice":"Removed Attack","floor":36.0,"gold_loss":0.0,"damage_taken":0.0},{"damage_healed":0.0,"max_hp_gain":0.0,"max_hp_loss":0.0,"gold_gain":0.0,"cards_transformed":["Strike_P"],"event_name":"Transmorgrifier","player_choice":"Transformed","floor":37.0,"gold_loss":0.0,"damage_taken":0.0,"cards_obtained":["CarveReality"]},{"damage_healed":0,"gold_gain":0,"player_choice":"Memory 1","damage_taken":0,"max_hp_gain":0,"max_hp_loss":0,"event_name":"SensoryStone","floor":45,"gold_loss":0}],"is_beta":false,"boss_relics":[{"not_picked":[]},{"not_picked":[]}],"items_purged_floors":[3,5,22,28],"is_endless":false,"potions_floor_spawned":[4,12,14,18,24,30,31,33,41],"killed_by":"4 Shapes","ascension_level":0}}