{"host":"2gugywxuw0nvjb3h","time":1610055490,"event":{"mods":["AchievementEnabler","BaseMod","Better Altar","Better Match","Better Note","Better Sensory Stone","Better Skull","Better Third Choice","BetterRewards","Colored Map","Colored Powertips","Curses Come First","Evolution","GifTheSpireLib","Hermit","Key Reminder","Marisa????????","Minty Spire (QoL Compilation)","Rare Cards Sparkle","Relic Sorter","Replay The Spire","Shade Mod","Spicy Shops","StSLib","The Cursed","The Disciple","The Marked","The Senshi","The Servant 0.9.4"],"gold_per_floor":[114,114,125,57,57,57,57,100,100,143,156,197,211,224,224,353,353,371,392,442,1,26,26,55,55,55,55,55,104,133,161,161,295,295,325,9,36,36,36,79,79,107,107,157,222,269,269,287,287,287],"floor_reached":51,"playtime":3933,"items_purged":["Shame"],"score":1371,"play_id":"3fbf989b-4ae5-4ea1-895d-a9b497b70894","local_time":"20210107143810","is_ascension_mode":true,"campfire_choices":[{"data":"Shade:SensePrey","floor":15,"key":"SMITH"},{"data":"Shade:OpenGraves","floor":15,"key":"SMITH"},{"floor":23,"key":"DIG"},{"data":"Shade:StitchTogether","floor":25,"key":"SMITH"},{"data":"Shade:SensePrey","floor":25,"key":"SMITH"},{"data":"Shade:Brains","floor":27,"key":"SMITH"},{"data":"Shade:Brains","floor":27,"key":"SMITH"},{"data":"Shade:Bonestorm","floor":32,"key":"SMITH"},{"data":"Shade:AuraOfUnlife","floor":32,"key":"SMITH"},{"floor":41,"key":"DIG"},{"data":"Shade:SkeletonArmy","floor":47,"key":"SMITH"},{"data":"Shade:OfferingToTheBeyond","floor":47,"key":"SMITH"},{"data":"Shade:PressTheAttack","floor":49,"key":"SMITH"},{"data":"Shade:FleshToFlesh","floor":49,"key":"SMITH"}],"circlet_count":0,"master_deck":["Shade:Strike_Shade","Shade:Strike_Shade","Shade:Strike_Shade","Shade:Strike_Shade","Shade:Defend_Shade","Shade:Defend_Shade","Shade:Defend_Shade","Shade:Defend_Shade","Shade:AnimateDead","Shade:CarefulCut","Shade:Frenzy+1","Shade:Frenzy","Shade:FreshBones","Shade:AuraOfUnlife+1","Shade:ClawBack","Shade:SensePrey+1","Shade:AuraOfUnlife+1","Shade:ExtraLimbs","Shade:TouchOfTheGrave","Shade:Brains+1","Shade:FeralStrike","Shade:FeralStrike","Shade:OpenGraves+1","Shade:Bonestorm+1","Shade:FleshToFlesh+1","Shade:Tombstone","AbeCurse","Shade:SensePrey+1","Shade:AncientSpear","Shade:StitchTogether+1","Shade:StitchTogether","Shade:SkeletonArmy+1","Shade:Brains+1","Shade:Awaken+1","Shade:PressTheAttack+1","Shade:Coordination","Shade:LoseControl","Shade:Frenzy+1","Shade:OfferingToTheBeyond+1","Shade:FleshOffering","Shade:DarkOfNight+1","Shade:FreshBones+1","Shade:SanguineRitual","Shade:SkeletonArmy+1","Shade:Trample+1","Panache+1","Flash of Steel"],"relics":["Shade:YorickSkull","EVO:Axolotl","BargainBundle","Lee\u0027s Waffle","ReplayTheSpireMod:Ninjato","Simple Rune","PreservedInsect","Nunchaku","Bag of Marbles","MealTicket","Replay:Multitool","Shade:Thing","Golden Idol","Letter Opener","Divine Protection","Darkstone Periapt","Replay:Arrowhead","Abe\u0027s Treasure","CeramicFish","Replay:Baseball","Ice Cream","Singing Bowl","Matryoshka","Sozu","ReplayTheSpireMod:CursedCoin","Gremlin Horn","Golden Egg","Anchor","Lantern","Turnip","White Beast Statue","CatCart","ReplayTheSpireMod:TigerMarble"],"acts_visited":["Exordium","TheCity","TheBeyond"],"potions_floor_usage":[18,40],"damage_taken":[{"damage":0,"enemies":"Small Slimes","floor":1,"turns":3},{"damage":0,"enemies":"Cultist","floor":3,"turns":3},{"damage":20,"enemies":"Replay:BlueRogue","floor":8,"turns":5},{"damage":0,"enemies":"Gremlin Nob","floor":10,"turns":3},{"damage":0,"enemies":"2 Louse","floor":11,"turns":1},{"damage":0,"enemies":"Replay:BlueRogue","floor":12,"turns":2},{"damage":0,"enemies":"Looter","floor":13,"turns":2},{"damage":0,"enemies":"Large Slime","floor":14,"turns":4},{"damage":0,"enemies":"Slime Boss","floor":16,"turns":6},{"damage":0,"enemies":"3 Byrds","floor":18,"turns":4},{"damage":0,"enemies":"Chosen","floor":19,"turns":4},{"damage":14,"enemies":"Centurion and Healer","floor":22,"turns":5},{"damage":17,"enemies":"Snecko","floor":24,"turns":4},{"damage":0,"enemies":"Replay:Snechameleon","floor":29,"turns":2},{"damage":0,"enemies":"Chosen and Byrds","floor":30,"turns":3},{"damage":0,"enemies":"Centurion and Healer","floor":31,"turns":3},{"damage":5,"enemies":"Collector","floor":33,"turns":7},{"damage":0,"enemies":"Orb Walker","floor":35,"turns":3},{"damage":0,"enemies":"3 Darklings","floor":37,"turns":3},{"damage":0,"enemies":"Nemesis","floor":40,"turns":5},{"damage":0,"enemies":"Sphere and 2 Shapes","floor":42,"turns":2},{"damage":0,"enemies":"R_Hoarder","floor":44,"turns":6},{"damage":0,"enemies":"Orin","floor":45,"turns":5},{"damage":0,"enemies":"Giant Head","floor":46,"turns":5},{"damage":39,"enemies":"Replay:Hell Engine","floor":50,"turns":8}],"seed_played":"-4818075809527950411","potions_obtained":[{"floor":10,"key":"Cursed Concoction"},{"floor":11,"key":"Regen Potion"},{"floor":13,"key":"SpeedPotion"},{"floor":24,"key":"FearPotion"},{"floor":30,"key":"DuplicationPotion"},{"floor":33,"key":"ColorlessPotion"}],"is_trial":false,"path_per_floor":["M","?","M","$","?","R","$","E","T","E","M","E","M","M","R","B",null,"M","M","?","$","M","R","M","R","T","R","?","E","M","M","R","B",null,"M","$","M","$","?","E","R","M","T","E","?","E","R","?","R","B",null],"character_chosen":"SHADE","items_purchased":["BargainBundle","Lee\u0027s Waffle","ReplayTheSpireMod:Ninjato","Simple Rune","PreservedInsect","Nunchaku","Shade:Frenzy","Shade:FreshBones","Shade:AuraOfUnlife","Shade:ClawBack","Shade:SensePrey","Shade:AuraOfUnlife+1","Panache","Bag of Marbles","MealTicket","Shade:Thing","CeramicFish","Shade:StitchTogether","Replay:Baseball","ReplayTheSpireMod:CursedCoin","Gremlin Horn","Shade:OfferingToTheBeyond"],"campfire_rested":0,"item_purchase_floors":[0,0,0,0,0,0,0,0,0,0,0,0,0,0,0,4,21,21,21,36,36,36],"current_hp_per_floor":[72,82,82,82,82,82,82,62,62,62,62,62,62,62,62,62,83,83,83,83,88,74,74,78,78,78,78,78,78,88,88,88,88,88,88,94,94,94,89,89,89,89,89,89,89,89,89,89,89,71],"gold":287,"neow_bonus":"","is_daily":false,"chose_seed":false,"campfire_upgraded":12,"win_rate":0.0,"timestamp":1610055490,"path_taken":["M","?","?","$","?","R","$","E","T","E","M","E","M","M","R","BOSS","M","M","?","$","M","R","?","R","T","R","?","E","M","?","R","BOSS","M","$","M","$","?","E","R","M","T","E","?","E","R","?","R","BOSS"],"items_purchased_type":["Relic","Relic","Relic","Relic","Relic","Relic","Card","Card","Card","Card","Card","Card","Card","Relic","Relic","Relic","Relic","Card","Relic","Relic","Relic","Card"],"build_version":"2020-12-22","purchased_purges":1,"victory":true,"max_hp_per_floor":[72,82,82,82,82,82,82,82,82,82,82,82,82,82,82,82,88,88,88,88,88,88,88,88,88,88,88,88,88,88,88,88,88,88,88,94,94,94,89,89,89,89,89,89,89,89,89,89,89,89],"card_choices":[{"not_picked":["Shade:GreyBargain","Shade:BoneShards"],"picked":"Shade:ExtraLimbs","floor":1},{"not_picked":["Shade:PotionOfRestlessness","Shade:GreyBargain"],"picked":"Shade:TouchOfTheGrave","floor":3},{"not_picked":["Shade:Excise","Shade:DangerousRitual"],"picked":"Shade:Brains","floor":8},{"not_picked":["Shade:PotionOfRestlessness","Shade:GraveStillness"],"picked":"Shade:FeralStrike","floor":10},{"not_picked":["Shade:AncientSpear","Shade:ExtraLimbs"],"picked":"Shade:FeralStrike","floor":11},{"not_picked":["Shade:Premonition","Shade:FuneraryJewels"],"picked":"Shade:OpenGraves","floor":12},{"not_picked":["Shade:SkeletonHug","Shade:CloudOfShrapnel"],"picked":"Shade:Bonestorm","floor":13},{"not_picked":["Shade:PoundOfFlesh","Shade:CommandSoldier"],"picked":"Shade:FleshToFlesh","floor":14},{"not_picked":["Shade:Consume","Shade:LastGasp"],"picked":"Shade:Tombstone","floor":16},{"not_picked":["Shade:FeralStrike","Shade:RitualOffering"],"picked":"Shade:SensePrey","floor":18},{"not_picked":["Shade:BoneShards","Shade:ClawBack+1"],"picked":"Shade:AncientSpear","floor":19},{"not_picked":["Shade:Premonition","Shade:AblativeArmor+1"],"picked":"Shade:SkeletonArmy+1","floor":22},{"not_picked":["Shade:SkeletonHug","Shade:FleshToFlesh"],"picked":"Shade:Brains","floor":24},{"not_picked":["Shade:SoulToxin","Shade:CoffinDance"],"picked":"Shade:Awaken+1","floor":29},{"not_picked":["Shade:SkeletonHug","Shade:BoneShards+1"],"picked":"Shade:PressTheAttack","floor":30},{"not_picked":["Shade:GraveStillness+1","Shade:Trample"],"picked":"Shade:Coordination","floor":31},{"not_picked":["Shade:Consume","Shade:MadHubris"],"picked":"Shade:LoseControl","floor":33},{"not_picked":["Shade:CoffinDance+1","Shade:FuneraryArmor+1"],"picked":"Shade:Frenzy+1","floor":35},{"not_picked":["Shade:Frenzy","Shade:ExtraLimbs+1"],"picked":"Shade:FleshOffering","floor":37},{"not_picked":["Shade:ClawBack","Shade:TouchOfTheGrave"],"picked":"Shade:DarkOfNight","floor":40},{"not_picked":["Shade:GraveStillness","Shade:SpontaneousRitual"],"picked":"Shade:FreshBones+1","floor":42},{"not_picked":["Shade:ExtraLimbs","Shade:ClawBack"],"picked":"Shade:SanguineRitual","floor":44},{"not_picked":["Shade:FuneraryArmor","Shade:BoneShards"],"picked":"Shade:SkeletonArmy","floor":45},{"not_picked":["Shade:WallOfFlesh","Shade:Brains"],"picked":"Shade:Trample+1","floor":46},{"not_picked":["PanicButton","Purity"],"picked":"Panache","floor":48},{"not_picked":["Good Instincts","Trip"],"picked":"Flash of Steel","floor":48}],"player_experience":297347,"relics_obtained":[{"floor":8,"key":"Letter Opener"},{"floor":9,"key":"Divine Protection"},{"floor":10,"key":"Darkstone Periapt"},{"floor":12,"key":"Replay:Arrowhead"},{"floor":23,"key":"Ice Cream"},{"floor":26,"key":"Singing Bowl"},{"floor":29,"key":"Matryoshka"},{"floor":40,"key":"Golden Egg"},{"floor":41,"key":"Anchor"},{"floor":43,"key":"Lantern"},{"floor":43,"key":"Turnip"},{"floor":44,"key":"White Beast Statue"},{"floor":45,"key":"CatCart"},{"floor":46,"key":"ReplayTheSpireMod:TigerMarble"}],"event_choices":[{"cards_removed":["Panache"],"damage_healed":0,"gold_gain":0,"player_choice":"Offered Rare","damage_taken":0,"max_hp_gain":10,"max_hp_loss":0,"event_name":"Bonfire Elementals","floor":2,"gold_loss":0},{"damage_healed":0,"gold_gain":0,"player_choice":"Take Wound","damage_taken":0,"relics_obtained":["Golden Idol"],"max_hp_gain":0,"max_hp_loss":0,"event_name":"Golden Idol","floor":6,"gold_loss":0,"cards_obtained":["Injury"]},{"damage_healed":0,"gold_gain":100,"player_choice":"Bet on Murderer","damage_taken":0,"max_hp_gain":0,"max_hp_loss":0,"event_name":"The Joust","floor":20,"gold_loss":50},{"cards_removed":["AbeCurse","Injury","Clumsy"],"damage_healed":0,"gold_gain":0,"player_choice":"Removed Curses","damage_taken":0,"max_hp_gain":0,"max_hp_loss":0,"event_name":"Fountain of Cleansing","floor":28,"gold_loss":0},{"damage_healed":0,"gold_gain":0,"player_choice":"Max HP","damage_taken":0,"max_hp_gain":0,"max_hp_loss":5,"event_name":"Winding Halls","floor":39,"gold_loss":0},{"damage_healed":0,"gold_gain":0,"player_choice":"Fight","damage_taken":0,"max_hp_gain":0,"max_hp_loss":0,"event_name":"OrinTheCat","floor":45,"gold_loss":0},{"damage_healed":0,"gold_gain":3,"player_choice":"1","damage_taken":0,"max_hp_gain":0,"max_hp_loss":0,"event_name":"betterStone:BetterStone","floor":48,"gold_loss":0}],"is_beta":false,"boss_relics":[{"not_picked":["Black Star","Honey Jar"],"picked":"Abe\u0027s Treasure"},{"not_picked":["Fusion Hammer","SlaversCollar"],"picked":"Sozu"}],"items_purged_floors":[36],"is_endless":false,"potions_floor_spawned":[10,11,13,24,30,31,33,40,44,45,46],"ascension_level":7}}