{"host":"lfkm02e6knrs2y3u","time":1610059330,"event":{"mods":["2.2 Compatiblity","AchievementEnabler","BaseMod","Colored Map","Highlight Path","Minty Spire (QoL Compilation)","Random Character Button","Rare Cards Sparkle","StSLib"],"gold_per_floor":[113,129,129,129,144,184,184,225,252,252,279,323,352,381,381,381,381],"floor_reached":16,"playtime":491,"items_purged":[],"score":290,"play_id":"9b84aa4c-5996-4b0a-af55-8511e1ee97d5","local_time":"20210107234210","is_ascension_mode":true,"campfire_choices":[{"data":"Dash","floor":7,"key":"SMITH"},{"floor":10,"key":"REST"},{"floor":15,"key":"REST"}],"circlet_count":0,"master_deck":["AscendersBane","Strike_G","Strike_G","Strike_G","Strike_G","Strike_G","Defend_G","Defend_G","Defend_G","Defend_G","Defend_G","Survivor","Neutralize+1","Quick Slash","Dash+1","Blade Dance","Blade Dance","Predator","Dodge and Roll","Finisher"],"relics":["Ring of the Snake","NeowsBlessing","Golden Idol","Akabeko","Bag of Preparation","CeramicFish","Orichalcum","Odd Mushroom"],"acts_visited":["Exordium"],"potions_floor_usage":[6,8,10,12,12],"damage_taken":[{"damage":0,"enemies":"Cultist","floor":1,"turns":1},{"damage":0,"enemies":"Small Slimes","floor":2,"turns":1},{"damage":0,"enemies":"2 Louse","floor":5,"turns":1},{"damage":37,"enemies":"Gremlin Nob","floor":6,"turns":6},{"damage":17,"enemies":"3 Sentries","floor":8,"turns":6},{"damage":0,"enemies":"2 Fungi Beasts","floor":11,"turns":3},{"damage":0,"enemies":"Gremlin Nob","floor":12,"turns":1},{"damage":9,"enemies":"The Mushroom Lair","floor":13,"turns":5},{"damage":0,"enemies":"Red Slaver","floor":14,"turns":3},{"damage":32,"enemies":"Hexaghost","floor":16,"turns":12}],"seed_played":"3737131047477364823","potions_obtained":[{"floor":2,"key":"BlessingOfTheForge"},{"floor":5,"key":"Explosive Potion"},{"floor":8,"key":"EntropicBrew"},{"floor":14,"key":"Energy Potion"}],"is_trial":false,"path_per_floor":["M","M","?","?","M","E","R","E","T","R","M","E","?","M","R","B"],"character_chosen":"THE_SILENT","items_purchased":[],"campfire_rested":2,"item_purchase_floors":[],"current_hp_per_floor":[59,59,59,59,59,22,22,5,5,23,23,23,14,14,32,0,0],"gold":381,"neow_bonus":"THREE_ENEMY_KILL","is_daily":false,"chose_seed":false,"campfire_upgraded":1,"win_rate":0.0,"timestamp":1610059330,"path_taken":["M","?","?","?","M","E","R","E","T","R","M","E","?","M","R","BOSS"],"items_purchased_type":[],"build_version":"2020-12-22","purchased_purges":0,"victory":false,"max_hp_per_floor":[66,66,66,60,60,60,60,60,60,60,60,60,60,60,60,60,60],"card_choices":[{"not_picked":["Outmaneuver","Backflip","Calculated Gamble"],"picked":"SKIP","floor":1},{"not_picked":["Dodge and Roll","Finisher"],"picked":"Quick Slash","floor":2},{"not_picked":["Bane","Acrobatics"],"picked":"Dash","floor":5},{"not_picked":["Phantasmal Killer","Caltrops"],"picked":"Blade Dance","floor":6},{"not_picked":["Bane","Acrobatics"],"picked":"Blade Dance","floor":8},{"not_picked":["PiercingWail","Prepared"],"picked":"Predator","floor":11},{"not_picked":["Distraction","Concentrate"],"picked":"Dodge and Roll","floor":12},{"not_picked":["Dagger Throw","Sucker Punch"],"picked":"Finisher","floor":14}],"player_experience":685284,"relics_obtained":[{"floor":6,"key":"Akabeko"},{"floor":8,"key":"Bag of Preparation"},{"floor":9,"key":"CeramicFish"},{"floor":12,"key":"Orichalcum"},{"floor":13,"key":"Odd Mushroom"}],"event_choices":[{"damage_healed":0,"gold_gain":0,"player_choice":"Grow","damage_taken":0,"max_hp_gain":0,"max_hp_loss":0,"event_name":"Living Wall","floor":3,"gold_loss":0,"cards_upgraded":["Neutralize"]},{"damage_healed":0,"gold_gain":0,"player_choice":"Lose Max HP","damage_taken":0,"relics_obtained":["Golden Idol"],"max_hp_gain":0,"max_hp_loss":6,"event_name":"Golden Idol","floor":4,"gold_loss":0},{"damage_healed":0,"gold_gain":0,"player_choice":"Fought Mushrooms","damage_taken":0,"max_hp_gain":0,"max_hp_loss":0,"event_name":"Mushrooms","floor":13,"gold_loss":0}],"is_beta":false,"boss_relics":[],"items_purged_floors":[],"is_endless":false,"potions_floor_spawned":[2,5,8,14],"killed_by":"Hexaghost","ascension_level":20}}