{"host":"kdt6w7ix8lwe69i9","time":1610026143,"event":{"mods":["100% Spire Juice","Bartender","BaseMod","ChefMod","Downfall","Fiend Mod","Jorbs\u0027s Wanderer Trilogy","Minty Spire (QoL Compilation)","Reimu（博丽灵梦）","Robot Space Explorer","StSLib","The Caster","The Cursed","The Disciple","The Dragon Tamer","The Druid","The Elementalist","The Forsaken","The Gatherer","The Marked","TheBandit"],"gold_per_floor":[115,115,115,115,44,44,72,72,98,127,142,142,152,177,177,274,274,288,302,302,68,68,68,68],"floor_reached":23,"playtime":1828,"items_purged":[],"score":245,"play_id":"4cd63740-9efd-46c4-b8a3-e320e6432af6","local_time":"20210107082903","is_ascension_mode":false,"campfire_choices":[{"data":"caster:MegaloSpark","floor":6,"key":"SMITH"},{"floor":12,"key":"RECALL"},{"data":"caster:BookThrow","floor":15,"key":"SMITH"}],"circlet_count":0,"master_deck":["caster:Meteor","caster:DivertFocus","caster:strike","caster:strike","caster:strike","caster:strike","caster:defend","caster:defend","caster:defend","caster:defend","caster:defend","caster:FlashSpeed+1","caster:MegaloSpark+1","caster:Sandstorm","caster:Thundara+1","caster:BookThrow+1","caster:Unearth","caster:FlashFrost","caster:IzanagisObdurance","caster:WallOfRocks+1","caster:Surge","caster:Discharge"],"relics":["caster:MagicBook","Centennial Puzzle","Blood Vial","Du-Vu Doll","Pen Nib","Philosopher\u0027s Stone","Enchiridion","Sling","Nloth\u0027s Gift"],"acts_visited":["Exordium","TheCity"],"potions_floor_usage":[16,16,18,23],"damage_taken":[{"damage":0,"enemies":"Cultist","floor":1,"turns":1},{"damage":0,"enemies":"3 Sentries","floor":7,"turns":2},{"damage":0,"enemies":"Lagavulin","floor":10,"turns":1},{"damage":3,"enemies":"Jaw Worm","floor":11,"turns":4},{"damage":0,"enemies":"Small Slimes","floor":13,"turns":2},{"damage":71,"enemies":"Slime Boss","floor":16,"turns":13},{"damage":6,"enemies":"3 Byrds","floor":18,"turns":4},{"damage":9,"enemies":"Chosen","floor":19,"turns":5},{"damage":46,"enemies":"Book of Stabbing","floor":23,"turns":6}],"seed_played":"2158222730646415520","potions_obtained":[{"floor":7,"key":"champ:CounterPotion"},{"floor":10,"key":"Regen Potion"},{"floor":16,"key":"ColorlessPotion"},{"floor":19,"key":"ColorlessPotion"}],"is_trial":false,"path_per_floor":["M","?","T","?","$","R","E","?","T","E","M","R","M","T","R","B",null,"M","M","?","$","?","E"],"character_chosen":"THE_CASTER","items_purchased":["caster:MegaloSpark","caster:Discharge","Sling"],"campfire_rested":0,"item_purchase_floors":[5,21,21],"current_hp_per_floor":[64,64,64,64,64,64,64,64,64,64,61,61,64,64,64,8,64,60,55,39,39,39,0,0],"gold":68,"neow_bonus":"THREE_ENEMY_KILL","is_daily":false,"chose_seed":false,"campfire_upgraded":2,"win_rate":0.0,"timestamp":1610026143,"path_taken":["M","?","?","?","?","R","E","?","T","E","M","R","M","?","R","BOSS","M","?","?","$","?","E"],"items_purchased_type":["Card","Card","Relic"],"build_version":"2020-12-22","purchased_purges":0,"victory":false,"max_hp_per_floor":[64,64,64,64,64,64,64,64,64,64,64,64,64,64,64,64,64,64,64,64,64,64,64,64],"card_choices":[{"not_picked":["caster:Enfeeble","caster:DiablosFlame"],"picked":"caster:FlashSpeed","floor":1},{"not_picked":["caster:Sultry","caster:Embers"],"picked":"caster:Sandstorm","floor":7},{"not_picked":["caster:MagicWeapon","caster:DiamondDust"],"picked":"caster:BookThrow","floor":10},{"not_picked":["caster:ShivasGrace","caster:Enfeeble"],"picked":"caster:Unearth","floor":11},{"not_picked":["caster:WallOfAsh","caster:FrigidBeam"],"picked":"caster:FlashFrost","floor":13},{"not_picked":["caster:Demi","caster:GateOfBabylon"],"picked":"caster:IzanagisObdurance","floor":16},{"not_picked":["caster:MagicWeapon","caster:Charge"],"picked":"caster:WallOfRocks+1","floor":18},{"not_picked":["caster:FrostDriver+1","caster:FlashFrost+1"],"picked":"caster:Surge","floor":19}],"player_experience":1733172,"relics_obtained":[{"floor":7,"key":"Centennial Puzzle"},{"floor":9,"key":"Blood Vial"},{"floor":10,"key":"Du-Vu Doll"},{"floor":14,"key":"Pen Nib"},{"floor":20,"key":"Enchiridion"}],"event_choices":[{"damage_healed":0,"gold_gain":0,"player_choice":"Grow","damage_taken":0,"max_hp_gain":0,"max_hp_loss":0,"event_name":"Living Wall","floor":2,"gold_loss":0,"cards_upgraded":["caster:FlashSpeed"]},{"damage_healed":0,"gold_gain":0,"player_choice":"Leave","damage_taken":0,"max_hp_gain":0,"max_hp_loss":0,"event_name":"The Cleric","floor":4,"gold_loss":0},{"damage_healed":0,"gold_gain":0,"player_choice":"Obtained Book","damage_taken":16,"max_hp_gain":0,"max_hp_loss":0,"event_name":"Cursed Tome","floor":20,"gold_loss":0},{"damage_healed":0,"gold_gain":0,"player_choice":"Traded Relic","damage_taken":0,"relics_obtained":["Nloth\u0027s Gift"],"max_hp_gain":0,"max_hp_loss":0,"event_name":"N\u0027loth","floor":22,"relics_lost":["NeowsBlessing"],"gold_loss":0}],"is_beta":false,"boss_relics":[{"not_picked":["Sozu","Empty Cage"],"picked":"Philosopher\u0027s Stone"}],"items_purged_floors":[],"is_endless":false,"potions_floor_spawned":[7,10,16,19],"killed_by":"Book of Stabbing","ascension_level":0}}