{"host":"d8d3jqle49sogkjv","time":1610013207,"event":{"mods":["BaseMod","Colored Map","Colored Powertips","Minty Spire (QoL Compilation)","StSLib"],"gold_per_floor":[117,128,128,203,153,197,197,70,70,85,85,99,122,162,162,282,282,300,29,29,53,53,96,96,119,119,119,134,149,49,88,88,214,214,233,256,256,256,256],"floor_reached":38,"playtime":2086,"items_purged":["Eruption","Writhe"],"score":514,"play_id":"d68c8b1c-46f1-493d-943d-3ca6d6ed05b0","local_time":"20210107105327","is_ascension_mode":true,"campfire_choices":[{"floor":7,"key":"REST"},{"data":"PathToVictory","floor":11,"key":"SMITH"},{"data":"ThirdEye","floor":15,"key":"SMITH"},{"floor":24,"key":"REST"},{"floor":27,"key":"REST"},{"floor":32,"key":"REST"}],"circlet_count":0,"master_deck":["Strike_P","Strike_P","Defend_P","Defend_P","Defend_P","Defend_P","Vigilance","PathToVictory+1","ThirdEye+1","PathToVictory+1","Prostrate","LessonLearned","Prostrate","Protect","FlurryOfBlows","Consecrate","Protect","DevaForm","Worship+1","FlurryOfBlows","ThirdEye","Perseverance+1","InnerPeace","Meditate","Establishment","ClearTheMind+1"],"relics":["PureWater","Golden Idol","StrikeDummy","Bottled Flame","TungstenRod","Fusion Hammer","ClockworkSouvenir","Boot","Thread and Needle","Akabeko","Oddly Smooth Stone","Toy Ornithopter","SlaversCollar"],"acts_visited":["Exordium","TheCity","TheBeyond"],"potions_floor_usage":[6,18,23,23,23,29],"damage_taken":[{"damage":8,"enemies":"Jaw Worm","floor":1,"turns":4},{"damage":4,"enemies":"Small Slimes","floor":2,"turns":3},{"damage":19,"enemies":"3 Sentries","floor":6,"turns":14},{"damage":0,"enemies":"Cultist","floor":10,"turns":4},{"damage":2,"enemies":"2 Fungi Beasts","floor":12,"turns":4},{"damage":0,"enemies":"Looter","floor":13,"turns":2},{"damage":0,"enemies":"Lagavulin","floor":14,"turns":5},{"damage":1,"enemies":"The Guardian","floor":16,"turns":8},{"damage":51,"enemies":"Chosen","floor":18,"turns":6},{"damage":12,"enemies":"Shell Parasite","floor":21,"turns":5},{"damage":28,"enemies":"Book of Stabbing","floor":23,"turns":5},{"damage":0,"enemies":"Snake Plant","floor":28,"turns":6},{"damage":11,"enemies":"Centurion and Healer","floor":29,"turns":7},{"damage":43,"enemies":"Gremlin Leader","floor":31,"turns":10},{"damage":11,"enemies":"Champ","floor":33,"turns":12},{"damage":21,"enemies":"3 Shapes","floor":35,"turns":7},{"damage":42,"enemies":"3 Darklings","floor":36,"turns":16},{"damage":14,"enemies":"4 Shapes","floor":38,"turns":1}],"seed_played":"-8689106435143756381","potions_obtained":[{"floor":1,"key":"Swift Potion"},{"floor":6,"key":"LiquidBronze"},{"floor":14,"key":"LiquidBronze"},{"floor":16,"key":"Swift Potion"},{"floor":21,"key":"AttackPotion"},{"floor":23,"key":"Regen Potion"},{"floor":36,"key":"StancePotion"}],"is_trial":false,"path_per_floor":["M","M","?","?","?","E","R","$","T","M","R","M","M","E","R","B",null,"M","$","?","M","?","E","R","T","T","R","M","M","$","E","R","B",null,"M","M","?","M"],"character_chosen":"WATCHER","items_purchased":["LessonLearned","Prostrate","FlurryOfBlows","ClockworkSouvenir"],"campfire_rested":4,"item_purchase_floors":[8,8,19,19],"current_hp_per_floor":[64,60,42,31,31,12,33,33,33,33,33,31,31,31,31,30,72,21,21,45,33,33,5,26,26,26,47,47,51,51,8,29,18,72,51,9,9,0,0],"gold":256,"neow_bonus":"TRANSFORM_CARD","is_daily":false,"chose_seed":false,"campfire_upgraded":2,"win_rate":0.0,"timestamp":1610013207,"path_taken":["M","M","?","?","?","E","R","?","T","M","R","M","M","E","R","BOSS","M","?","?","M","?","E","R","?","T","R","M","M","$","E","R","BOSS","M","M","?","M"],"items_purchased_type":["Card","Card","Card","Relic"],"build_version":"2020-12-22","purchased_purges":2,"victory":false,"max_hp_per_floor":[72,72,72,72,72,72,72,72,72,72,72,72,72,72,72,72,72,72,72,72,72,72,72,72,72,72,72,72,72,72,72,72,72,72,72,72,72,72,72],"card_choices":[{"not_picked":["Wallop","SashWhip"],"picked":"ThirdEye","floor":1},{"not_picked":["FollowUp","Swivel"],"picked":"PathToVictory","floor":2},{"not_picked":["Evaluate","Protect"],"picked":"Prostrate","floor":6},{"not_picked":["Halt","InnerPeace"],"picked":"Protect","floor":10},{"not_picked":["MentalFortress","Crescendo"],"picked":"FlurryOfBlows","floor":12},{"not_picked":["Crescendo","EmptyMind"],"picked":"Consecrate","floor":13},{"not_picked":["Alpha","ThirdEye"],"picked":"Protect","floor":14},{"not_picked":["Judgement","Alpha"],"picked":"DevaForm","floor":16},{"not_picked":["JustLucky","EmptyFist+1"],"picked":"Worship+1","floor":18},{"not_picked":["EmptyFist","SashWhip+1"],"picked":"ThirdEye","floor":21},{"not_picked":["Vengeance","DeusExMachina"],"picked":"Perseverance","floor":23},{"not_picked":["SashWhip+1","ClearTheMind"],"picked":"InnerPeace","floor":28},{"not_picked":["Tantrum","Pray","CutThroughFate"],"picked":"SKIP","floor":29},{"not_picked":["FearNoEvil","FlurryOfBlows"],"picked":"Meditate","floor":31},{"not_picked":["Blasphemy","ConjureBlade"],"picked":"Establishment","floor":33},{"not_picked":["Crescendo","Halt+1"],"picked":"ClearTheMind+1","floor":35},{"not_picked":["CrushJoints","ConjureBlade","TalkToTheHand"],"picked":"SKIP","floor":36}],"player_experience":396937,"relics_obtained":[{"floor":6,"key":"StrikeDummy"},{"floor":9,"key":"Bottled Flame"},{"floor":14,"key":"TungstenRod"},{"floor":23,"key":"Thread and Needle"},{"floor":25,"key":"Akabeko"},{"floor":26,"key":"Oddly Smooth Stone"},{"floor":31,"key":"Toy Ornithopter"}],"event_choices":[{"damage_healed":0,"gold_gain":0,"player_choice":"Take Damage","damage_taken":18,"relics_obtained":["Golden Idol"],"max_hp_gain":0,"max_hp_loss":0,"event_name":"Golden Idol","floor":3,"gold_loss":0},{"damage_healed":0,"gold_gain":75,"player_choice":"Gather Gold","damage_taken":11,"max_hp_gain":0,"max_hp_loss":0,"event_name":"World of Goop","floor":4,"gold_loss":0},{"cards_removed":["Strike_P"],"damage_healed":0,"gold_gain":0,"player_choice":"Card Removal","damage_taken":0,"max_hp_gain":0,"max_hp_loss":0,"event_name":"The Cleric","floor":5,"gold_loss":50},{"damage_healed":24,"gold_gain":0,"player_choice":"Heal","damage_taken":0,"max_hp_gain":0,"max_hp_loss":0,"event_name":"The Library","floor":20,"gold_loss":0},{"damage_healed":0,"gold_gain":0,"player_choice":"Opened","damage_taken":0,"relics_obtained":["Boot"],"max_hp_gain":0,"max_hp_loss":0,"event_name":"The Mausoleum","floor":22,"gold_loss":0,"cards_obtained":["Writhe"]},{"damage_healed":0,"gold_gain":0,"player_choice":"Ignored","damage_taken":0,"max_hp_gain":0,"max_hp_loss":0,"event_name":"Tomb of Lord Red Mask","floor":37,"gold_loss":0}],"is_beta":false,"boss_relics":[{"not_picked":["Pandora\u0027s Box","Coffee Dripper"],"picked":"Fusion Hammer"},{"not_picked":["VioletLotus","Philosopher\u0027s Stone"],"picked":"SlaversCollar"}],"items_purged_floors":[19,30],"is_endless":false,"potions_floor_spawned":[1,6,14,16,21,23,36],"killed_by":"4 Shapes","ascension_level":3}}