{"host":"m4hcknw9g39vw3hn","time":1610010716,"event":{"mods":["Act Like it!","BaseMod","Downfall","Hermit","KomeijiMod","Lobotomy","LobotomyExtend","Marisa（F雨　魔理沙）","Minty Spire (QoL Compilation)","Quick Restart","Remilia（蕾米莉亚）","RumiaBox-露米娅的神秘盒子","Shop Mod","Spicy Shops","StSLib","[IsaacMod]以撒尖塔"],"gold_per_floor":[99,112,287,287,301,301,301],"floor_reached":6,"playtime":210,"items_purged":[],"score":36,"play_id":"d891e415-6783-4346-9327-9594906f2cb8","local_time":"20210107171156","is_ascension_mode":true,"campfire_choices":[{"data":"hermit:Deadeye","floor":1.0,"key":"SMITH"}],"circlet_count":0,"master_deck":["hermit:Strike_Hermit","hermit:Strike_Hermit","hermit:Strike_Hermit","hermit:Strike_Hermit","hermit:Defend_Hermit","hermit:Defend_Hermit","hermit:Defend_Hermit","hermit:Defend_Hermit","hermit:Snapshot","hermit:Covet","SuicideKing","hermit:Deadeye+1","hermit:CursedWeapon","Doubt","Regret"],"relics":["hermit:Momento","HushsDoor","Damocles","ForgetMeNow","LetterFromLob","Girya","Ancient Tea Set"],"acts_visited":["Exordium"],"potions_floor_usage":[6],"damage_taken":[{"damage":0.0,"enemies":"Jaw Worm","floor":2.0,"turns":2.0},{"damage":2.0,"enemies":"2 Louse","floor":5.0,"turns":3.0},{"damage":14,"enemies":"3 Sentries","floor":6,"turns":5}],"seed_played":"2194619471671776598","potions_obtained":[{"floor":0.0,"key":"FearPotion"},{"floor":0.0,"key":"ExcitationPotion"},{"floor":0.0,"key":"SpeedPotion"},{"floor":2.0,"key":"SteroidPotion"}],"is_trial":false,"path_per_floor":["R","M","?","?","M","E"],"character_chosen":"HERMIT","items_purchased":[],"campfire_rested":0,"item_purchase_floors":[],"current_hp_per_floor":[75,75,75,75,73,0,0],"gold":301,"neow_bonus":"THREE_SMALL_POTIONS","is_daily":false,"chose_seed":false,"campfire_upgraded":1,"win_rate":0.0,"timestamp":1610010716,"path_taken":["R","M","?","?","M","E"],"items_purchased_type":[],"build_version":"2020-12-22","purchased_purges":0,"victory":false,"max_hp_per_floor":[75,75,75,75,75,75,75],"card_choices":[{"not_picked":[],"picked":"SuicideKing","floor":0.0},{"not_picked":["hermit:Ricochet","hermit:TrackingShot"],"picked":"hermit:Deadeye","floor":0.0},{"not_picked":["hermit:Vantage","hermit:HoleUp"],"picked":"hermit:CursedWeapon","floor":2.0},{"not_picked":["hermit:Coalescence","hermit:FromBeyond","hermit:TrackingShot"],"picked":"SKIP","floor":5.0}],"player_experience":265836,"relics_obtained":[{"floor":2.0,"key":"ForgetMeNow"},{"floor":2.0,"key":"LetterFromLob"},{"floor":5.0,"key":"Ancient Tea Set"}],"event_choices":[{"damage_healed":0.0,"max_hp_gain":0.0,"max_hp_loss":0.0,"gold_gain":0.0,"event_name":"Big Fish","player_choice":"Box","floor":4.0,"gold_loss":0.0,"damage_taken":0.0,"relics_obtained":["Girya"],"cards_obtained":["Regret"]}],"is_beta":false,"boss_relics":[],"items_purged_floors":[],"is_endless":false,"potions_floor_spawned":[2],"killed_by":"3 Sentries","ascension_level":1}}