{"host":"l0ccjemsrct3bo1s","time":1610030561,"event":{"mods":["Act Like it!","BaseMod","Gensokyo","Koishi","Lobotomy","LobotomyExtend","Marisa£®ÏF”Í°°ƒß¿Ì…≥£©","Minty Spire (QoL Compilation)","Reimu£®≤©¿ˆ¡È√Œ£©","Remilia£®¿Ÿ√◊¿Ú—«£©","RumiaBox-¬∂√◊Ê´µƒ…Ò√ÿ∫–◊”","StSLib","The Administrix","The Cursed","The Servant 0.9.4","Yakumo Yukari mod","Youmu£®ªÍ∆«—˝√Œ£©","Yuyuko"],"gold_per_floor":[109,36,56,4,104,104,129,140,140,157,157,157,147,181,181,276,276,289,389,62,62,77,108,108,8,8,23,50,50,82,0,0,103,103,119,136,11,61,71,98,121,121,170,185,205,230,230,86,86,76,76],"floor_reached":50,"playtime":2657,"items_purged":["AsTheSilentNirvana","HumanGodSword","LowerRealmReflectionSlash"],"score":934,"play_id":"3ad950e0-e911-436a-9e43-bb21a4065446","local_time":"20210107224241","is_ascension_mode":true,"campfire_choices":[{"data":"SlashOfPresentWorld","floor":6.0,"key":"SMITH"},{"data":"FiveSignsOfTheDyingDeva","floor":11.0,"key":"SMITH"},{"data":"SuddenDivineSeveringOfKarmicWind","floor":15.0,"key":"SMITH"},{"data":"SlashOfDelusionalInnerEye","floor":24.0,"key":"SMITH"},{"data":"SuddenDivineSeveringOfKarmicWind","floor":29.0,"key":"SMITH"},{"floor":32.0,"key":"REST"},{"data":"WheelOfPainOfLivingAndDead","floor":42,"key":"SMITH"},{"floor":49,"key":"REST"}],"circlet_count":0,"master_deck":["SlashOfPresentWorld+1","WheelOfPainOfLivingAndDead+1","HumanKnowledgeSword","OSAHOGD","BigBadWolf","SwordExtraction","FiveSignsOfTheDyingDeva+1","Freischutz","CelestialStarSword","SwordExtraction","SuddenDivineSeveringOfKarmicWind+1","ThoughtCuttingSword","SanzenSekai","SuddenDivineSeveringOfKarmicWind+1","TurningAngelCut","ThoughtCuttingSword","SlashOfDelusionalInnerEye+1","LongBird","DespairKnight","HeroicMonk","MatsuyoiReflectingSatelliteSlash","Bloodbath","BloodOfAsura+1","SilentOrchestra","SnowQueen","HappyTeddy","Laetitia","PlagueDoctor","SlashOfPresentWorld+1"],"relics":["HalfPhantom","CogitoBucket","Pear","Meat on the Bone","Juzu Bracelet","PreservedInsect","Pandora\u0027s Box","Shuriken","LastBattle","GodSword1","LuminousBracelet","ScarletDevilRocket","GodSword3","Busted Crown","AtMidnight","Ccalipers","Nunchaku","Mastiff:ReiMu","DollysMirror"],"acts_visited":["Exordium","TheCity","TheBeyond"],"potions_floor_usage":[46,50,50],"damage_taken":[{"damage":6.0,"enemies":"Cultist","floor":1.0,"turns":4.0},{"damage":3.0,"enemies":"2 Louse","floor":3.0,"turns":2.0},{"damage":16.0,"enemies":"Gremlin Nob","floor":7.0,"turns":6.0},{"damage":2.0,"enemies":"Jaw Worm","floor":8.0,"turns":3.0},{"damage":17.0,"enemies":"3 Sentries","floor":10.0,"turns":6.0},{"damage":21.0,"enemies":"Lots of Slimes","floor":13.0,"turns":2.0},{"damage":0.0,"enemies":"Lagavulin","floor":14.0,"turns":4.0},{"damage":12.0,"enemies":"The Guardian","floor":16.0,"turns":8.0},{"damage":22.0,"enemies":"2 Thieves","floor":18.0,"turns":4.0},{"damage":4.0,"enemies":"Shell Parasite","floor":22.0,"turns":3.0},{"damage":25.0,"enemies":"Gremlin Leader","floor":23.0,"turns":6.0},{"damage":48.0,"enemies":"Chosen and Byrds","floor":27.0,"turns":5.0},{"damage":10.0,"enemies":"Book of Stabbing","floor":28.0,"turns":2.0},{"damage":21.0,"enemies":"Slavers","floor":30.0,"turns":2.0},{"damage":52.0,"enemies":"Champ","floor":33.0,"turns":5.0},{"damage":1.0,"enemies":"Orb Walker","floor":35.0,"turns":2.0},{"damage":26.0,"enemies":"3 Darklings","floor":36.0,"turns":5.0},{"damage":23.0,"enemies":"Mind Bloom Boss Battle","floor":38.0,"turns":6.0},{"damage":5,"enemies":"Transient","floor":39,"turns":5},{"damage":3,"enemies":"Giant Head","floor":40,"turns":5},{"damage":20,"enemies":"Sphere and 2 Shapes","floor":44,"turns":4},{"damage":38,"enemies":"4 Shapes","floor":45,"turns":3},{"damage":25,"enemies":"Nemesis","floor":46,"turns":3},{"damage":65,"enemies":"Donu and Deca","floor":50,"turns":3}],"seed_played":"5102813304355601811","potions_obtained":[{"floor":8.0,"key":"AttackPotion"},{"floor":10.0,"key":"CausticAgent"},{"floor":14.0,"key":"Dexterity Potion"},{"floor":18.0,"key":"Block Potion"},{"floor":27.0,"key":"SmokeBomb"},{"floor":30.0,"key":"CausticAgent"},{"floor":33.0,"key":"Ancient Potion"},{"floor":35.0,"key":"SpeedPotion"},{"floor":39,"key":"AttackPotion"}],"is_trial":false,"path_per_floor":["M","$","M","$","?","R","E","M","T","E","R","?","M","E","R","B",null,"M","?","$","?","M","E","R","$","T","M","E","R","E","?","R","B",null,"M","M","$","?","M","E","T","R","T","M","M","E","?","$","R","B"],"character_chosen":"YOUMU","items_purchased":["HumanGodSword","LowerRealmReflectionSlash","Shuriken","DollysMirror"],"campfire_rested":2,"item_purchase_floors":[2,4,20,48],"current_hp_per_floor":[62,62,59,59,59,59,53,51,51,46,46,46,37,49,49,49,76,69,69,69,85,81,56,56,56,56,35,37,37,28,28,58,20,80,79,53,53,50,59,57,57,57,57,52,34,23,23,23,53,0,0],"gold":76,"neow_bonus":"","is_daily":false,"chose_seed":false,"campfire_upgraded":6,"win_rate":0.0,"timestamp":1610030561,"path_taken":["M","$","?","$","?","R","E","M","T","E","R","?","M","E","R","BOSS","M","?","$","?","M","E","R","$","T","M","E","R","E","?","R","BOSS","M","M","$","?","M","E","?","R","T","M","M","E","?","$","R","BOSS"],"items_purchased_type":["Card","Card","Relic","Relic"],"build_version":"2020-12-22","purchased_purges":3,"victory":false,"max_hp_per_floor":[75,75,75,75,75,75,85,85,85,85,85,85,85,85,85,85,85,85,85,85,85,85,85,85,85,85,100,100,100,100,100,100,100,100,100,100,100,100,100,100,100,100,100,100,100,100,100,100,100,100,100],"card_choices":[{"not_picked":["SuddenPhantomFormationSlashOfKarmicWind","SwordExtraction"],"picked":"HumanKnowledgeSword","floor":1.0},{"not_picked":["MHz","Porccubus"],"picked":"OSAHOGD","floor":1.0},{"not_picked":["Bloodbath","Wellcheers"],"picked":"BigBadWolf","floor":3.0},{"not_picked":["FlashingScatteredFlowers","SanzenSekai"],"picked":"SwordExtraction","floor":3.0},{"not_picked":["FlashingScatteredFlowers","CrescentMoonSlash"],"picked":"BloodOfAsura","floor":7.0},{"not_picked":["FlashingScatteredFlowers","HiganSword"],"picked":"FiveSignsOfTheDyingDeva","floor":8.0},{"not_picked":["SpiderBud","MHz"],"picked":"Freischutz","floor":8.0},{"not_picked":["ObsessionWithThePresentWorld","SpiritMediumsBind","CrescentMoonSlash"],"picked":"SKIP","floor":10.0},{"not_picked":["ObsessionWithThePresentWorld","SpiritMediumsBind","CrescentMoonSlash"],"picked":"SKIP","floor":10.0},{"not_picked":["SpiritCuttingSword","ConstancyOfTheConventionalTruth"],"picked":"SwordExtraction","floor":13.0},{"not_picked":["LongBird","UniverseFragment"],"picked":"FairyFestival","floor":13.0},{"not_picked":["SpiderLilyBurial","LowerRealmReflectionSlash"],"picked":"SuddenDivineSeveringOfKarmicWind","floor":14.0},{"not_picked":["OldLady","MeatLantern"],"picked":"Woodsman","floor":16.0},{"not_picked":["TwoHundredYojanaInOneSlash","CrescentMoonSlash"],"picked":"SlashOfDelusionalInnerEye","floor":18.0},{"not_picked":["BeautyBeast","Yin"],"picked":"LongBird","floor":22.0},{"not_picked":["HumanKnowledgeSword","SlashClearingTheSixSenses","ThoughtCuttingSword"],"picked":"SKIP","floor":22.0},{"not_picked":["HumanKnowledgeSword","SlashClearingTheSixSenses","ThoughtCuttingSword"],"picked":"SKIP","floor":22.0},{"not_picked":["LifeCuttingSword+1","FantasyOfEnteringEnlightenment","SanzenSekai"],"picked":"SKIP","floor":23.0},{"not_picked":["HumanKnowledgeSword+1","WickedSoul","AsTheSilentNirvana"],"picked":"SKIP","floor":27.0},{"not_picked":["HumanKnowledgeSword+1","WickedSoul","AsTheSilentNirvana"],"picked":"SKIP","floor":27.0},{"not_picked":["Mercenary","LaLuna"],"picked":"DespairKnight","floor":28.0},{"not_picked":["SanzenSekai","HumanKnowledgeSword","HeavenlyHaloSlash+1"],"picked":"SKIP","floor":28.0},{"not_picked":["SanzenSekai","HumanKnowledgeSword","HeavenlyHaloSlash+1"],"picked":"SKIP","floor":28.0},{"not_picked":["PunishingBird","ShyLook"],"picked":"HeroicMonk","floor":30.0},{"not_picked":["PretaSword","HumanGodSword","SpiritMediumsBind+1"],"picked":"SKIP","floor":30.0},{"not_picked":["PretaSword","HumanGodSword","SpiritMediumsBind+1"],"picked":"SKIP","floor":30.0},{"not_picked":["ReincarnationSword","AsuraSword"],"picked":"MatsuyoiReflectingSatelliteSlash","floor":33.0},{"not_picked":["MeltingLove","GreedKing"],"picked":"Bloodbath","floor":33.0},{"not_picked":[],"picked":"BloodOfAsura+1","floor":35.0},{"not_picked":["LowerRealmReflectionSlash"],"picked":"SKIP","floor":36.0},{"not_picked":["HappyTeddy","Scorched"],"picked":"SilentOrchestra","floor":38.0},{"not_picked":["ConstancyOfTheConventionalTruth+1"],"picked":"SKIP","floor":39},{"not_picked":["PunishingBird","BigBird"],"picked":"SnowQueen","floor":40},{"not_picked":["ThoughtCuttingSword"],"picked":"SKIP","floor":40},{"not_picked":["ThoughtCuttingSword"],"picked":"SKIP","floor":40},{"not_picked":["CENSORED","LittlePrince"],"picked":"HappyTeddy","floor":44},{"not_picked":["LowerRealmReflectionSlash"],"picked":"SKIP","floor":44},{"not_picked":["LowerRealmReflectionSlash"],"picked":"SKIP","floor":44},{"not_picked":["DreamingCurrent","LittlePrince"],"picked":"Laetitia","floor":45},{"not_picked":["FlashingScatteredFlowers"],"picked":"SKIP","floor":45},{"not_picked":["FlashingScatteredFlowers"],"picked":"SKIP","floor":45},{"not_picked":["WallGazer","Alriune"],"picked":"PlagueDoctor","floor":46},{"not_picked":["KarmicPunishmentOfTheIdleAndUnfocused"],"picked":"SKIP","floor":46}],"player_experience":361940,"relics_obtained":[{"floor":7.0,"key":"Pear"},{"floor":9.0,"key":"Meat on the Bone"},{"floor":10.0,"key":"Juzu Bracelet"},{"floor":14.0,"key":"PreservedInsect"},{"floor":23.0,"key":"LastBattle"},{"floor":26.0,"key":"GodSword1"},{"floor":28.0,"key":"ScarletDevilRocket"},{"floor":30.0,"key":"GodSword3"},{"floor":36.0,"key":"AtMidnight"},{"floor":41,"key":"Ccalipers"},{"floor":43,"key":"Nunchaku"},{"floor":46,"key":"Mastiff:ReiMu"}],"event_choices":[{"damage_healed":0.0,"max_hp_gain":0.0,"max_hp_loss":0.0,"gold_gain":100.0,"event_name":"Golden Shrine","player_choice":"Pray","floor":5.0,"gold_loss":0.0,"damage_taken":0.0},{"damage_healed":0.0,"max_hp_gain":0.0,"max_hp_loss":0.0,"gold_gain":0.0,"cards_transformed":["Strike_YM"],"event_name":"Transmorgrifier","player_choice":"Transformed","floor":12.0,"gold_loss":0.0,"damage_taken":0.0,"cards_obtained":["CelestialStarSword"]},{"damage_healed":0.0,"max_hp_gain":0.0,"max_hp_loss":0.0,"gold_gain":100.0,"event_name":"Golden Shrine","player_choice":"Pray","floor":19.0,"gold_loss":0.0,"damage_taken":0.0},{"cards_removed":["BloodOfAsura"],"damage_healed":16.0,"max_hp_gain":0.0,"max_hp_loss":0.0,"gold_gain":0.0,"event_name":"Bonfire Elementals","player_choice":"Offered Uncommon","floor":21.0,"gold_loss":0.0,"damage_taken":0.0},{"damage_healed":0.0,"max_hp_gain":0.0,"max_hp_loss":0.0,"gold_gain":0.0,"event_name":"Masked Bandits","player_choice":"Paid Fearfully","floor":31.0,"gold_loss":82.0,"damage_taken":0.0},{"damage_healed":0.0,"max_hp_gain":0.0,"max_hp_loss":0.0,"gold_gain":0.0,"event_name":"MindBloom","player_choice":"Fight","floor":38.0,"gold_loss":0.0,"damage_taken":0.0},{"damage_healed":0,"gold_gain":0,"player_choice":"Ignored","damage_taken":0,"max_hp_gain":0,"max_hp_loss":0,"event_name":"Mysterious Sphere","floor":47,"gold_loss":0}],"is_beta":false,"boss_relics":[{"not_picked":["Runic Dome","SlaversCollar"],"picked":"Pandora\u0027s Box"},{"not_picked":["Velvet Choker","Cursed Key"],"picked":"Busted Crown"}],"items_purged_floors":[20,25,37],"is_endless":false,"potions_floor_spawned":[8,10,14,18,27,30,33,35,39,40,45],"killed_by":"Donu and Deca","ascension_level":8}}