{"host":"hwrdjx5eod2cxh09","time":1610010724,"event":{"mods":["AchievementEnabler","BaseMod","Bestiary","Minty Spire (QoL Compilation)","Relic Stats"],"gold_per_floor":[113,113,113,123,143,176,176,45,91,91,119,119,133,153,153,252,252,270,270,470,480,492,518,518,552,577,597,597,630,207,221,221,323,323,336,336,386,386,404,404,436,454,454,454,473,473,288,323,323,323,323,323,66,97,97],"floor_reached":56,"playtime":2383,"items_purged":["Strike_B","Strike_B","Strike_B"],"score":1373,"play_id":"74a7913f-b6bc-4258-ac74-2401a01867a3","local_time":"20210107181204","is_ascension_mode":false,"campfire_choices":[{"data":"Storm","floor":7,"key":"SMITH"},{"floor":10,"key":"RECALL"},{"data":"Defragment","floor":15,"key":"SMITH"},{"floor":24,"key":"REST"},{"data":"White Noise","floor":28,"key":"SMITH"},{"data":"Buffer","floor":32,"key":"SMITH"},{"data":"Echo Form","floor":40,"key":"SMITH"},{"data":"Creative AI","floor":44,"key":"SMITH"},{"data":"Hologram","floor":49,"key":"SMITH"},{"data":"Defragment","floor":52,"key":"SMITH"}],"circlet_count":0,"master_deck":["Defend_B","Defend_B","Defend_B","Zap","Dualcast","Storm+1","Cold Snap","Genetic Algorithm","Defragment+1","Capacitor","Buffer+1","Storm","White Noise+1","Coolheaded","Echo Form+1","Hologram+1","Lockon","Ball Lightning","Hologram+1","Creative AI+1","Turbo","Madness","Force Field+1","Turbo+1","Panacea","Defragment+1","White Noise+1","Master of Strategy","Fusion+1"],"relics":["Cracked Core","Orichalcum","Centennial Puzzle","Ancient Tea Set","Bronze Scales","Nuclear Battery","Du-Vu Doll","The Courier","Medical Kit","Meat on the Bone","Inserter","Bird Faced Urn","Bottled Tornado","Art of War","Smiling Mask","Blood Vial"],"acts_visited":["Exordium","TheCity","TheBeyond","TheEnding"],"potions_floor_usage":[22,29,35,37,48,54,55,55],"damage_taken":[{"damage":0,"enemies":"Cultist","floor":1,"turns":3},{"damage":0,"enemies":"Small Slimes","floor":4,"turns":3},{"damage":3,"enemies":"Jaw Worm","floor":5,"turns":4},{"damage":6,"enemies":"Gremlin Nob","floor":6,"turns":4},{"damage":6,"enemies":"3 Sentries","floor":11,"turns":6},{"damage":9,"enemies":"3 Louse","floor":13,"turns":2},{"damage":7,"enemies":"Blue Slaver","floor":14,"turns":2},{"damage":0,"enemies":"Slime Boss","floor":16,"turns":7},{"damage":6,"enemies":"Shell Parasite","floor":18,"turns":3},{"damage":6,"enemies":"3 Byrds","floor":21,"turns":2},{"damage":1,"enemies":"Shelled Parasite and Fungi","floor":22,"turns":2},{"damage":17,"enemies":"Book of Stabbing","floor":23,"turns":4},{"damage":19,"enemies":"Gremlin Leader","floor":25,"turns":3},{"damage":0,"enemies":"Snecko","floor":27,"turns":5},{"damage":18,"enemies":"Slavers","floor":29,"turns":4},{"damage":0,"enemies":"Snake Plant","floor":31,"turns":3},{"damage":0,"enemies":"Automaton","floor":33,"turns":6},{"damage":1,"enemies":"3 Shapes","floor":35,"turns":4},{"damage":6,"enemies":"Mind Bloom Boss Battle","floor":37,"turns":4},{"damage":12,"enemies":"Orb Walker","floor":39,"turns":3},{"damage":3,"enemies":"Nemesis","floor":41,"turns":5},{"damage":18,"enemies":"Writhing Mass","floor":42,"turns":4},{"damage":5,"enemies":"3 Darklings","floor":45,"turns":4},{"damage":13,"enemies":"Reptomancer","floor":48,"turns":4},{"damage":15,"enemies":"Donu and Deca","floor":50,"turns":6},{"damage":36,"enemies":"Shield and Spear","floor":54,"turns":4},{"damage":69,"enemies":"The Heart","floor":55,"turns":9}],"seed_played":"-4388215803525013247","potions_obtained":[{"floor":5,"key":"FocusPotion"},{"floor":6,"key":"Block Potion"},{"floor":27,"key":"GamblersBrew"},{"floor":35,"key":"Strength Potion"},{"floor":37,"key":"Fruit Juice"},{"floor":39,"key":"SteroidPotion"}],"is_trial":false,"path_per_floor":["M","?","?","M","M","E","R","$","T","R","E","?","M","M","R","B",null,"M","?","?","M","M","E","R","E","T","M","R","E","$","M","R","B",null,"M","?","?","?","M","R","E","M","T","R","M","?","$","E","R","B",null,"R","$","E","B",null],"character_chosen":"DEFECT","items_purchased":["Storm","Fire Potion","Block Potion","Medical Kit","Meat on the Bone","Defragment","Dexterity Potion","Master of Strategy","DuplicationPotion"],"campfire_rested":1,"item_purchase_floors":[8,8,30,30,30,47,47,53,53],"current_hp_per_floor":[75,72,72,72,69,63,63,63,63,63,57,57,48,41,41,41,75,69,69,69,63,62,45,67,48,48,48,48,30,30,42,42,42,75,74,65,64,64,64,64,79,72,72,72,79,79,79,80,80,80,80,80,80,62,33],"gold":97,"neow_bonus":"TRANSFORM_CARD","is_daily":false,"chose_seed":false,"campfire_upgraded":8,"win_rate":0.0,"timestamp":1610010724,"path_taken":["M","?","?","M","M","E","R","$","T","R","E","?","M","?","R","BOSS","M","?","?","M","M","E","R","E","T","?","R","E","$","M","R","BOSS","M","?","?","?","M","R","E","M","T","R","M","?","$","E","R","BOSS","R","$","E","BOSS"],"items_purchased_type":["Card","Potion","Potion","Relic","Relic","Card","Potion","Card","Potion"],"build_version":"2020-12-22","purchased_purges":3,"victory":true,"max_hp_per_floor":[75,75,75,75,75,75,75,75,75,75,75,75,75,75,75,75,75,75,75,75,75,75,75,75,75,75,75,75,75,75,75,75,75,75,75,75,80,80,80,80,80,80,80,80,80,80,80,80,80,80,80,80,80,80,80],"relic_stats":{"Blood Vial":2,"Centennial Puzzle":[57],"Inserter":[23],"counters":[27,110],"Bronze Scales":[394],"Bird Faced Urn":[126],"Art of War":[12],"Orichalcum":[240],"Medical Kit":[0],"Smiling Mask":50,"obtain_stats":[{"Inserter":34,"The Courier":29,"Orichalcum":2,"Bottled Tornado":41,"Ancient Tea Set":9,"Medical Kit":30,"Smiling Mask":48,"Nuclear Battery":17,"Du-Vu Doll":23,"Blood Vial":54,"Centennial Puzzle":6,"Bronze Scales":11,"Bird Faced Urn":37,"Art of War":43,"Cracked Core":0,"Meat on the Bone":30},{"Inserter":17,"The Courier":15,"Orichalcum":1,"Bottled Tornado":21,"Ancient Tea Set":4,"Medical Kit":15,"Smiling Mask":24,"Nuclear Battery":8,"Du-Vu Doll":12,"Blood Vial":26,"Centennial Puzzle":4,"Bronze Scales":5,"Bird Faced Urn":19,"Art of War":22,"Cracked Core":0,"Meat on the Bone":15},{"Inserter":63,"The Courier":54,"Orichalcum":3,"Bottled Tornado":79,"Ancient Tea Set":14,"Medical Kit":54,"Smiling Mask":91,"Nuclear Battery":31,"Du-Vu Doll":42,"Blood Vial":101,"Centennial Puzzle":14,"Bronze Scales":20,"Bird Faced Urn":71,"Art of War":83,"Cracked Core":0,"Meat on the Bone":54}],"Meat on the Bone":24},"card_choices":[{"not_picked":["Conserve Battery","Compile Driver"],"picked":"Cold Snap","floor":1},{"not_picked":["Leap","Ball Lightning"],"picked":"Defragment","floor":4},{"not_picked":["Conserve Battery","Static Discharge"],"picked":"Capacitor","floor":5},{"not_picked":["Compile Driver","Stack"],"picked":"Buffer","floor":6},{"not_picked":["Sweeping Beam","Hyperbeam"],"picked":"White Noise","floor":11},{"not_picked":["Conserve Battery","Sweeping Beam","Stack"],"picked":"SKIP","floor":13},{"not_picked":["Barrage","Go for the Eyes"],"picked":"Coolheaded","floor":14},{"not_picked":["Amplify","Machine Learning"],"picked":"Echo Form","floor":16},{"not_picked":["Go for the Eyes","Steam"],"picked":"Hologram","floor":18},{"not_picked":["Reprogram+1","Double Energy"],"picked":"Lockon","floor":21},{"not_picked":["Tempest+1","Streamline+1"],"picked":"Ball Lightning","floor":22},{"not_picked":["Stack+1","Streamline","Sweeping Beam"],"picked":"SKIP","floor":23},{"not_picked":["Conserve Battery","Force Field"],"picked":"Hologram+1","floor":25},{"not_picked":["Skim","Echo Form","Ball Lightning"],"picked":"SKIP","floor":27},{"not_picked":["Hologram","Rebound","FTL+1"],"picked":"SKIP","floor":29},{"not_picked":["Go for the Eyes","Stack+1","Rip and Tear"],"picked":"SKIP","floor":31},{"not_picked":["Thunder Strike","Fission"],"picked":"Creative AI","floor":33},{"not_picked":["Cold Snap+1","Conserve Battery+1"],"picked":"Turbo","floor":35},{"not_picked":["Scrape","Double Energy","FTL"],"picked":"SKIP","floor":39},{"not_picked":["Conserve Battery+1","Cold Snap"],"picked":"Force Field+1","floor":41},{"not_picked":["Barrage","Heatsinks+1"],"picked":"Turbo+1","floor":42},{"not_picked":["Fission","Compile Driver","Heatsinks"],"picked":"SKIP","floor":45},{"not_picked":["Jack Of All Trades","PanicButton"],"picked":"Panacea","floor":46},{"not_picked":["Genetic Algorithm","Barrage"],"picked":"White Noise+1","floor":48},{"not_picked":["Ball Lightning","Beam Cell"],"picked":"Fusion+1","floor":54}],"player_experience":188836,"relics_obtained":[{"floor":6,"key":"Centennial Puzzle"},{"floor":9,"key":"Ancient Tea Set"},{"floor":11,"key":"Bronze Scales"},{"floor":23,"key":"Du-Vu Doll"},{"floor":29,"key":"The Courier"},{"floor":37,"key":"Bird Faced Urn"},{"floor":41,"key":"Bottled Tornado"},{"floor":43,"key":"Art of War"},{"floor":48,"key":"Smiling Mask"},{"floor":54,"key":"Blood Vial"}],"event_choices":[{"damage_healed":0,"gold_gain":0,"player_choice":"Success","damage_taken":3,"relics_obtained":["Orichalcum"],"max_hp_gain":0,"max_hp_loss":0,"event_name":"Scrap Ooze","floor":2,"gold_loss":0},{"damage_healed":0,"gold_gain":0,"cards_transformed":["Defend_B"],"player_choice":"Change","damage_taken":0,"max_hp_gain":0,"max_hp_loss":0,"event_name":"Living Wall","floor":3,"gold_loss":0,"cards_obtained":["Genetic Algorithm"]},{"damage_healed":0,"gold_gain":0,"player_choice":"Ignored","damage_taken":0,"max_hp_gain":0,"max_hp_loss":0,"event_name":"Golden Idol","floor":12,"gold_loss":0},{"damage_healed":0,"gold_gain":0,"player_choice":"Ignored","damage_taken":0,"max_hp_gain":0,"max_hp_loss":0,"event_name":"Vampires","floor":19,"gold_loss":0},{"damage_healed":0,"gold_gain":250,"player_choice":"Bet on Owner","damage_taken":0,"max_hp_gain":0,"max_hp_loss":0,"event_name":"The Joust","floor":20,"gold_loss":50},{"damage_healed":0,"gold_gain":0,"player_choice":"Embrace Madness","damage_taken":9,"max_hp_gain":0,"max_hp_loss":0,"event_name":"Winding Halls","floor":36,"gold_loss":0,"cards_obtained":["Madness","Madness"]},{"damage_healed":0,"gold_gain":0,"player_choice":"Fight","damage_taken":0,"max_hp_gain":0,"max_hp_loss":0,"event_name":"MindBloom","floor":37,"gold_loss":0},{"cards_removed":["Madness"],"damage_healed":0,"gold_gain":0,"player_choice":"Removed Skill","damage_taken":0,"max_hp_gain":0,"max_hp_loss":0,"event_name":"Falling","floor":38,"gold_loss":0},{"damage_healed":0,"gold_gain":0,"player_choice":"Memory 1","damage_taken":0,"max_hp_gain":0,"max_hp_loss":0,"event_name":"SensoryStone","floor":46,"gold_loss":0}],"is_beta":false,"boss_relics":[{"not_picked":["SacredBark","Velvet Choker"],"picked":"Nuclear Battery"},{"not_picked":["Pandora\u0027s Box","Busted Crown"],"picked":"Inserter"}],"items_purged_floors":[30,47,53],"is_endless":false,"potions_floor_spawned":[5,6,13,16,18,21,27,35,37,39,42],"ascension_level":0}}