{"host":"z9811rt50ti81n54","time":1610040163,"event":{"mods":["BaseMod","Minty Spire (QoL Compilation)","Random Character Button","SuperFastMode"],"gold_per_floor":[12,12,12,112,122,122,197,197,224,224,236,251,261,286,286,384,384,395,395,310,82,60,60,71,90,117,117,137,137,212,228,228,326,376,396,147,160,37,47,47,58,58,136,153,172,172,189,149,149,149],"floor_reached":51,"playtime":1725,"items_purged":["Strike_B","Strike_B"],"score":649,"play_id":"0d577dc4-55d6-4d80-a8c0-2cd2d0256171","local_time":"20210108022243","is_ascension_mode":false,"campfire_choices":[{"data":"Doom and Gloom","floor":6.0,"key":"SMITH"},{"data":"Dualcast","floor":8.0,"key":"SMITH"},{"data":"Ball Lightning","floor":10.0,"key":"SMITH"},{"data":"Self Repair","floor":15.0,"key":"SMITH"},{"floor":23.0,"key":"REST"},{"floor":27.0,"key":"REST"},{"floor":29.0,"key":"RECALL"},{"floor":32.0,"key":"REST"},{"floor":40,"key":"REST"},{"floor":42,"key":"REST"},{"floor":46,"key":"REST"},{"floor":49,"key":"REST"}],"circlet_count":0,"master_deck":["Defend_B","Defend_B","Defend_B+1","Defend_B+1","Zap+1","Dualcast+1","Ball Lightning+1","Doom and Gloom+1","Coolheaded","Self Repair+1","Turbo","Melter","All For One","Gash","Capacitor","White Noise","Hologram","Gash","Hologram+1","Rebound+1","Multi-Cast+1","Machine Learning","Chill+1","BootSequence+1","Go for the Eyes+1","Core Surge","Force Field+1"],"relics":["Cracked Core","War Paint","Juzu Bracelet","Fusion Hammer","Art of War","MealTicket","Tiny House","Strange Spoon","Question Card"],"acts_visited":["Exordium","TheCity","TheBeyond"],"potions_floor_usage":[50,50,50],"damage_taken":[{"damage":0.0,"enemies":"Small Slimes","floor":1.0,"turns":3.0},{"damage":0.0,"enemies":"Cultist","floor":5.0,"turns":3.0},{"damage":3.0,"enemies":"Jaw Worm","floor":11.0,"turns":2.0},{"damage":0.0,"enemies":"Large Slime","floor":12.0,"turns":3.0},{"damage":2.0,"enemies":"Lots of Slimes","floor":13.0,"turns":2.0},{"damage":5.0,"enemies":"3 Sentries","floor":14.0,"turns":5.0},{"damage":19.0,"enemies":"The Guardian","floor":16.0,"turns":8.0},{"damage":15.0,"enemies":"2 Thieves","floor":18.0,"turns":4.0},{"damage":10.0,"enemies":"3 Byrds","floor":24.0,"turns":5.0},{"damage":31.0,"enemies":"Snake Plant","floor":25.0,"turns":6.0},{"damage":0.0,"enemies":"Sentry and Sphere","floor":28.0,"turns":3.0},{"damage":7.0,"enemies":"Cultist and Chosen","floor":31.0,"turns":4.0},{"damage":59.0,"enemies":"Automaton","floor":33.0,"turns":8.0},{"damage":20.0,"enemies":"Orb Walker","floor":35.0,"turns":4.0},{"damage":10.0,"enemies":"3 Darklings","floor":37.0,"turns":7.0},{"damage":7,"enemies":"4 Shapes","floor":39,"turns":7},{"damage":0,"enemies":"Jaw Worm Horde","floor":41,"turns":4},{"damage":0,"enemies":"Sphere and 2 Shapes","floor":44,"turns":3},{"damage":9,"enemies":"Writhing Mass","floor":45,"turns":8},{"damage":0,"enemies":"4 Shapes","floor":47,"turns":9},{"damage":71,"enemies":"Time Eater","floor":50,"turns":13}],"seed_played":"-7225329943808902917","potions_obtained":[{"floor":1.0,"key":"FearPotion"},{"floor":14.0,"key":"BlessingOfTheForge"},{"floor":16.0,"key":"BlessingOfTheForge"},{"floor":33.0,"key":"Swift Potion"},{"floor":34.0,"key":"GamblersBrew"},{"floor":39,"key":"EssenceOfDarkness"},{"floor":48,"key":"SteroidPotion"}],"is_trial":false,"path_per_floor":["M","$","?","?","M","R","?","R","T","R","M","M","M","E","R","B",null,"M","?","?","$","$","R","M","M","T","R","M","R","?","M","R","B",null,"M","$","M","$","M","R","M","R","T","M","M","R","M","?","R","B",null],"character_chosen":"DEFECT","items_purchased":["Capacitor","White Noise","Hologram","Gash","Strange Spoon","SpeedPotion","Ancient Potion"],"campfire_rested":7,"item_purchase_floors":[21,21,21,22,36,38,38],"current_hp_per_floor":[75,75,75,75,75,75,64,64,64,64,61,61,66,68,68,59,75,70,70,70,70,70,75,75,54,54,75,75,75,68,61,75,26,80,60,75,75,80,80,80,80,80,80,80,80,80,80,80,80,19],"gold":149,"neow_bonus":"REMOVE_TWO","is_daily":false,"chose_seed":false,"campfire_upgraded":4,"win_rate":0.0,"timestamp":1610040163,"path_taken":["M","$","?","?","?","R","?","R","T","R","M","M","M","E","R","BOSS","M","?","?","?","$","R","M","M","T","R","M","R","?","M","R","BOSS","M","$","M","$","M","R","M","R","T","M","M","R","M","?","R","BOSS"],"items_purchased_type":["Card","Card","Card","Card","Relic","Potion","Potion"],"build_version":"2020-12-22","purchased_purges":2,"victory":true,"max_hp_per_floor":[75,75,75,75,75,75,75,75,75,75,75,75,75,75,75,75,75,75,75,75,75,75,75,75,75,75,75,75,75,75,75,75,75,80,80,80,80,80,80,80,80,80,80,80,80,80,80,80,80,80],"card_choices":[{"not_picked":["Double Energy","Steam"],"picked":"Ball Lightning","floor":1.0},{"not_picked":["Conserve Battery","Leap"],"picked":"Doom and Gloom","floor":5.0},{"not_picked":["Barrage","Heatsinks"],"picked":"Coolheaded","floor":11.0},{"not_picked":["Undo","FTL"],"picked":"Self Repair","floor":12.0},{"not_picked":["Beam Cell","Darkness"],"picked":"Turbo","floor":13.0},{"not_picked":["Compile Driver","FTL"],"picked":"Melter","floor":14.0},{"not_picked":["Seek","Hyperbeam"],"picked":"All For One","floor":16.0},{"not_picked":["Fusion+1","Sweeping Beam","Blizzard"],"picked":"SKIP","floor":18.0},{"not_picked":["Redo","Streamline"],"picked":"Hologram+1","floor":24.0},{"not_picked":["BootSequence","Turbo+1"],"picked":"Rebound+1","floor":25.0},{"not_picked":["Beam Cell","Go for the Eyes","Turbo+1"],"picked":"SKIP","floor":28.0},{"not_picked":["Sweeping Beam","Go for the Eyes"],"picked":"Multi-Cast","floor":31.0},{"not_picked":["Fission","Hyperbeam"],"picked":"Machine Learning","floor":33.0},{"not_picked":["Consume","Redo"],"picked":"Chill+1","floor":34.0},{"not_picked":["Chill+1","Streamline+1"],"picked":"BootSequence+1","floor":35.0},{"not_picked":["Hologram","Leap+1","Streamline"],"picked":"SKIP","floor":37.0},{"not_picked":["Chaos","Melter+1","Compile Driver"],"picked":"SKIP","floor":39},{"not_picked":["Blizzard","Lockon+1"],"picked":"Go for the Eyes+1","floor":41},{"not_picked":["Rebound","Darkness+1","Rip and Tear"],"picked":"Core Surge","floor":44},{"not_picked":["Doom and Gloom+1","Coolheaded","Double Energy+1"],"picked":"Force Field+1","floor":45},{"not_picked":["Streamline","Steam","Leap","Sweeping Beam"],"picked":"SKIP","floor":47}],"player_experience":311546,"relics_obtained":[{"floor":9.0,"key":"War Paint"},{"floor":14.0,"key":"Juzu Bracelet"},{"floor":26.0,"key":"MealTicket"},{"floor":43,"key":"Question Card"}],"event_choices":[{"damage_healed":0.0,"max_hp_gain":0.0,"max_hp_loss":0.0,"gold_gain":0.0,"event_name":"Living Wall","player_choice":"Grow","floor":3.0,"gold_loss":0.0,"damage_taken":0.0,"cards_upgraded":["Zap"]},{"damage_healed":0.0,"max_hp_gain":0.0,"max_hp_loss":0.0,"gold_gain":100.0,"event_name":"Golden Shrine","player_choice":"Pray","floor":4.0,"gold_loss":0.0,"damage_taken":0.0},{"damage_healed":0.0,"max_hp_gain":0.0,"max_hp_loss":0.0,"gold_gain":75.0,"event_name":"World of Goop","player_choice":"Gather Gold","floor":7.0,"gold_loss":0.0,"damage_taken":11.0},{"damage_healed":0.0,"max_hp_gain":0.0,"max_hp_loss":0.0,"gold_gain":0.0,"event_name":"The Library","player_choice":"Read","floor":19.0,"gold_loss":0.0,"damage_taken":0.0,"cards_obtained":["Gash"]},{"damage_healed":0.0,"max_hp_gain":0.0,"max_hp_loss":0.0,"gold_gain":0.0,"event_name":"Addict","player_choice":"Obtained Relic","floor":20.0,"gold_loss":85.0,"damage_taken":0.0,"relics_obtained":["Art of War"]},{"damage_healed":0.0,"max_hp_gain":0.0,"max_hp_loss":0.0,"gold_gain":75.0,"event_name":"FaceTrader","player_choice":"Touch","floor":30.0,"gold_loss":0.0,"damage_taken":7.0},{"damage_healed":0,"gold_gain":0,"player_choice":"Bought 3 Potions","damage_taken":0,"max_hp_gain":0,"max_hp_loss":0,"event_name":"The Woman in Blue","floor":48,"gold_loss":0}],"is_beta":false,"boss_relics":[{"not_picked":["SacredBark","Cursed Key"],"picked":"Fusion Hammer"},{"not_picked":["Calling Bell","Black Star"],"picked":"Tiny House"}],"items_purged_floors":[21,36],"is_endless":false,"potions_floor_spawned":[1,14,16,24,28,31,33,37,39,41,44],"ascension_level":0}}