{"host":"y2qjvfum100bh0ui","time":1610024192,"event":{"mods":["AchievementEnabler","BaseMod","Hermit","Marked Mod","Minty Spire (QoL Compilation)","StSLib","The Servant 0.9.4"],"gold_per_floor":[14,14,27,45,65,65,76,92,92,18,18,18,51,66,66,170,170,184,28,28,28,28,28,40,40,40,62,62,86,86,50,50,57,57],"floor_reached":33,"playtime":1219,"items_purged":[],"score":322,"play_id":"3faff343-aac4-4b41-8e21-906584cdcdb8","local_time":"20210107205632","is_ascension_mode":false,"campfire_choices":[{"data":"hermit:Ricochet","floor":6,"key":"SMITH"},{"data":"hermit:Covet","floor":11,"key":"SMITH"},{"data":"hermit:Scavenge","floor":15,"key":"SMITH"},{"data":"hermit:Feint","floor":23,"key":"SMITH"},{"data":"hermit:BigShot","floor":25,"key":"SMITH"},{"data":"hermit:FinalCanter","floor":28,"key":"SMITH"},{"data":"hermit:BodyArmor","floor":30,"key":"SMITH"},{"data":"hermit:ShadowCloak","floor":32,"key":"SMITH"}],"circlet_count":0,"master_deck":["hermit:Strike_Hermit+1","hermit:Strike_Hermit+1","hermit:Strike_Hermit+1","hermit:Strike_Hermit+1","hermit:Defend_Hermit+1","hermit:Defend_Hermit+1","hermit:Defend_Hermit+1","hermit:Defend_Hermit+1","hermit:Snapshot+1","hermit:Covet+1","hermit:Brawl","hermit:BodyArmor+1","hermit:Misfire","hermit:Ricochet+1","hermit:Midnight+1","hermit:BigShot+1","hermit:Scavenge+1","hermit:FinalCanter+1","hermit:Feint+1","hermit:Dive+1","hermit:Vantage","hermit:Deadeye","hermit:ShadowCloak+1"],"relics":["hermit:Momento","Ice Cream","Mercury Hourglass","Bronze Scales","Sozu","Nunchaku","Boot"],"acts_visited":["Exordium","TheCity"],"potions_floor_usage":[13,13,16,16,33],"damage_taken":[{"damage":10,"enemies":"Small Slimes","floor":1,"turns":3},{"damage":0,"enemies":"2 Louse","floor":3,"turns":3},{"damage":6,"enemies":"Jaw Worm","floor":4,"turns":3},{"damage":15,"enemies":"Exordium Thugs","floor":5,"turns":5},{"damage":8,"enemies":"Red Slaver","floor":7,"turns":2},{"damage":0,"enemies":"2 Fungi Beasts","floor":8,"turns":3},{"damage":0,"enemies":"Gremlin Nob","floor":13,"turns":2},{"damage":0,"enemies":"Gremlin Gang","floor":14,"turns":3},{"damage":0,"enemies":"Slime Boss","floor":16,"turns":5},{"damage":6,"enemies":"Chosen","floor":18,"turns":3},{"damage":10,"enemies":"2 Thieves","floor":24,"turns":4},{"damage":9,"enemies":"Shelled Parasite and Fungi","floor":27,"turns":4},{"damage":0,"enemies":"3 Cultists","floor":29,"turns":4},{"damage":72,"enemies":"Champ","floor":33,"turns":12}],"seed_played":"2528109713573049502","potions_obtained":[{"floor":3,"key":"LiquidMemories"},{"floor":4,"key":"hermit:BlackBile"},{"floor":13,"key":"hermit:BlackBile"},{"floor":14,"key":"Strength Potion"},{"floor":16,"key":"hermit:Tonic"}],"is_trial":false,"path_per_floor":["M","?","M","M","M","R","M","M","T","$","R","?","E","M","R","B",null,"M","$","?","?","?","R","M","R","T","M","R","M","R","$","R","B"],"character_chosen":"HERMIT","items_purchased":["hermit:BigShot","Nunchaku","hermit:ShadowCloak"],"campfire_rested":0,"item_purchase_floors":[10,19,31],"current_hp_per_floor":[65,65,65,59,44,44,36,36,36,36,36,21,21,21,21,21,75,69,69,69,69,69,69,59,59,59,50,50,50,50,50,50,0,0],"gold":57,"neow_bonus":"ONE_RARE_RELIC","is_daily":false,"chose_seed":false,"campfire_upgraded":8,"win_rate":0.0,"timestamp":1610024192,"path_taken":["M","?","M","M","M","R","M","M","T","$","R","?","E","M","R","BOSS","M","$","?","?","?","R","M","R","T","M","R","?","R","?","R","BOSS"],"items_purchased_type":["Card","Relic","Card"],"build_version":"2020-12-22","purchased_purges":0,"victory":false,"max_hp_per_floor":[75,75,75,75,75,75,75,75,75,75,75,75,75,75,75,75,75,75,75,75,75,75,75,75,75,75,75,75,75,75,75,75,75,75],"card_choices":[{"not_picked":["hermit:Headshot","hermit:TrackingShot"],"picked":"hermit:Brawl","floor":1},{"not_picked":["hermit:TakeAim","hermit:Roulette"],"picked":"hermit:BodyArmor","floor":3},{"not_picked":["hermit:Glare","hermit:Roulette"],"picked":"hermit:Misfire","floor":4},{"not_picked":["hermit:BigShot","hermit:EyeOfTheStorm"],"picked":"hermit:Ricochet","floor":5},{"not_picked":["hermit:GhostlyPresence","hermit:Roulette"],"picked":"hermit:Midnight","floor":7},{"not_picked":["hermit:HighCaliber","hermit:Manifest","hermit:Glare"],"picked":"SKIP","floor":8},{"not_picked":["hermit:Quickdraw","hermit:Manifest","hermit:TrackingShot"],"picked":"SKIP","floor":13},{"not_picked":["hermit:Combo","hermit:Brawl"],"picked":"hermit:Scavenge","floor":14},{"not_picked":["hermit:FatalDesire","hermit:Adapt"],"picked":"hermit:FinalCanter","floor":16},{"not_picked":["hermit:HoleUp","hermit:CalledShot"],"picked":"hermit:Feint","floor":18},{"not_picked":["hermit:Ricochet","hermit:LowProfile"],"picked":"hermit:Dive+1","floor":24},{"not_picked":["hermit:HighCaliber","hermit:BodyArmor+1"],"picked":"hermit:Vantage","floor":27},{"not_picked":["hermit:Combo","hermit:Snipe+1"],"picked":"hermit:Deadeye","floor":29}],"player_experience":16568,"relics_obtained":[{"floor":9,"key":"Mercury Hourglass"},{"floor":13,"key":"Bronze Scales"},{"floor":26,"key":"Boot"}],"event_choices":[{"damage_healed":0,"gold_gain":0,"player_choice":"Grow","damage_taken":0,"max_hp_gain":0,"max_hp_loss":0,"event_name":"Living Wall","floor":2,"gold_loss":0,"cards_upgraded":["hermit:Snapshot"]},{"damage_healed":0,"gold_gain":0,"player_choice":"Entered Light","damage_taken":15,"max_hp_gain":0,"max_hp_loss":0,"event_name":"Shining Light","floor":12,"gold_loss":0,"cards_upgraded":["hermit:Midnight","hermit:Strike_Hermit"]},{"damage_healed":0,"gold_gain":0,"player_choice":"Simplicity","damage_taken":0,"max_hp_gain":0,"max_hp_loss":0,"event_name":"Back to Basics","floor":20,"gold_loss":0,"cards_upgraded":["hermit:Strike_Hermit","hermit:Strike_Hermit","hermit:Strike_Hermit","hermit:Defend_Hermit","hermit:Defend_Hermit","hermit:Defend_Hermit","hermit:Defend_Hermit"]},{"damage_healed":0,"gold_gain":0,"player_choice":"Ignored","damage_taken":0,"max_hp_gain":0,"max_hp_loss":0,"event_name":"Vampires","floor":21,"gold_loss":0},{"damage_healed":0,"gold_gain":0,"player_choice":"0 cards matched","damage_taken":0,"max_hp_gain":0,"max_hp_loss":0,"event_name":"Match and Keep!","floor":22,"gold_loss":0,"cards_obtained":[]}],"is_beta":false,"boss_relics":[{"not_picked":["Runic Dome","Velvet Choker"],"picked":"Sozu"}],"items_purged_floors":[],"is_endless":false,"potions_floor_spawned":[3,4,13,14,16,18,27],"killed_by":"Champ","ascension_level":0}}