{"host":"y700iwblsz7zzm3e","time":1610059456,"event":{"mods":["BaseMod","Card Forge","Colored Map","Minty Spire (QoL Compilation)","StSLib"],"gold_per_floor":[113,113,113,113,126,165,165,198,198,242,24,24,44,75,75,200,200,214,245,205,225,239,283,283,314,314,347,347,327,345,378,378,506,506,526,547,547,547,571,571,220,220,220,256,256,280,354,377,377,377,377,377,24,59,59,59],"floor_reached":55,"playtime":5643,"items_purged":[],"score":954,"play_id":"be781e6f-0b29-4583-98ad-67b62eae4a7c","local_time":"20210107224416","daily_mods":["Draft","Diverse","Heirloom","Time Dilation","Elite Swarm"],"is_ascension_mode":false,"campfire_choices":[{"data":"Judgement","floor":7.0,"key":"SMITH"},{"data":"Echo Form","floor":15.0,"key":"SMITH"},{"data":"Corpse Explosion","floor":24.0,"key":"SMITH"},{"data":"DeusExMachina","floor":28.0,"key":"SMITH"},{"data":"ThirdEye","floor":32.0,"key":"SMITH"},{"floor":40.0,"key":"RECALL"},{"data":"After Image","floor":42.0,"key":"SMITH"},{"data":"Wish","floor":45,"key":"SMITH"},{"data":"ClearTheMind","floor":49,"key":"SMITH"},{"data":"Prostrate","floor":52,"key":"SMITH"}],"circlet_count":0,"master_deck":["Bloodletting","Stack","ThirdEye+1","Deadly Poison","Dagger Throw","Cold Snap","Thunderclap","Pommel Strike","Bane","Worship","Backflip+1","Tantrum","LikeWater","Prepared","Whirlwind","Dropkick+1","Prostrate","Judgement+1","After Image+1","Echo Form+1","Endless Agony","Dodge and Roll","A Thousand Cuts","DeusExMachina+1","ClearTheMind+1","Flame Barrier","Turbo","Prostrate+1","Corpse Explosion+1","Core Surge","DeusExMachina+1","Deflect","CurseOfTheBell","Poisoned Stab","Deflect+1","Wish+1","Venomology","Seeing Red+1","TalkToTheHand","Burst"],"relics":["Burning Blood","Gambling Chip","Golden Idol","Bottled Lightning","Red Skull","Bronze Scales","The Courier","Anchor","Ancient Tea Set","Runic Pyramid","Red Mask","FossilizedHelix","Magic Flower","Bird Faced Urn","Matryoshka","Turnip","Calling Bell","Potion Belt","Mummified Hand","Calipers","ClockworkSouvenir","Singing Bowl","Letter Opener","Pear","StoneCalendar","Sundial","Oddly Smooth Stone","Toy Ornithopter"],"acts_visited":["TheEnding"],"potions_floor_usage":[50,50,55,55,55,55],"damage_taken":[{"damage":0.0,"enemies":"2 Louse","floor":1.0,"turns":1.0},{"damage":0.0,"enemies":"Small Slimes","floor":5.0,"turns":2.0},{"damage":15.0,"enemies":"3 Sentries","floor":6.0,"turns":6.0},{"damage":4.0,"enemies":"Gremlin Nob","floor":8.0,"turns":3.0},{"damage":3.0,"enemies":"Lagavulin","floor":10.0,"turns":5.0},{"damage":0.0,"enemies":"Jaw Worm","floor":13.0,"turns":1.0},{"damage":18.0,"enemies":"Gremlin Nob","floor":14.0,"turns":5.0},{"damage":42.0,"enemies":"Hexaghost","floor":16.0,"turns":4.0},{"damage":3.0,"enemies":"2 Thieves","floor":18.0,"turns":3.0},{"damage":3.0,"enemies":"Masked Bandits","floor":19.0,"turns":4.0},{"damage":0.0,"enemies":"Shell Parasite","floor":21.0,"turns":5.0},{"damage":0.0,"enemies":"Snecko","floor":22.0,"turns":4.0},{"damage":0.0,"enemies":"Slavers","floor":23.0,"turns":5.0},{"damage":3.0,"enemies":"Gremlin Leader","floor":25.0,"turns":6.0},{"damage":2.0,"enemies":"Slavers","floor":27.0,"turns":4.0},{"damage":0.0,"enemies":"Sentry and Sphere","floor":30.0,"turns":3.0},{"damage":5.0,"enemies":"Gremlin Leader","floor":31.0,"turns":8.0},{"damage":20.0,"enemies":"Champ","floor":33.0,"turns":7.0},{"damage":0.0,"enemies":"Orb Walker","floor":35.0,"turns":3.0},{"damage":0.0,"enemies":"3 Darklings","floor":36.0,"turns":1.0},{"damage":0.0,"enemies":"Maw","floor":39.0,"turns":8.0},{"damage":13.0,"enemies":"Reptomancer","floor":44.0,"turns":6.0},{"damage":3,"enemies":"Transient","floor":46,"turns":5},{"damage":6,"enemies":"Giant Head","floor":47,"turns":8},{"damage":23,"enemies":"Spire Growth","floor":48,"turns":5},{"damage":49,"enemies":"Donu and Deca","floor":50,"turns":7},{"damage":82,"enemies":"Shield and Spear","floor":54,"turns":5},{"damage":77,"enemies":"The Heart","floor":55,"turns":3}],"seed_played":"4414179739814697535","potions_obtained":[{"floor":5.0,"key":"AttackPotion"},{"floor":6.0,"key":"FearPotion"},{"floor":16.0,"key":"LiquidBronze"},{"floor":29.0,"key":"DistilledChaos"},{"floor":31.0,"key":"Energy Potion"},{"floor":36.0,"key":"FearPotion"},{"floor":46,"key":"Regen Potion"},{"floor":54,"key":"SmokeBomb"}],"is_trial":true,"path_per_floor":["M","?","?","?","M","E","R","E","T","E","$","?","M","E","R","B",null,"M","?","?","M","M","E","R","E","T","E","R","?","M","E","R","B",null,"M","M","?","?","M","R","$","R","T","E","R","M","E","M","R","B",null,"R","$","E","B"],"character_chosen":"IRONCLAD","items_purchased":["Anchor","Endless Agony","ColorlessPotion","ClockworkSouvenir","Singing Bowl","Block Potion","TalkToTheHand","Sundial","Oddly Smooth Stone"],"campfire_rested":0,"item_purchase_floors":[11,11,11,41,41,41,53,53,53],"current_hp_per_floor":[80,64,64,64,70,61,61,63,63,66,66,71,77,65,65,29,79,79,79,79,79,79,79,79,79,79,79,79,79,79,79,79,68,79,79,79,75,75,75,75,75,75,75,84,84,87,87,73,73,45,87,87,87,20,0,0],"gold":59,"neow_bonus":"","is_daily":false,"chose_seed":false,"campfire_upgraded":9,"win_rate":0.0,"timestamp":1610059456,"path_taken":["M","?","?","?","M","E","R","E","T","E","$","?","?","E","R","BOSS","M","?","?","M","?","E","R","E","T","E","R","?","M","E","R","BOSS","M","M","?","?","M","R","$","R","T","E","R","M","E","?","R","BOSS","R","$","E","BOSS"],"items_purchased_type":["Relic","Card","Potion","Relic","Relic","Potion","Card","Relic","Relic"],"build_version":"2020-12-22","purchased_purges":0,"victory":false,"max_hp_per_floor":[80,80,74,74,74,74,74,74,74,74,74,79,79,79,79,79,79,79,79,79,79,79,79,79,79,79,79,79,79,79,79,79,79,79,79,79,75,75,75,75,75,75,75,85,85,87,87,87,87,87,87,87,87,87,87,87],"card_choices":[{"not_picked":["SashWhip","Skewer"],"picked":"Bloodletting","floor":0.0},{"not_picked":["Wallop","Study"],"picked":"Stack","floor":0.0},{"not_picked":["Cloak And Dagger","Nirvana"],"picked":"ThirdEye","floor":0.0},{"not_picked":["ThirdEye","Hologram"],"picked":"Deadly Poison","floor":0.0},{"not_picked":["Auto Shields","Armaments"],"picked":"Dagger Throw","floor":0.0},{"not_picked":["Tempest","Wireheading"],"picked":"Cold Snap","floor":0.0},{"not_picked":["Evaluate","Masterful Stab"],"picked":"Thunderclap","floor":0.0},{"not_picked":["Armaments","Halt"],"picked":"Pommel Strike","floor":0.0},{"not_picked":["Clash","Warcry"],"picked":"Bane","floor":0.0},{"not_picked":["Searing Blow","Dagger Throw"],"picked":"Worship","floor":0.0},{"not_picked":["Gash","Aggregate"],"picked":"Backflip","floor":0.0},{"not_picked":["Body Slam","Havoc"],"picked":"Tantrum","floor":0.0},{"not_picked":["Beam Cell","Force Field"],"picked":"LikeWater","floor":0.0},{"not_picked":["Compile Driver","Outmaneuver"],"picked":"Prepared","floor":0.0},{"not_picked":["Protect","Reinforced Body"],"picked":"Whirlwind","floor":0.0},{"not_picked":["Go for the Eyes","Protect"],"picked":"Dropkick","floor":1.0},{"not_picked":["Cold Snap","Searing Blow"],"picked":"Prostrate","floor":5.0},{"not_picked":["Creative AI","After Image"],"picked":"Judgement","floor":6.0},{"not_picked":["Establishment","Rainbow"],"picked":"After Image","floor":8.0},{"not_picked":["Rainbow","Wraith Form v2"],"picked":"Echo Form","floor":10.0},{"not_picked":["Scrape","WindmillStrike"],"picked":"Dodge and Roll","floor":13.0},{"not_picked":["Limit Break","Amplify"],"picked":"A Thousand Cuts","floor":14.0},{"not_picked":["Immolate","Bullet Time"],"picked":"DeusExMachina","floor":16.0},{"not_picked":["FollowUp","Rampage"],"picked":"ClearTheMind","floor":18.0},{"not_picked":["Fasting2+1","Perseverance"],"picked":"Flame Barrier","floor":19.0},{"not_picked":["Vengeance","Go for the Eyes"],"picked":"Turbo","floor":21.0},{"not_picked":["Reinforced Body+1","EmptyMind"],"picked":"Prostrate","floor":22.0},{"not_picked":["All For One","Machine Learning"],"picked":"Corpse Explosion","floor":23.0},{"not_picked":["Multi-Cast","Bludgeon"],"picked":"Core Surge","floor":25.0},{"not_picked":["Scrawl","Double Tap"],"picked":"DeusExMachina","floor":27.0},{"not_picked":["BowlingBash+1","Streamline"],"picked":"Deflect","floor":30.0},{"not_picked":["Reaper","Tools of the Trade","Night Terror"],"picked":"SKIP","floor":31.0},{"not_picked":["Reinforced Body+1","Armaments","Dagger Throw"],"picked":"SKIP","floor":35.0},{"not_picked":["Swivel","Redo"],"picked":"Poisoned Stab","floor":36.0},{"not_picked":["Armaments","Halt"],"picked":"Deflect+1","floor":39.0},{"not_picked":["Seek","Double Tap"],"picked":"Wish","floor":44},{"not_picked":["CrushJoints+1","SashWhip","Flying Knee"],"picked":"Singing Bowl","floor":46},{"not_picked":["Establishment","Blasphemy"],"picked":"Venomology","floor":47},{"not_picked":["Accuracy+1","Sword Boomerang+1"],"picked":"Seeing Red+1","floor":48},{"not_picked":["Fission","Juggernaut"],"picked":"Burst","floor":54}],"player_experience":409390,"relics_obtained":[{"floor":6.0,"key":"Bottled Lightning"},{"floor":8.0,"key":"Red Skull"},{"floor":9.0,"key":"Bronze Scales"},{"floor":10.0,"key":"The Courier"},{"floor":14.0,"key":"Ancient Tea Set"},{"floor":19.0,"key":"Red Mask"},{"floor":23.0,"key":"FossilizedHelix"},{"floor":25.0,"key":"Magic Flower"},{"floor":26.0,"key":"Bird Faced Urn"},{"floor":27.0,"key":"Matryoshka"},{"floor":31.0,"key":"Turnip"},{"floor":34.0,"key":"Potion Belt"},{"floor":34.0,"key":"Mummified Hand"},{"floor":34.0,"key":"Calipers"},{"floor":43.0,"key":"Letter Opener"},{"floor":44,"key":"Pear"},{"floor":47,"key":"StoneCalendar"},{"floor":54,"key":"Toy Ornithopter"}],"event_choices":[{"damage_healed":0.0,"max_hp_gain":0.0,"max_hp_loss":0.0,"gold_gain":0.0,"event_name":"Shining Light","player_choice":"Entered Light","floor":2.0,"gold_loss":0.0,"damage_taken":16.0,"cards_upgraded":["Dropkick","Backflip"]},{"damage_healed":0.0,"max_hp_gain":0.0,"max_hp_loss":6.0,"gold_gain":0.0,"event_name":"Golden Idol","player_choice":"Lose Max HP","floor":3.0,"gold_loss":0.0,"damage_taken":0.0,"relics_obtained":["Golden Idol"]},{"damage_healed":0.0,"max_hp_gain":0.0,"max_hp_loss":0.0,"gold_gain":0.0,"event_name":"Liars Game","player_choice":"Ignored","floor":4.0,"gold_loss":0.0,"damage_taken":0.0},{"damage_healed":0.0,"max_hp_gain":5.0,"max_hp_loss":0.0,"gold_gain":0.0,"event_name":"Big Fish","player_choice":"Donut","floor":12.0,"gold_loss":0.0,"damage_taken":0.0},{"damage_healed":0.0,"max_hp_gain":0.0,"max_hp_loss":0.0,"gold_gain":0.0,"event_name":"Masked Bandits","player_choice":"Fought Bandits","floor":19.0,"gold_loss":0.0,"damage_taken":0.0},{"damage_healed":0.0,"max_hp_gain":0.0,"max_hp_loss":0.0,"gold_gain":0.0,"event_name":"Designer","player_choice":"Upgrade","floor":20.0,"gold_loss":40.0,"damage_taken":0.0,"cards_upgraded":["DeusExMachina"]},{"damage_healed":0.0,"max_hp_gain":0.0,"max_hp_loss":0.0,"gold_gain":0.0,"event_name":"The Woman in Blue","player_choice":"Bought 1 Potion","floor":29.0,"gold_loss":0.0,"damage_taken":0.0},{"damage_healed":0.0,"max_hp_gain":0.0,"max_hp_loss":4.0,"gold_gain":0.0,"event_name":"Winding Halls","player_choice":"Max HP","floor":37.0,"gold_loss":0.0,"damage_taken":0.0},{"damage_healed":0.0,"max_hp_gain":0.0,"max_hp_loss":0.0,"gold_gain":0.0,"event_name":"Duplicator","player_choice":"Ignored","floor":38.0,"gold_loss":0.0,"damage_taken":0.0}],"is_beta":false,"boss_relics":[{"not_picked":["Runic Dome","Coffee Dripper"],"picked":"Runic Pyramid"},{"not_picked":["Black Star","Cursed Key"],"picked":"Calling Bell"}],"items_purged_floors":[],"is_endless":false,"potions_floor_spawned":[5,6,16,18,21,25,31,36,46,48,54],"killed_by":"The Heart","ascension_level":0}}