{"host":"i9h64q9gphvrup4n","time":1610054742,"event":{"mods":["2.2 Compatiblity","AchievementEnabler","Aspiration","Astrologer","Bard","BaseMod","Beaked The Cultist","BetterRewards","Colored Powertips","Conspire","Downfall","Gremlin Mod","Hermit","Hubris","Infinite Spire","Jorbs\u0027s Wanderer Trilogy","Minty Spire (QoL Compilation)","Replay The Spire","Shop Mod","StSLib","SuperFastMode","The Blackbeard","The Bladedancer","The Bug Knight","The Construct","The Cursed","The Disciple","The Hierophant","The Jungle","The Necromancer","The Runesmith","The Wild Card","slay the spire mod where everything is the same but ironclad has a cowboy hat","vexMod"],"gold_per_floor":[12,28,28,48,62,62,80,105,130,130,471,471,421,450,450,566,566,590,590,613,613,649,692,722,728,728],"floor_reached":25,"playtime":981,"items_purged":[],"score":235,"play_id":"58c41fa1-aa6d-4045-97d4-2a9152cef949","local_time":"20210107152542","is_ascension_mode":false,"campfire_choices":[{"floor":6,"key":"REST"},{"floor":10,"key":"RECALL"},{"floor":12,"key":"REST"},{"floor":15,"key":"REST"}],"circlet_count":0,"master_deck":["construct:Strike_Gold","construct:Strike_Gold","construct:Strike_Gold","construct:Strike_Gold","construct:Strike_Gold","construct:Defend_Gold","construct:Defend_Gold","construct:Defend_Gold","construct:Defend_Gold","construct:AttackMode","construct:DefenseMode","construct:Autoturret","construct:LaserCore","construct:Boost","construct:ShiftStrike+1","construct:CripplingShot","construct:FierceBash","construct:GuardCore","construct:BatteryAcid","construct:SiegeForm","construct:Autoturret","construct:Hazardproof","infinitespire:Gouge","infinitespire:FutureSight","ReplayTheSpireMod:Echoes of Time","construct:LaserCore+1","construct:Failsafe","construct:ScopeCore"],"relics":["construct:Cogwheel","Ice Cream","The Courier","Replay:Bandana","Old Coin","Fusion Hammer","aspiration:PoetsPen_weak","Replay:Multitool","hubris:Reverence"],"acts_visited":["Exordium","TheCity"],"potions_floor_usage":[7,16,16,22,24,24],"damage_taken":[{"damage":21,"enemies":"infinitespire:Voidling","floor":1,"turns":4},{"damage":4,"enemies":"Cultist","floor":2,"turns":4},{"damage":11,"enemies":"2 Louse","floor":4,"turns":3},{"damage":13,"enemies":"conspire:2 RoseBushes","floor":5,"turns":6},{"damage":5,"enemies":"Gremlin Gang","floor":7,"turns":4},{"damage":2,"enemies":"HollowMod:MossKnight","floor":8,"turns":6},{"damage":27,"enemies":"Lagavulin","floor":11,"turns":5},{"damage":10,"enemies":"Large Slime","floor":14,"turns":5},{"damage":46,"enemies":"Hexaghost","floor":16,"turns":7},{"damage":18,"enemies":"3 Byrds","floor":18,"turns":6},{"damage":42,"enemies":"Snake Plant","floor":20,"turns":4},{"damage":7,"enemies":"Centurion and Healer","floor":22,"turns":4},{"damage":10,"enemies":"conspire:Head Lice","floor":23,"turns":5},{"damage":2,"enemies":"Chosen and Byrds","floor":24,"turns":4},{"damage":11,"enemies":"Snake Plant","floor":25,"turns":2}],"seed_played":"-5033690783286706427","potions_obtained":[{"floor":2,"key":"Energy Potion"},{"floor":4,"key":"LiquidBronze"},{"floor":14,"key":"SkillPotion"},{"floor":20,"key":"SkillPotion"},{"floor":22,"key":"Block Potion"},{"floor":23,"key":"BlessingOfTheForge"}],"is_trial":false,"path_per_floor":["M","M","?","M","M","R","M","E","T","R","E","R","?","M","R","B",null,"M","?","M","AVR","M","E","M","M"],"character_chosen":"THE_CONSTRUCT_MOD","items_purchased":[],"campfire_rested":3,"item_purchase_floors":[],"current_hp_per_floor":[68,64,73,62,49,74,69,67,67,67,40,65,65,55,80,34,85,67,67,25,25,18,8,6,0,0],"gold":728,"neow_bonus":"ONE_RARE_RELIC","is_daily":false,"chose_seed":false,"campfire_upgraded":0,"win_rate":0.0,"timestamp":1610054742,"path_taken":["M","?","?","M","M","R","M","E","T","R","E","R","?","M","R","BOSS","M","?","M","AVR","M","E","M","?"],"items_purchased_type":[],"build_version":"2020-12-22","purchased_purges":0,"victory":false,"max_hp_per_floor":[85,85,85,85,85,85,85,85,85,85,85,85,85,85,85,85,85,85,85,85,85,85,85,85,85,85],"card_choices":[{"not_picked":["construct:Versatility","construct:FlameCore"],"picked":"construct:Autoturret","floor":1},{"not_picked":["construct:Chainstrike","construct:HeavyBolt"],"picked":"construct:LaserCore","floor":2},{"not_picked":["construct:Accumulate","construct:OneWayMirror"],"picked":"construct:Boost","floor":4},{"not_picked":["construct:Reserves","construct:Missile"],"picked":"construct:ShiftStrike","floor":5},{"not_picked":["construct:LaserCore","construct:Analyze"],"picked":"construct:CripplingShot","floor":7},{"not_picked":["construct:HastyRepair","construct:VentSteam"],"picked":"construct:FierceBash","floor":8},{"not_picked":["construct:Dampening","construct:Overcharge"],"picked":"construct:GuardCore","floor":11},{"not_picked":["construct:SaveState","construct:ScrapCannon"],"picked":"construct:BatteryAcid","floor":14},{"not_picked":["construct:SpinDrive","construct:GatlingGun"],"picked":"construct:SiegeForm","floor":16},{"not_picked":["construct:Analyze+1","construct:Missile"],"picked":"construct:Autoturret","floor":18},{"not_picked":["construct:HeavyBolt+1","construct:Backfire"],"picked":"construct:Hazardproof","floor":20},{"not_picked":["construct:ModeShift","construct:SuppressiveFire"],"picked":"construct:LaserCore+1","floor":22},{"not_picked":["construct:Analyze","construct:ElectricArmor"],"picked":"construct:Failsafe","floor":23},{"not_picked":["construct:FierceBash","construct:Reinforce+1"],"picked":"construct:ScopeCore","floor":24}],"player_experience":686276,"relics_obtained":[{"floor":8,"key":"The Courier"},{"floor":9,"key":"Replay:Bandana"},{"floor":11,"key":"Old Coin"},{"floor":23,"key":"hubris:Reverence"}],"event_choices":[{"cards_removed":["construct:Defend_Gold"],"damage_healed":0,"gold_gain":0,"player_choice":"Card Removal","damage_taken":0,"max_hp_gain":0,"max_hp_loss":0,"event_name":"The Cleric","floor":13,"gold_loss":50},{"damage_healed":0,"gold_gain":0,"player_choice":"Forge","damage_taken":0,"max_hp_gain":0,"max_hp_loss":0,"event_name":"Accursed Blacksmith","floor":19,"gold_loss":0,"cards_upgraded":["construct:ShiftStrike"]}],"is_beta":false,"boss_relics":[{"not_picked":["aspiration:MobileForge","Pandora\u0027s Box"],"picked":"Fusion Hammer"}],"items_purged_floors":[],"is_endless":false,"potions_floor_spawned":[2,4,14,20,22,23],"killed_by":"Snake Plant","ascension_level":0}}