{"host":"dw8ij7emqco3quom","time":1610052601,"event":{"mods":["BaseMod","Minty Spire (QoL Compilation)"],"gold_per_floor":[109,109,124,124,124,153,153,185,210,221,65,77,77,91,91,91,91],"floor_reached":16,"playtime":747,"items_purged":[],"score":192,"play_id":"8035152a-d06f-4d7d-8bce-c39f9c608151","local_time":"20210107215001","is_ascension_mode":true,"campfire_choices":[{"floor":7,"key":"REST"},{"floor":15,"key":"REST"}],"circlet_count":0,"master_deck":["Strike_B","Strike_B+1","Strike_B+1","Defend_B","Defend_B","Defend_B","Defend_B","Zap","Dualcast","Turbo","Doom and Gloom","Fusion","Rebound","Redo","Redo","Genetic Algorithm"],"relics":["Cracked Core","Unceasing Top","Calipers","Strawberry","Whetstone","Medical Kit","Vajra"],"acts_visited":["Exordium"],"potions_floor_usage":[12,14],"damage_taken":[{"damage":9,"enemies":"Jaw Worm","floor":1,"turns":3},{"damage":1,"enemies":"Small Slimes","floor":3,"turns":2},{"damage":25,"enemies":"Lagavulin","floor":6,"turns":6},{"damage":24,"enemies":"Gremlin Nob","floor":8,"turns":4},{"damage":0,"enemies":"2 Louse","floor":10,"turns":2},{"damage":6,"enemies":"Exordium Wildlife","floor":12,"turns":3},{"damage":0,"enemies":"Large Slime","floor":14,"turns":4},{"damage":48,"enemies":"Slime Boss","floor":16,"turns":8}],"seed_played":"4002782655910512250","potions_obtained":[{"floor":10,"key":"EssenceOfSteel"},{"floor":12,"key":"ColorlessPotion"}],"is_trial":false,"path_per_floor":["M","?","M","T","?","E","R","E","T","M","$","M","T","M","R","B"],"character_chosen":"DEFECT","items_purchased":["Medical Kit"],"campfire_rested":2,"item_purchase_floors":[11],"current_hp_per_floor":[66,48,47,47,47,29,53,29,29,29,29,23,23,23,47,0,0],"gold":91,"neow_bonus":"TRANSFORM_CARD","is_daily":false,"chose_seed":false,"campfire_upgraded":0,"win_rate":0.0,"timestamp":1610052601,"path_taken":["M","?","M","?","?","E","R","E","T","M","$","M","?","?","R","BOSS"],"items_purchased_type":["Relic"],"build_version":"2020-12-22","purchased_purges":0,"victory":false,"max_hp_per_floor":[75,75,75,75,75,82,82,82,82,82,82,82,82,82,82,82,82],"card_choices":[{"not_picked":["Stack","Hologram"],"picked":"Doom and Gloom","floor":1},{"not_picked":["Rebound","Ball Lightning"],"picked":"Fusion","floor":3},{"not_picked":["Beam Cell","Steam Power"],"picked":"Rebound","floor":6},{"not_picked":["Double Energy","Thunder Strike","Turbo"],"picked":"SKIP","floor":8},{"not_picked":["Blizzard","Beam Cell"],"picked":"Redo","floor":10},{"not_picked":["Streamline","Barrage"],"picked":"Redo","floor":12},{"not_picked":["Stack","Static Discharge"],"picked":"Genetic Algorithm","floor":14}],"player_experience":619697,"relics_obtained":[{"floor":4,"key":"Calipers"},{"floor":6,"key":"Strawberry"},{"floor":8,"key":"Whetstone"},{"floor":13,"key":"Vajra"}],"event_choices":[{"damage_healed":0,"gold_gain":0,"player_choice":"Success","damage_taken":18,"relics_obtained":["Unceasing Top"],"max_hp_gain":0,"max_hp_loss":0,"event_name":"Scrap Ooze","floor":2,"gold_loss":0},{"damage_healed":0,"gold_gain":0,"player_choice":"Ignored","damage_taken":0,"max_hp_gain":0,"max_hp_loss":0,"event_name":"Shining Light","floor":5,"gold_loss":0}],"is_beta":false,"boss_relics":[],"items_purged_floors":[],"is_endless":false,"potions_floor_spawned":[10,12],"killed_by":"Slime Boss","ascension_level":4}}