{"host":"x92orqe4der2wm1o","time":1610042668,"event":{"mods":["2.2 Compatiblity","Astrologer","BaseMod","Beaked The Cultist","BetterRewards","Challenge The Spire","Downfall","GifTheSpireLib","Hermit","Infinite Spire","Minty Spire (QoL Compilation)","Relic Stats","Replay The Spire","Shade Mod","Shop Mod","StSLib","everything is the same but u backflip on backflip","slay the spire mod where everything is the same but ironclad has a cowboy hat","vexMod"],"gold_per_floor":[99,99,99,24,41,41,41,41,56,75,88,107,107,121,138,138,138,138],"floor_reached":16,"playtime":622,"items_purged":["champ:Strike"],"score":94,"play_id":"f8572cd6-7550-46ec-940a-bd506a939494","local_time":"20210107120428","is_ascension_mode":false,"campfire_choices":[{"data":"champ:Taunt","floor":1,"key":"SMITH"},{"data":"champ:RapidStrikes","floor":8,"key":"SMITH"}],"circlet_count":0,"master_deck":["champ:Strike","champ:Strike","champ:Strike","champ:Defend","champ:Defend","champ:Defend","champ:Defend","champ:Execute","champ:Taunt+1","champ:RapidStrikes+1","champ:RecklessLeap","champ:GladiatorsShout","champ:FocusedGladiator","Pain","champ:FlashCut","champ:StanceDance","champ:BladeFlurry","champ:RisingSlash","champ:Haymaker"],"relics":["champ:ChampionCrown","downfall:HeartsMalice","WarpedTongs","Bronze Scales"],"acts_visited":["Exordium"],"potions_floor_usage":[16,16,16,16,16,16],"damage_taken":[{"damage":0,"enemies":"Small Slimes","floor":2,"turns":1},{"damage":0,"enemies":"Cultist","floor":3,"turns":1},{"damage":0,"enemies":"downfall:FleeingMerchant","floor":4,"turns":1},{"damage":15,"enemies":"2 Louse","floor":5,"turns":1},{"damage":40,"enemies":"Lots of Slimes","floor":9,"turns":4},{"damage":26,"enemies":"Exordium Wildlife","floor":10,"turns":3},{"damage":23,"enemies":"Large Slime","floor":11,"turns":5},{"damage":12,"enemies":"Red Slaver","floor":12,"turns":5},{"damage":27,"enemies":"Exordium Wildlife","floor":14,"turns":2},{"damage":23,"enemies":"Lots of Slimes","floor":15,"turns":4},{"damage":44,"enemies":"downfall:Defect","floor":16,"turns":4}],"seed_played":"-7444532806711135301","potions_obtained":[{"floor":5,"key":"EntropicBrew"},{"floor":10,"key":"FearPotion"},{"floor":14,"key":"Strength Potion"},{"floor":15,"key":"SkillPotion"}],"is_trial":false,"path_per_floor":["R","M","M","$","M","?","T","R","M","M","M","M","?","M","M","B"],"character_chosen":"THE_CHAMP","items_purchased":[],"campfire_rested":0,"item_purchase_floors":[],"current_hp_per_floor":[90,90,90,90,90,90,90,90,70,64,61,49,58,51,33,0,0,0],"gold":138,"neow_bonus":"THREE_ENEMY_KILL","is_daily":false,"chose_seed":false,"campfire_upgraded":2,"win_rate":0.0,"timestamp":1610042668,"path_taken":["R","M","M","$","M","?","T","R","M","?","M","M","?","M","M","BOSS"],"items_purchased_type":[],"build_version":"2020-12-22","purchased_purges":1,"victory":false,"max_hp_per_floor":[90,90,90,90,90,90,90,90,90,90,90,90,90,90,90,90,90,90],"relic_stats":{"counters":[11,28],"Bronze Scales":[54],"obtain_stats":[{"Bronze Scales":7,"champ:ChampionCrown":0,"downfall:HeartsMalice":0,"WarpedTongs":6},{"Bronze Scales":4,"champ:ChampionCrown":0,"downfall:HeartsMalice":0,"WarpedTongs":4},{"Bronze Scales":1,"champ:ChampionCrown":0,"downfall:HeartsMalice":0,"WarpedTongs":1}],"WarpedTongs":[27]},"card_choices":[{"not_picked":["champ:TornadoPunch","champ:FocusedDefense"],"picked":"champ:RapidStrikes","floor":2},{"not_picked":["champ:Backstep","champ:Circumvent"],"picked":"champ:RecklessLeap","floor":3},{"not_picked":["champ:RecklessLeap","champ:EnragedBash"],"picked":"champ:GladiatorsShout","floor":4},{"not_picked":["champ:AdrenalArmor","champ:StanceDance"],"picked":"champ:FocusedGladiator","floor":5},{"not_picked":["champ:RecklessLeap","champ:CrookedStrike"],"picked":"champ:FlashCut","floor":9},{"not_picked":["champ:HeavySlash","champ:AdrenalArmor"],"picked":"champ:StanceDance","floor":10},{"not_picked":["champ:TornadoPunch","champ:FocusedBerserking","champ:BringItOn"],"picked":"SKIP","floor":11},{"not_picked":["champ:HeartStrike","champ:FocusedBerserking"],"picked":"champ:BladeFlurry","floor":12},{"not_picked":["champ:DefensiveStyle","champ:PerfectedStrike"],"picked":"champ:RisingSlash","floor":14},{"not_picked":["champ:Shatter","champ:GladiatorsShout"],"picked":"champ:Haymaker","floor":15}],"player_experience":409184,"relics_obtained":[{"floor":7,"key":"Bronze Scales"}],"event_choices":[{"damage_healed":0,"gold_gain":0,"player_choice":"Rummage","damage_taken":0,"relics_obtained":["WarpedTongs"],"max_hp_gain":0,"max_hp_loss":0,"event_name":"Accursed Blacksmith","floor":6,"gold_loss":0,"cards_obtained":["Pain"]}],"is_beta":false,"boss_relics":[],"items_purged_floors":[4],"is_endless":false,"potions_floor_spawned":[5,10,14,15],"killed_by":"downfall:Defect","ascension_level":0}}