{"host":"3twtdwjpiqhvvn5s","time":1610054529,"event":{"mods":["AchievementEnabler","Act Like it!","BaseMod","BetterRewards","Colored Map","Colored Powertips","Downfall","Duelist Mod","Friendly Minions","GifTheSpireLib","Hallownest","Hermit","Hubris","Infinite Spire","Jorbs\u0027s Wanderer Trilogy","Koishi","KomeijiMod","Marisa????????","Minty Spire (QoL Compilation)","Random Character Mod","Rare Cards Sparkle","Replay The Spire","Shop Mod","StSLib","Td1madao Mod","The Administrix","The Animator","The Bug Knight","The Caster","The Cursed","The Disciple","The Hierophant","The Necromancer","The Poker Player","The Runesmith","The Servant 0.9.4","TheFirefly"],"gold_per_floor":[116,129,89,109,125,125,125],"floor_reached":6,"playtime":2639,"items_purged":[],"score":38,"play_id":"145f3784-fd44-4a86-86ca-8018177c5d15","local_time":"20210107152209","daily_mods":["downfall:WorldOfGoo"],"is_ascension_mode":false,"campfire_choices":[],"circlet_count":0,"master_deck":["Strike_MRS","Strike_MRS","Strike_MRS","Strike_MRS","Defend_MRS","Defend_MRS","Defend_MRS","Defend_MRS","MasterSpark","UpSweep","GalacticHalo","SuperPerseids","OrrerysSun","GalacticHalo","GrandCross"],"relics":["Snecko Eye"],"acts_visited":["Hallownest:Greenpath"],"potions_floor_usage":[2],"damage_taken":[{"damage":4,"enemies":"Hallownest:2_Tiktiks_and_1_Crawlid","floor":1,"turns":3},{"damage":4,"enemies":"Hallownest:monsterHuskGuard","floor":2,"turns":6},{"damage":7,"enemies":"Hallownest:2_Baldur","floor":4,"turns":4},{"damage":17,"enemies":"Hallownest:2_Tiktiks_1_Baldur_1_Crawlid","floor":5,"turns":8},{"damage":52,"enemies":"Hallownest:eliteVengeflyKing","floor":6,"turns":9}],"seed_played":"3290389998097258316","potions_obtained":[{"floor":1,"key":"SkillPotion"},{"floor":2,"key":"Doom Potion"}],"is_trial":true,"path_per_floor":["M","M","$","M","M","E"],"character_chosen":"MARISA","items_purchased":["OrrerysSun"],"campfire_rested":0,"item_purchase_floors":[3],"current_hp_per_floor":[71,67,67,60,43,0,0],"gold":125,"neow_bonus":"","is_daily":false,"chose_seed":false,"campfire_upgraded":0,"win_rate":0.0,"timestamp":1610054529,"path_taken":["M","M","$","M","M","E"],"items_purchased_type":["Card"],"build_version":"2020-12-22","purchased_purges":0,"victory":false,"max_hp_per_floor":[75,75,75,75,75,75,75],"card_choices":[{"not_picked":["SporeBomb","OneTimeOff"],"picked":"GalacticHalo","floor":1},{"not_picked":["UnstableBomb","EventHorizon"],"picked":"SuperPerseids","floor":2},{"not_picked":["IllusionStar","Orbital"],"picked":"GalacticHalo","floor":4},{"not_picked":["BlazeAway","ManaConvection"],"picked":"GrandCross","floor":5}],"player_experience":1366785,"relics_obtained":[],"event_choices":[],"is_beta":false,"boss_relics":[],"items_purged_floors":[],"is_endless":false,"potions_floor_spawned":[1,2],"killed_by":"Hallownest:eliteVengeflyKing","ascension_level":0}}