{"host":"c7yluuzpqlymemjk","time":1610034636,"event":{"mods":["BaseMod","Colored Map","GifTheSpireLib","Minty Spire (QoL Compilation)","Relic Stats","StSLib","slay the spire mod where everything is the same but ironclad has a cowboy hat"],"gold_per_floor":[113,288,83,83,102,102,137,137,164,181,199,228,228,260,260,260,260],"floor_reached":16,"playtime":1725,"items_purged":["Doubt"],"score":150,"play_id":"a81f6840-6df0-4e58-926b-fa15f69a3bdb","local_time":"20210107075036","is_ascension_mode":true,"campfire_choices":[{"data":"Eruption","floor":6,"key":"SMITH"},{"floor":8,"key":"RECALL"},{"data":"TalkToTheHand","floor":13,"key":"SMITH"},{"floor":15,"key":"REST"}],"circlet_count":0,"master_deck":["Strike_P","Strike_P","Strike_P","Strike_P","Defend_P","Defend_P+1","Defend_P","Defend_P","Eruption+1","Vigilance","FollowUp","BowlingBash","Tantrum+1","EmptyBody","BowlingBash","FlurryOfBlows","ThirdEye","TalkToTheHand+1","CutThroughFate","Fasting2"],"relics":["PureWater","Incense Burner","Turnip","Boot"],"acts_visited":["Exordium"],"potions_floor_usage":[16],"damage_taken":[{"damage":0,"enemies":"Cultist","floor":1,"turns":4},{"damage":0,"enemies":"Small Slimes","floor":5,"turns":2},{"damage":1,"enemies":"3 Sentries","floor":7,"turns":4},{"damage":0,"enemies":"2 Louse","floor":10,"turns":2},{"damage":0,"enemies":"Gremlin Gang","floor":11,"turns":3},{"damage":0,"enemies":"Gremlin Nob","floor":12,"turns":2},{"damage":11,"enemies":"3 Sentries","floor":14,"turns":3},{"damage":71,"enemies":"The Guardian","floor":16,"turns":11}],"seed_played":"1973586035282879144","potions_obtained":[{"floor":5,"key":"Strength Potion"},{"floor":11,"key":"SkillPotion"},{"floor":12,"key":"Regen Potion"}],"is_trial":false,"path_per_floor":["M","?","$","?","M","R","E","R","T","M","M","E","R","E","R","B"],"character_chosen":"WATCHER","items_purchased":["Tantrum","EmptyBody"],"campfire_rested":1,"item_purchase_floors":[3,3],"current_hp_per_floor":[72,72,72,58,58,58,57,57,57,57,57,57,57,46,67,0,0],"gold":260,"neow_bonus":"THREE_CARDS","is_daily":false,"chose_seed":false,"campfire_upgraded":2,"win_rate":0.0,"timestamp":1610034636,"path_taken":["M","?","$","?","M","R","E","R","T","M","M","E","R","E","R","BOSS"],"items_purchased_type":["Card","Card"],"build_version":"2020-12-22","purchased_purges":1,"victory":false,"max_hp_per_floor":[72,72,72,72,72,72,72,72,72,72,72,72,72,72,72,72,72],"relic_stats":{"counters":[8,31],"Turnip":[0],"Boot":[18],"obtain_stats":[{"Turnip":12,"Incense Burner":7,"PureWater":0,"Boot":14},{"Turnip":6,"Incense Burner":3,"PureWater":0,"Boot":7},{"Turnip":17,"Incense Burner":10,"PureWater":0,"Boot":20}]},"card_choices":[{"not_picked":["Protect","PathToVictory"],"picked":"FollowUp","floor":0},{"not_picked":["EmptyBody","Prostrate"],"picked":"BowlingBash","floor":1},{"not_picked":["EmptyFist","SignatureMove"],"picked":"BowlingBash","floor":5},{"not_picked":["Meditate","JustLucky"],"picked":"FlurryOfBlows","floor":7},{"not_picked":["Perseverance","Establishment"],"picked":"ThirdEye","floor":10},{"not_picked":["PathToVictory","Weave"],"picked":"TalkToTheHand","floor":11},{"not_picked":["Worship","BowlingBash"],"picked":"CutThroughFate","floor":12},{"not_picked":["WheelKick","CarveReality"],"picked":"Fasting2","floor":14}],"player_experience":337753,"relics_obtained":[{"floor":7,"key":"Incense Burner"},{"floor":12,"key":"Turnip"},{"floor":14,"key":"Boot"}],"event_choices":[{"damage_healed":0,"gold_gain":175,"player_choice":"AGREE","damage_taken":0,"max_hp_gain":0,"max_hp_loss":0,"event_name":"Liars Game","floor":2,"gold_loss":0,"cards_obtained":["Doubt"]},{"damage_healed":0,"gold_gain":0,"player_choice":"Entered Light","damage_taken":14,"max_hp_gain":0,"max_hp_loss":0,"event_name":"Shining Light","floor":4,"gold_loss":0,"cards_upgraded":["Tantrum","Defend_P"]}],"is_beta":false,"boss_relics":[],"items_purged_floors":[3],"is_endless":false,"potions_floor_spawned":[5,11,12,14],"killed_by":"The Guardian","ascension_level":1}}