{"host":"raai0vtvcfkt8csp","time":1610053462,"event":{"mods":["2.2 Compatiblity","BaseMod","Beaked The Cultist","Block Reminder","Booster Modes","DeckTracker","Defective Defect","Downfall","GifTheSpireLib","Minty Spire (QoL Compilation)","Quick Restart","Random Character Button","Rare Cards Sparkle","StSLib","Unceasing Turn Reminder"],"gold_per_floor":[99,114,129,144,294,294,367,367,385,398,1,22,22,7,22,119,119,119,119,119,119,119,119,119,119,119,119,119,30,30,30,30,30,30,30,30,30,15,15,15,15,15,15,15,15,0,0,0,0,0],"floor_reached":49,"playtime":7465,"items_purged":[],"score":623,"play_id":"13a53cc7-c061-4a5a-abe9-b1a459349614","local_time":"20210107220422","is_ascension_mode":true,"campfire_choices":[{"data":"beaked:Ceremony","floor":1,"key":"SMITH"},{"data":"beaked:Ceremony","floor":8,"key":"SMITH"},{"data":"Apotheosis","floor":13,"key":"SMITH"},{"floor":18,"key":"RECALL"},{"data":"beaked:KnowThyFoe","floor":35,"key":"SMITH"}],"circlet_count":0,"master_deck":["beaked:Strike_Y","beaked:Strike_Y+1","beaked:Strike_Y+1","beaked:Strike_Y+1","beaked:Strike_Y","beaked:Strike_Y","beaked:Defend_Y","beaked:Defend_Y","beaked:Defend_Y","beaked:Defend_Y","beaked:Ceremony+1","beaked:Ceremony+1","beaked:Ceremony+1","beaked:SacrificialDive","beaked:Foresight","beaked:Insight","beaked:StunningBlow","beaked:Resilience","beaked:Brace","Apotheosis+1","beaked:DigDeep","beaked:WildInstinct","beaked:Pecker","beaked:CrazyRituals","beaked:MaddeningMurmurs","beaked:Sacrifice","beaked:HuntressEssence+1","beaked:VigorBurst","beaked:KnowThyFoe+1","beaked:MachineSpirit","beaked:RitualOfBody","beaked:HuntressSpirit","beaked:BarbedWire","beaked:Caw","beaked:CrazyRituals","beaked:Insight+1","beaked:ScreechingChant","beaked:BloodForTheGods","beaked:CursingBlood","beaked:DigDeep+1","beaked:Brace+1","beaked:ScreechingChant","beaked:Windmill","Parasite","beaked:BraceForImpact+1","beaked:Sacrifice","beaked:BloodForTheGods","beaked:Redirect+1"],"relics":["beaked:MendingPlumage","Mummified Hand","Odd Mushroom","downfall:Hecktoplasm","Smiling Mask","Spirit Poop","Anchor","Oddly Smooth Stone","Bag of Marbles","Tiny House","downfall:HeartBlessingRed","downfall:HeartBlessingGreen","downfall:HeartBlessingBlue","Pantograph","Whetstone","Akabeko"],"acts_visited":["Exordium","TheCity","TheBeyond"],"potions_floor_usage":[11,23,26,29,33,40,42,43,44,48,49,49],"damage_taken":[{"damage":11,"enemies":"2 Louse","floor":2,"turns":6},{"damage":16,"enemies":"Cultist","floor":3,"turns":5},{"damage":5,"enemies":"Small Slimes","floor":4,"turns":7},{"damage":29,"enemies":"2 Fungi Beasts","floor":9,"turns":8},{"damage":20,"enemies":"Blue Slaver","floor":10,"turns":9},{"damage":10,"enemies":"downfall:FleeingMerchant","floor":11,"turns":4},{"damage":49,"enemies":"The Mushroom Lair","floor":12,"turns":9},{"damage":10,"enemies":"downfall:FleeingMerchant","floor":14,"turns":4},{"damage":23,"enemies":"Gremlin Gang","floor":15,"turns":6},{"damage":22,"enemies":"downfall:Watcher","floor":16,"turns":9},{"damage":34,"enemies":"3 Byrds","floor":19,"turns":7},{"damage":32,"enemies":"Spheric Guardian","floor":22,"turns":6},{"damage":100,"enemies":"Gremlin Leader","floor":23,"turns":8},{"damage":29,"enemies":"Snake Plant","floor":25,"turns":6},{"damage":29,"enemies":"Slavers","floor":26,"turns":5},{"damage":16,"enemies":"Snecko","floor":27,"turns":8},{"damage":68,"enemies":"Gremlin Leader","floor":28,"turns":11},{"damage":9,"enemies":"downfall:FleeingMerchant","floor":29,"turns":4},{"damage":48,"enemies":"Sentry and Sphere","floor":30,"turns":7},{"damage":17,"enemies":"Snake Plant","floor":32,"turns":9},{"damage":56,"enemies":"downfall:Silent","floor":33,"turns":8},{"damage":33,"enemies":"3 Shapes","floor":36,"turns":7},{"damage":37,"enemies":"Orb Walker","floor":37,"turns":5},{"damage":0,"enemies":"downfall:FleeingMerchant","floor":38,"turns":4},{"damage":43,"enemies":"Jaw Worm Horde","floor":40,"turns":8},{"damage":88,"enemies":"Giant Head","floor":42,"turns":12},{"damage":76,"enemies":"Writhing Mass","floor":43,"turns":10},{"damage":84,"enemies":"4 Shapes","floor":44,"turns":6},{"damage":102,"enemies":"Spire Growth","floor":45,"turns":10},{"damage":20,"enemies":"downfall:FleeingMerchant","floor":46,"turns":4},{"damage":118,"enemies":"Transient","floor":48,"turns":5},{"damage":39,"enemies":"Jaw Worm Horde","floor":49,"turns":3}],"seed_played":"1137992504858773153","potions_obtained":[{"floor":3,"key":"champ:CounterPotion"},{"floor":4,"key":"Weak Potion"},{"floor":9,"key":"Strength Potion"},{"floor":15,"key":"FairyPotion"},{"floor":23,"key":"ColorlessPotion"},{"floor":27,"key":"GamblersBrew"},{"floor":32,"key":"CultistPotion"},{"floor":33,"key":"GamblersBrew"},{"floor":34,"key":"Slimebound:ThreeZeroPotion"},{"floor":43,"key":"Fire Potion"},{"floor":44,"key":"CultistPotion"},{"floor":45,"key":"Explosive Potion"},{"floor":48,"key":"Regen Potion"}],"is_trial":false,"path_per_floor":["R","M","M","M","?","?","T","R","M","M","$","?","R","$","M","B",null,"R","M","?","?","M","E","T","M","E","M","E","$","M","?","M","B",null,"R","M","M","$","?","M","T","E","M","M","M","$","?","M","M"],"character_chosen":"BEAKED_THE_CULTIST","items_purchased":["Apotheosis","beaked:DigDeep","beaked:WildInstinct","beaked:CrazyRituals"],"campfire_rested":0,"item_purchase_floors":[11,11,11,29],"current_hp_per_floor":[50,50,41,50,50,50,50,50,43,50,46,36,36,38,42,50,50,50,46,46,46,39,18,18,21,34,61,45,53,51,51,61,61,66,76,49,66,78,78,82,82,82,85,48,67,81,81,6,0,0],"gold":0,"neow_bonus":"UPGRADE_CARD","is_daily":false,"chose_seed":false,"campfire_upgraded":4,"win_rate":0.0,"timestamp":1610053462,"path_taken":["R","M","M","M","?","?","T","R","M","?","$","?","R","$","M","BOSS","R","M","?","?","M","E","T","M","E","?","E","$","M","?","M","BOSS","R","M","M","$","?","M","T","E","?","M","M","$","?","M","M"],"items_purchased_type":["Card","Card","Card","Card"],"build_version":"2020-12-22","purchased_purges":0,"victory":false,"max_hp_per_floor":[50,50,50,50,50,50,50,50,50,50,50,50,50,50,50,50,50,50,53,53,53,58,58,58,58,61,61,61,61,61,61,61,61,66,76,76,79,79,79,82,82,82,85,88,88,88,88,88,88,88],"card_choices":[{"not_picked":["beaked:Tradeoff","beaked:Mantra"],"picked":"beaked:SacrificialDive","floor":2},{"not_picked":["beaked:Brace","beaked:BraceForImpact"],"picked":"beaked:Foresight","floor":3},{"not_picked":["beaked:BraceForImpact","beaked:SacrificialAttack"],"picked":"beaked:Insight","floor":4},{"not_picked":["beaked:Molting","beaked:BraceForImpact"],"picked":"beaked:StunningBlow","floor":9},{"not_picked":["beaked:FeelMyPain","beaked:Flinch"],"picked":"beaked:Resilience","floor":10},{"not_picked":["beaked:Flinch","beaked:Tradeoff"],"picked":"beaked:Brace","floor":11},{"not_picked":["beaked:WindBringer","beaked:DigDeep"],"picked":"beaked:Pecker","floor":12},{"not_picked":["beaked:Hexing","beaked:WarriorSpirit"],"picked":"beaked:CrazyRituals","floor":14},{"not_picked":["beaked:WarriorSpirit","beaked:Insight"],"picked":"beaked:MaddeningMurmurs","floor":15},{"not_picked":["beaked:FullHouse","beaked:Brainwash"],"picked":"beaked:Sacrifice","floor":16},{"not_picked":["beaked:Daydream","beaked:Roost+1"],"picked":"beaked:HuntressEssence+1","floor":19},{"not_picked":["beaked:Evade+1","beaked:FeelMyPain"],"picked":"beaked:VigorBurst","floor":22},{"not_picked":["beaked:Struggle","beaked:BloodForTheGods"],"picked":"beaked:KnowThyFoe","floor":23},{"not_picked":["beaked:Foresight","beaked:MaddeningMurmurs+1"],"picked":"beaked:MachineSpirit","floor":25},{"not_picked":["beaked:SurvivalInstinct","beaked:WindBringer"],"picked":"beaked:RitualOfBody","floor":26},{"not_picked":["beaked:Roost+1","beaked:MimicMachine"],"picked":"beaked:HuntressSpirit","floor":27},{"not_picked":["beaked:Daydream","beaked:Replenish"],"picked":"beaked:BarbedWire","floor":28},{"not_picked":["beaked:CursingBlood","beaked:Flinch","beaked:Redirect+1"],"picked":"SKIP","floor":28},{"not_picked":["beaked:DigDeeper","beaked:FeelMyPain"],"picked":"beaked:Caw","floor":29},{"not_picked":["beaked:WarriorSpirit","beaked:Struggle"],"picked":"beaked:Insight+1","floor":30},{"not_picked":["beaked:TuckingFeathers","beaked:SacrificialAttack","beaked:HuntressEssence"],"picked":"SKIP","floor":32},{"not_picked":["beaked:VolatileMisfortune","beaked:Sacrifice"],"picked":"beaked:ScreechingChant","floor":33},{"not_picked":["beaked:Pecker","beaked:Redirect+1"],"picked":"beaked:BloodForTheGods","floor":34},{"not_picked":["beaked:MachineSpirit+1","beaked:Flinch+1"],"picked":"beaked:CursingBlood","floor":36},{"not_picked":["beaked:Resilience","beaked:Struggle"],"picked":"beaked:DigDeep+1","floor":37},{"not_picked":["beaked:FeelMyPain","beaked:Redirect"],"picked":"beaked:Brace+1","floor":38},{"not_picked":["beaked:Evade","beaked:Replenish+1"],"picked":"beaked:Windmill","floor":40},{"not_picked":["beaked:Redirect+1","beaked:Cower","beaked:CheekyTricks"],"picked":"SKIP","floor":42},{"not_picked":["beaked:WindBringer+1","beaked:Poke","beaked:Redirect"],"picked":"SKIP","floor":43},{"not_picked":["beaked:Insight","beaked:Flinch"],"picked":"beaked:BraceForImpact+1","floor":44},{"not_picked":["beaked:Tradeoff","beaked:Redirect"],"picked":"beaked:Sacrifice","floor":45},{"not_picked":["beaked:Pecker","beaked:CursingBlood"],"picked":"beaked:BloodForTheGods","floor":46},{"not_picked":["beaked:Cower","beaked:Resilience"],"picked":"beaked:Redirect+1","floor":48}],"player_experience":795868,"relics_obtained":[{"floor":7,"key":"Mummified Hand"},{"floor":12,"key":"Odd Mushroom"},{"floor":23,"key":"Anchor"},{"floor":26,"key":"Oddly Smooth Stone"},{"floor":28,"key":"Bag of Marbles"},{"floor":41,"key":"Pantograph"},{"floor":42,"key":"Whetstone"},{"floor":47,"key":"Akabeko"}],"event_choices":[{"damage_healed":0,"gold_gain":0,"player_choice":"Ignored","damage_taken":0,"max_hp_gain":0,"max_hp_loss":0,"event_name":"NoteForYourself","floor":6,"gold_loss":0},{"damage_healed":0,"gold_gain":0,"player_choice":"Fought Mushrooms","damage_taken":0,"max_hp_gain":0,"max_hp_loss":0,"event_name":"Mushrooms","floor":12,"gold_loss":0},{"damage_healed":0,"gold_gain":0,"player_choice":"Stole Relic","damage_taken":0,"relics_obtained":["Smiling Mask"],"max_hp_gain":0,"max_hp_loss":0,"event_name":"Addict","floor":20,"gold_loss":0,"cards_obtained":["Shame"]},{"cards_removed":["Shame"],"damage_healed":0,"gold_gain":0,"player_choice":"Offered Curse","damage_taken":0,"relics_obtained":["Spirit Poop"],"max_hp_gain":0,"max_hp_loss":0,"event_name":"Bonfire Elementals","floor":21,"gold_loss":0},{"cards_removed":["Slimebound:Icky"],"damage_healed":0,"gold_gain":0,"player_choice":"Purged","damage_taken":0,"max_hp_gain":0,"max_hp_loss":0,"event_name":"Purifier","floor":31,"gold_loss":0},{"damage_healed":0,"gold_gain":0,"player_choice":"Copied","damage_taken":0,"max_hp_gain":0,"max_hp_loss":0,"event_name":"Duplicator","floor":39,"gold_loss":0,"cards_obtained":["beaked:ScreechingChant"]},{"damage_healed":0,"gold_gain":0,"player_choice":"Relic","damage_taken":0,"max_hp_gain":0,"max_hp_loss":0,"event_name":"Wheel of Change","floor":47,"gold_loss":0}],"is_beta":false,"boss_relics":[{"not_picked":["Cursed Key","beaked:MawFillet"],"picked":"downfall:Hecktoplasm"},{"not_picked":["Runic Pyramid","Coffee Dripper"],"picked":"Tiny House"}],"items_purged_floors":[],"is_endless":false,"potions_floor_spawned":[3,4,9,15,19,23,27,32,33,43,44,45,48],"killed_by":"Jaw Worm Horde","ascension_level":1}}