{"host":"f4n39520dv0p5qms","time":1610051797,"event":{"mods":["AchievementEnabler","BaseMod","Colored Powertips","DeckTracker","Downfall","Infinite Spire","Minty Spire (QoL Compilation)","Replay The Spire","Shop Mod","StSLib","The Bug Knight","The Servant 0.9.4"],"gold_per_floor":[117,42,55,67,81,112,112,112,163,182,182,200,375,375,375,480,480,480,480,390,107,47,47,47,47,47,47,47,47,47,47,47,47,47],"floor_reached":33,"playtime":1446,"items_purged":["HollowMod:NailStrikeStart","HollowMod:ChannelNail"],"score":245,"play_id":"c97d718c-fff4-487f-8061-871229bf42fe","local_time":"20210107233637","is_ascension_mode":false,"campfire_choices":[{"data":"HollowMod:SlysStrikes","floor":8,"key":"SMITH"},{"floor":11,"key":"REST"},{"floor":15,"key":"DIG"},{"data":"HollowMod:PureVessel","floor":23,"key":"SMITH"},{"data":"HollowMod:Grubsong","floor":28,"key":"SMITH"},{"data":"HollowMod:LifebloodCocoon","floor":30,"key":"SMITH"},{"data":"HollowMod:RecoilStrike","floor":32,"key":"SMITH"}],"circlet_count":0,"master_deck":["HollowMod:NailStrikeStart","HollowMod:NailStrikeStart","HollowMod:QuickDashStart","HollowMod:QuickDashStart","HollowMod:QuickDashStart+1","HollowMod:FocusHealStart+1","HollowMod:PogoStrike","HollowMod:RecoilStrike+1","HollowMod:SlysStrikes+1","HollowMod:LifebloodCocoon+1","HollowMod:DashSlash","HollowMod:PureNailStrike","HollowMod:PureVessel+1","HollowMod:DoubleDash+1","HollowMod:Grubsong+1","HollowMod:DashSlash","Shame","Delirium","HollowMod:GoodIntentions+1"],"relics":["HollowMod:VesselMask","Mummified Hand","Bag of Marbles","Juzu Bracelet","Ectoplasm","Replay:Blank Codex","Lee\u0027s Waffle","Pantograph","White Beast Statue","Ring of Panic","Ring of Peace"],"acts_visited":["Exordium","TheCity"],"potions_floor_usage":[6,16,33,33,33],"damage_taken":[{"damage":1,"enemies":"Cultist","floor":1,"turns":3},{"damage":0,"enemies":"Small Slimes","floor":3,"turns":3},{"damage":1,"enemies":"Jaw Worm","floor":4,"turns":3},{"damage":27,"enemies":"Large Slime","floor":5,"turns":5},{"damage":35,"enemies":"HollowMod:MossKnight","floor":6,"turns":10},{"damage":11,"enemies":"Red Slaver","floor":10,"turns":3},{"damage":1,"enemies":"Looter","floor":12,"turns":4},{"damage":42,"enemies":"HollowMod:FalseKnight","floor":16,"turns":10},{"damage":42,"enemies":"3 Byrds","floor":18,"turns":7},{"damage":16,"enemies":"2 Thieves","floor":22,"turns":5},{"damage":22,"enemies":"Snake Plant","floor":24,"turns":5},{"damage":0,"enemies":"Snecko","floor":31,"turns":8},{"damage":96,"enemies":"Pondfish","floor":33,"turns":15}],"seed_played":"-5706991107613992140","potions_obtained":[{"floor":3,"key":"Adrenaline Potion"},{"floor":6,"key":"Guardian:BlockOnCardUsePotion"},{"floor":10,"key":"Fire Potion"},{"floor":22,"key":"Dexterity Potion"},{"floor":24,"key":"Explosive Potion"}],"is_trial":false,"path_per_floor":["M","$","M","M","M","E","?","R","T","M","R","M","?","?","R","B",null,"M","?","?","$","M","R","M","?","T","?","R","?","R","M","R","B"],"character_chosen":"THE_BUGKNIGHT","items_purchased":["Lee\u0027s Waffle","HollowMod:Grubsong"],"campfire_rested":1,"item_purchase_floors":[21,21],"current_hp_per_floor":[75,75,75,75,54,31,24,24,24,19,41,50,50,50,50,20,75,43,27,27,82,76,76,64,48,48,48,48,48,48,58,58,0,0],"gold":47,"neow_bonus":"UPGRADE_CARD","is_daily":false,"chose_seed":false,"campfire_upgraded":5,"win_rate":0.0,"timestamp":1610051797,"path_taken":["M","$","M","M","M","E","?","R","T","M","R","M","?","?","R","BOSS","M","?","?","$","M","R","M","?","T","?","R","?","R","M","R","BOSS"],"items_purchased_type":["Relic","Card"],"build_version":"2020-12-22","purchased_purges":2,"victory":false,"max_hp_per_floor":[75,75,75,75,75,75,75,75,75,75,75,75,75,75,75,75,75,75,75,75,82,82,82,82,87,87,87,87,87,87,87,87,87,87],"card_choices":[{"not_picked":["HollowMod:DescendingDark","HollowMod:GoodIntentions"],"picked":"HollowMod:ChannelNail","floor":1},{"not_picked":["HollowMod:PerfectDash","HollowMod:HowlingWraiths"],"picked":"HollowMod:RecoilStrike","floor":3},{"not_picked":["HollowMod:MawleksShell","HollowMod:HowlingWraiths"],"picked":"HollowMod:SlysStrikes","floor":4},{"not_picked":["HollowMod:GreatSlash","HollowMod:CoiledNail","HollowMod:DescendingDark"],"picked":"SKIP","floor":5},{"not_picked":["HollowMod:MantisMark","HollowMod:HowlingWraiths"],"picked":"HollowMod:LifebloodCocoon","floor":6},{"not_picked":["HollowMod:SoulEater","HollowMod:MonarchWings"],"picked":"HollowMod:DashSlash","floor":10},{"not_picked":["HollowMod:MothsMistake","HollowMod:SharpenedShadows"],"picked":"HollowMod:PureNailStrike","floor":12},{"not_picked":["HollowMod:LordofShades","HollowMod:SoulMaster"],"picked":"HollowMod:PureVessel","floor":16},{"not_picked":["HollowMod:GoodIntentions","HollowMod:HowlingWraiths"],"picked":"HollowMod:DoubleDash+1","floor":18},{"not_picked":["HollowMod:InfectedAttack","HollowMod:CycloneSlash"],"picked":"HollowMod:DashSlash","floor":22},{"not_picked":["HollowMod:TaintedHusks","HollowMod:InfectionAssault+1","HollowMod:SoulSplash+1"],"picked":"SKIP","floor":24},{"not_picked":["HollowMod:NewGlowingWomb","HollowMod:ChannelNail+1"],"picked":"HollowMod:GoodIntentions+1","floor":31}],"player_experience":150611,"relics_obtained":[{"floor":6,"key":"Mummified Hand"},{"floor":9,"key":"Bag of Marbles"},{"floor":15,"key":"Juzu Bracelet"},{"floor":19,"key":"Replay:Blank Codex"},{"floor":26,"key":"Pantograph"},{"floor":29,"key":"Ring of Panic"},{"floor":29,"key":"Ring of Peace"}],"event_choices":[{"cards_removed":["HollowMod:NailStrikeStart"],"damage_healed":0,"gold_gain":0,"player_choice":"Card Removal","damage_taken":7,"max_hp_gain":0,"max_hp_loss":0,"event_name":"Golden Wing","floor":7,"gold_loss":0},{"damage_healed":0,"gold_gain":175,"player_choice":"AGREE","damage_taken":0,"max_hp_gain":0,"max_hp_loss":0,"event_name":"Liars Game","floor":13,"gold_loss":0,"cards_obtained":["Doubt"]},{"damage_healed":0,"gold_gain":0,"player_choice":"Obtained Book","damage_taken":16,"max_hp_gain":0,"max_hp_loss":0,"event_name":"Cursed Tome","floor":19,"gold_loss":0},{"cards_removed":["HollowMod:QuickDashStart"],"damage_healed":0,"gold_gain":0,"player_choice":"Upgrade and Remove","damage_taken":0,"max_hp_gain":0,"max_hp_loss":0,"event_name":"Designer","floor":20,"gold_loss":90,"cards_upgraded":["HollowMod:QuickDashStart"]},{"damage_healed":0,"gold_gain":0,"player_choice":"Shed Blood","damage_taken":21,"max_hp_gain":5,"max_hp_loss":0,"event_name":"Forgotten Altar","floor":25,"gold_loss":0},{"damage_healed":0,"gold_gain":0,"player_choice":"Stole Relic","damage_taken":0,"relics_obtained":["White Beast Statue"],"max_hp_gain":0,"max_hp_loss":0,"event_name":"Addict","floor":27,"gold_loss":0,"cards_obtained":["Shame"]}],"is_beta":false,"boss_relics":[{"not_picked":["ReplayTheSpireMod:DimensionalGlitch","infinitespire:Cupcake"],"picked":"Ectoplasm"}],"items_purged_floors":[2,21],"is_endless":false,"potions_floor_spawned":[3,6,10,22,24,31],"killed_by":"Pondfish","ascension_level":0}}