{"host":"y1gy3vaohdji07z5","time":1610039204,"event":{"mods":["AchievementEnabler","BaseMod","Colored Map","Colored Powertips","Hermit","Minty Spire (QoL Compilation)","Random Character Button","Rare Cards Sparkle","StSLib"],"gold_per_floor":[117,117,117,42,62,62,98,98,98,111,135,171,185,31,31,162,162,162],"floor_reached":17,"playtime":664,"items_purged":["hermit:Strike_Hermit"],"score":219,"play_id":"58e45a19-d29a-41cc-a18f-77f13339a64b","local_time":"20210107180644","is_ascension_mode":true,"campfire_choices":[{"data":"hermit:Brawl","floor":6,"key":"SMITH"},{"data":"hermit:Covet","floor":8,"key":"SMITH"},{"data":"hermit:ShadowCloak","floor":15,"key":"SMITH"}],"circlet_count":0,"master_deck":["hermit:Strike_Hermit","hermit:Strike_Hermit","hermit:Strike_Hermit","hermit:Defend_Hermit","hermit:Defend_Hermit","hermit:Defend_Hermit","hermit:Defend_Hermit","hermit:Snapshot","hermit:Covet+1","hermit:Brawl+1","Regret","Injury","hermit:ShadowCloak+1","hermit:Quickdraw","hermit:BlackWind"],"relics":["hermit:Momento","NeowsBlessing","Mercury Hourglass","Golden Idol","PreservedInsect","Letter Opener","Lizard Tail","Membership Card","Ectoplasm"],"acts_visited":["Exordium","TheCity"],"potions_floor_usage":[16],"damage_taken":[{"damage":0,"enemies":"Small Slimes","floor":1,"turns":1},{"damage":0,"enemies":"Jaw Worm","floor":5,"turns":1},{"damage":0,"enemies":"3 Sentries","floor":7,"turns":1},{"damage":6,"enemies":"Cultist","floor":10,"turns":3},{"damage":16,"enemies":"Exordium Thugs","floor":11,"turns":4},{"damage":10,"enemies":"Lagavulin","floor":12,"turns":6},{"damage":6,"enemies":"Looter","floor":13,"turns":3},{"damage":23,"enemies":"Hexaghost","floor":16,"turns":9}],"seed_played":"4257478107391094234","potions_obtained":[{"floor":1,"key":"GamblersBrew"},{"floor":5,"key":"PowerPotion"},{"floor":13,"key":"Swift Potion"},{"floor":16,"key":"AttackPotion"}],"is_trial":false,"path_per_floor":["M","?","?","$","M","R","E","R","T","M","M","E","M","$","R","B",null],"character_chosen":"HERMIT","items_purchased":["Membership Card"],"campfire_rested":0,"item_purchase_floors":[14],"current_hp_per_floor":[75,75,75,75,75,75,75,75,75,69,53,43,37,37,37,14,75,75],"gold":162,"neow_bonus":"THREE_ENEMY_KILL","is_daily":false,"chose_seed":false,"campfire_upgraded":3,"win_rate":0.0,"timestamp":1610039204,"path_taken":["M","?","?","?","M","R","E","R","T","M","M","E","M","$","R","BOSS"],"items_purchased_type":["Relic"],"build_version":"2020-12-22","purchased_purges":1,"victory":false,"max_hp_per_floor":[75,75,75,75,75,75,75,75,75,75,75,75,75,75,75,75,75,75],"card_choices":[{"not_picked":["hermit:Glare","hermit:Feint"],"picked":"hermit:Brawl","floor":1},{"not_picked":["hermit:HoleUp","hermit:Snipe","hermit:TakeAim"],"picked":"SKIP","floor":5},{"not_picked":["hermit:Ricochet","hermit:Roulette","hermit:Shortfuse"],"picked":"SKIP","floor":7},{"not_picked":["hermit:Glare","hermit:LowProfile"],"picked":"hermit:ShadowCloak","floor":10},{"not_picked":["hermit:Desperado","hermit:CalledShot","hermit:Ricochet"],"picked":"SKIP","floor":11},{"not_picked":["hermit:ItchyTrigger","hermit:Vantage","hermit:TrackingShot"],"picked":"SKIP","floor":12},{"not_picked":["hermit:Vantage","hermit:LoneWolf"],"picked":"hermit:Quickdraw","floor":13},{"not_picked":["hermit:Purgatory","hermit:DeadOrAlive"],"picked":"hermit:BlackWind","floor":16}],"player_experience":401896,"relics_obtained":[{"floor":7,"key":"PreservedInsect"},{"floor":9,"key":"Letter Opener"},{"floor":12,"key":"Lizard Tail"}],"event_choices":[{"damage_healed":0,"gold_gain":0,"player_choice":"Box","damage_taken":0,"relics_obtained":["Mercury Hourglass"],"max_hp_gain":0,"max_hp_loss":0,"event_name":"Big Fish","floor":2,"gold_loss":0,"cards_obtained":["Regret"]},{"damage_healed":0,"gold_gain":0,"player_choice":"Take Wound","damage_taken":0,"relics_obtained":["Golden Idol"],"max_hp_gain":0,"max_hp_loss":0,"event_name":"Golden Idol","floor":3,"gold_loss":0,"cards_obtained":["Injury"]}],"is_beta":false,"boss_relics":[{"not_picked":["hermit:BartenderGlass","Sozu"],"picked":"Ectoplasm"}],"items_purged_floors":[4],"is_endless":false,"potions_floor_spawned":[1,5,13,16],"ascension_level":3}}