{"host":"vh84ep2bvzg72dp7","time":1610049034,"event":{"mods":["AchievementEnabler","Act Like it!","Aspiration","Astrologer","Bard","BaseMod","Beaked The Cultist","Better Altar","Better Match","Better Note","Better Sensory Stone","Better Skull","Better Third Choice","BetterRewards","Conspire","Downfall","Gensokyo","Halation","Hermit","Infinite Spire","Jorbs\u0027s Wanderer Trilogy","Marisa（霧雨　魔理沙）","Minty Spire (QoL Compilation)","MostiFishMod","Replay The Spire","Shop Mod","Spicy Shops","StSLib","The Alterego","The Animator","The Construct","The Cursed","The Hierophant","The Jungle","The Poker Player","The Runesmith","The Servant 0.9.4","The Wild Card","TheArtist","WarShipGirlsR/战舰少女R mod"],"gold_per_floor":[99,111,125,143,143,153,203,203,219,252,114,151,163,189,220,232,232,232],"floor_reached":16,"playtime":529,"items_purged":[],"score":114,"play_id":"9ae9ae64-5744-4b22-b3fc-9a9fc37120b9","local_time":"20210108025034","is_ascension_mode":false,"campfire_choices":[{"floor":1,"key":"RECALL"},{"data":"champ:Balance","floor":11,"key":"SMITH"}],"circlet_count":0,"master_deck":["champ:Strike","champ:Strike","champ:Strike","champ:Strike","champ:Defend","champ:Defend","champ:Defend","champ:Defend","champ:Execute","champ:Taunt","champ:FanOfKnives","champ:EnragedBash","champ:DeathBlow","champ:Balance+1","champ:HeavySlash+1","champ:BladeFlurry","champ:FlashCut","champ:FanOfKnives","theWildCard:Arsene","champ:FanOfKnives","champ:GladiatorsShout"],"relics":["champ:ChampionCrown","DaveBox","MetatronsCube","halation:EternalFortune","MawBank","downfall:HeartBlessingRed","downfall:HeartBlessingBlue","conspire:TopHat"],"acts_visited":["Exordium"],"potions_floor_usage":[16],"damage_taken":[{"damage":6,"enemies":"2 Louse","floor":2,"turns":3},{"damage":16,"enemies":"Jaw Worm","floor":3,"turns":3},{"damage":17,"enemies":"Small Slimes","floor":4,"turns":2},{"damage":14,"enemies":"Blue Slaver","floor":6,"turns":3},{"damage":12,"enemies":"Large Slime","floor":9,"turns":3},{"damage":41,"enemies":"Lagavulin","floor":10,"turns":5},{"damage":23,"enemies":"3 Sentries","floor":12,"turns":4},{"damage":13,"enemies":"Red Slaver","floor":14,"turns":2},{"damage":7,"enemies":"Blue Slaver","floor":15,"turns":2},{"damage":50,"enemies":"downfall:Ironclad","floor":16,"turns":3}],"seed_played":"2673335477392340037","potions_obtained":[{"floor":2,"key":"champ:CounterPotion"},{"floor":6,"key":"SpeedPotion"},{"floor":9,"key":"PowerPotion"}],"is_trial":false,"path_per_floor":["R","M","M","M","?","M","T","?","M","E","R","E","?","M","M","B"],"character_chosen":"THE_CHAMP","items_purchased":[],"campfire_rested":0,"item_purchase_floors":[],"current_hp_per_floor":[90,87,81,79,82,80,80,80,80,65,75,64,64,51,44,0,0,0],"gold":232,"neow_bonus":"THREE_CARDS","is_daily":false,"chose_seed":false,"campfire_upgraded":1,"win_rate":0.0,"timestamp":1610049034,"path_taken":["R","M","M","M","?","M","T","?","M","E","R","E","?","M","M","BOSS"],"items_purchased_type":[],"build_version":"2020-12-22","purchased_purges":0,"victory":false,"max_hp_per_floor":[90,90,90,90,93,93,93,93,93,93,103,103,103,103,103,103,103,103],"card_choices":[{"not_picked":["champ:BringItOn","champ:Shatter"],"picked":"champ:FanOfKnives","floor":0},{"not_picked":["champ:GutPunch","champ:FanOfKnives"],"picked":"champ:EnragedBash","floor":2},{"not_picked":["champ:Haymaker","champ:BerserkersShout"],"picked":"champ:DeathBlow","floor":3},{"not_picked":["champ:Backstep","champ:BladeFlurry"],"picked":"champ:Balance","floor":4},{"not_picked":["champ:DefensiveShout","champ:TornadoPunch"],"picked":"champ:HeavySlash","floor":6},{"not_picked":["champ:RapidStrikes","champ:PerfectedStrike"],"picked":"champ:BladeFlurry","floor":9},{"not_picked":["champ:BladeFlurry","champ:EndlessRage"],"picked":"champ:FlashCut","floor":10},{"not_picked":["champ:FalseCounter","champ:CrookedStrike"],"picked":"champ:FanOfKnives","floor":12},{"not_picked":["champ:RapidStrikes","champ:SkillfulDodge"],"picked":"champ:FanOfKnives","floor":14},{"not_picked":["champ:EnragedBash","champ:BerserkersShout"],"picked":"champ:GladiatorsShout","floor":15}],"player_experience":319141,"relics_obtained":[{"floor":10,"key":"MawBank"},{"floor":12,"key":"conspire:TopHat"}],"event_choices":[{"damage_healed":0,"gold_gain":0,"player_choice":"Grow","damage_taken":0,"max_hp_gain":0,"max_hp_loss":0,"event_name":"Living Wall","floor":8,"gold_loss":0,"cards_upgraded":["champ:HeavySlash"]}],"is_beta":false,"boss_relics":[],"items_purged_floors":[],"is_endless":false,"potions_floor_spawned":[2,6,9,10],"killed_by":"downfall:Ironclad","ascension_level":0}}