{"host":"yqwjrm3sou8w5ks3","time":1610039875,"event":{"mods":["Aspiration","BaseMod","Better Third Choice","BetterRewards","Colored Map","Colored Powertips","Conspire","Downfall","Energized Spire","GifTheSpireLib","Halation","Hermit","Hubris","Mimic Mod","Minty Spire (QoL Compilation)","Replay The Spire","Reworked Bosses","Spikes Relics","StSLib","Stuff the Spire","The Blue Laboratory","UnlockEverythingMod","Wandering Minibosses","vexMod"],"gold_per_floor":[116,41,1365,1391,1391,1441,1441,1485,1537,1558,687,732,920,1088,1088,1192,1192,1238,574,612,132,177,225,225,264,288,288,213,1300,1321,1373,1373,1470,1470,1492,1514,1553,1190,1190,1190,1245,1245,1245,1245,1300,1300,1345,1365,1365,1386,1419,1419,1419,1219,1268,1301],"floor_reached":57,"playtime":2708,"items_purged":["Strike_R","Strike_R","Blood for Blood","Strike_R+1","Strike_R+1","Warcry"],"score":4376,"play_id":"5642e045-9e8c-4e52-b919-113f75d23b72","local_time":"20210107181755","is_ascension_mode":true,"campfire_choices":[{"data":"Searing Blow+2","floor":7,"key":"SMITH"},{"data":"Searing Blow+3","floor":15,"key":"SMITH"},{"data":"Searing Blow+4","floor":24,"key":"SMITH"},{"data":"Searing Blow+5","floor":32,"key":"SMITH"},{"data":"Searing Blow+6","floor":40,"key":"SMITH"},{"data":"Searing Blow+7","floor":42,"key":"SMITH"},{"data":"Searing Blow+8","floor":46,"key":"SMITH"},{"floor":49,"key":"RECALL"},{"data":"Searing Blow+9","floor":53,"key":"SMITH"}],"circlet_count":0,"master_deck":["Defend_R+1","Defend_R+1","Bash+1","Crow Ritual+1","Searing Blow+10","Battle Trance","Shrug It Off","Master of Strategy","Secret Weapon","Double Tap+1"],"relics":["Burning Blood","halation:Toothbrush","King of Hearts","Champion Belt","Guide Book","Quantum Egg","StuffTheSpire:SapphireSignet","BicycleWheel","Mango","aspiration:Legacy_Headhunter","StuffTheSpire:BottledHeartBeat","Akabeko","Replay:Bandana","Replay:Kaleidoscope","RoseTintedShades","Sling","halation:SwordOfLegend","Kunai","Dream Catcher","wanderingMiniBosses:LockLocket","StuffTheSpire:RunicConfusion","SnailShell","ClockworkSouvenir","Strawberry","StrikeDummy","StuffTheSpire:GrapeVine","hubris:64BitClover","StuffTheSpire:Barrel","hubris:Icosahedron","Anchor","Medical Kit","Bag of Marbles","vexMod:TanglingVine","HornCleat","aspiration:KaomsHeart"],"acts_visited":["Exordium","TheCity","TheBeyond","TheEnding"],"potions_floor_usage":[4,13,33,33,33,56,56],"damage_taken":[{"damage":0,"enemies":"conspire:RoseBush","floor":1,"turns":2},{"damage":0,"enemies":"Jaw Worm","floor":4,"turns":2},{"damage":0,"enemies":"Replay:BlueRogue","floor":6,"turns":4},{"damage":3,"enemies":"3 Sentries","floor":8,"turns":6},{"damage":9,"enemies":"2 Louse","floor":9,"turns":5},{"damage":0,"enemies":"2 Louse","floor":10,"turns":1},{"damage":1,"enemies":"Replay:BlueRogue","floor":12,"turns":2},{"damage":7,"enemies":"conspire:2 RoseBushes","floor":13,"turns":6},{"damage":21,"enemies":"Large Slime","floor":14,"turns":7},{"damage":0,"enemies":"Fading Forest","floor":16,"turns":6},{"damage":0,"enemies":"conspire:FuzzyDice","floor":18,"turns":4},{"damage":0,"enemies":"3 Byrds","floor":20,"turns":2},{"damage":0,"enemies":"Cultist and Chosen","floor":22,"turns":3},{"damage":0,"enemies":"conspire:SneckoGhost","floor":23,"turns":2},{"damage":0,"enemies":"Gremlin Leader","floor":25,"turns":1},{"damage":0,"enemies":"Snake Plant","floor":30,"turns":1},{"damage":0,"enemies":"conspire:Head Lice","floor":31,"turns":2},{"damage":11,"enemies":"Automaton","floor":33,"turns":9},{"damage":0,"enemies":"3 Shapes","floor":35,"turns":1},{"damage":0,"enemies":"Orb Walker","floor":36,"turns":1},{"damage":0,"enemies":"4 Shapes","floor":37,"turns":2},{"damage":0,"enemies":"Transient","floor":41,"turns":3},{"damage":0,"enemies":"R_Hoarder","floor":45,"turns":2},{"damage":0,"enemies":"Giant Head","floor":47,"turns":2},{"damage":0,"enemies":"Maw","floor":48,"turns":1},{"damage":0,"enemies":"hubris:GrandSnecko","floor":50,"turns":2},{"damage":0,"enemies":"bossMod:newShapes","floor":51,"turns":3},{"damage":0,"enemies":"Shield and Spear","floor":55,"turns":2},{"damage":3,"enemies":"The Heart","floor":56,"turns":6}],"seed_played":"-3305102255415518353","potions_obtained":[{"floor":12,"key":"Cursed Concoction"},{"floor":13,"key":"blueLaboratory:AbyssPotion"},{"floor":14,"key":"DistilledChaos"},{"floor":33,"key":"BlessingOfTheForge"}],"is_trial":false,"path_per_floor":["M","?","$","M","?","E","R","E","MIM","M","$","E","M","M","R","B",null,"M","$","M","$","M","E","R","E","T","?","?","$","M","E","R_BF","B",null,"M","M","M","$","?","R","M","R","T","?","E","R","E","M","R_BF","B","B",null,"R","$","E","B",null],"character_chosen":"IRONCLAD","items_purchased":["halation:Toothbrush","King of Hearts","Crow Ritual","Guide Book","StuffTheSpire:SapphireSignet","BicycleWheel","aspiration:Legacy_Headhunter","blueLaboratory:FruitPunch","Akabeko","Replay:Bandana","Warcry","Sling","halation:SwordOfLegend","Kunai","Battle Trance","Shrug It Off","SnailShell","ClockworkSouvenir","Strawberry","StrikeDummy","Master of Strategy","Secret Weapon","Anchor","Medical Kit","HornCleat","Double Tap+1","aspiration:KaomsHeart","War Paint","aspiration:KMNothing","aspiration:KMNothing","aspiration:KMNothing"],"campfire_rested":0,"item_purchase_floors":[0,0,0,0,0,0,0,3,3,3,3,11,11,11,11,19,19,19,19,21,21,29,29,29,38,38,38,38,54,54,54],"current_hp_per_floor":[97,100,100,103,103,103,103,103,100,103,103,103,102,89,95,103,103,103,113,113,113,113,113,113,113,113,113,116,119,119,119,119,114,118,119,119,119,222,222,222,222,222,222,222,222,222,222,222,222,222,222,222,222,225,225,225],"gold":1301,"neow_bonus":"","is_daily":false,"chose_seed":false,"campfire_upgraded":8,"win_rate":0.0,"timestamp":1610039875,"path_taken":["M","?","$","M","?","E","R","E","MIM","M","$","E","M","?","R","BOSS","M","$","M","$","M","E","R","E","T","?","?","$","M","E","R_BF","BOSS","M","M","M","$","?","R","M","R","T","?","E","R","E","M","R_BF","BOSS","BOSS","R","$","E","BOSS"],"items_purchased_type":["Relic","Relic","Card","Relic","Relic","Relic","Relic","Potion","Relic","Relic","Card","Relic","Relic","Relic","Card","Card","Relic","Relic","Relic","Relic","Card","Card","Relic","Relic","Relic","Card","Relic","Relic","Relic","Relic","Relic"],"build_version":"2020-12-13","purchased_purges":6,"victory":true,"max_hp_per_floor":[98,101,101,103,103,103,103,103,103,103,103,103,103,103,103,103,103,103,113,113,113,113,113,113,113,113,113,116,119,119,119,119,119,119,119,119,119,222,222,222,222,222,222,222,222,222,222,222,222,222,222,222,222,225,225,225],"card_choices":[{"not_picked":["Wild Strike","Replay:Undeath\u0027s Touch","Anger"],"picked":"SKIP","floor":1},{"not_picked":["StuffTheSpire:RockThrow","ReplayTheSpireMod:Strike From Hell","True Grit"],"picked":"SKIP","floor":4},{"not_picked":["Dark Embrace","Intimidate","Absolvement"],"picked":"SKIP","floor":6},{"not_picked":["Havoc","Clash","Rage"],"picked":"SKIP","floor":8},{"not_picked":["Flex","Clash","Pummel"],"picked":"SKIP","floor":10},{"not_picked":["Warcry","Iron Wave","True Grit"],"picked":"SKIP","floor":12},{"not_picked":["ReplayTheSpireMod:Muscle Training","Carnage","Hemogenesis"],"picked":"SKIP","floor":13},{"not_picked":["StuffTheSpire:Slingshot","Flex","Sword Boomerang"],"picked":"SKIP","floor":14},{"not_picked":["Absolvement","True Grit","Cleave"],"picked":"SKIP","floor":18},{"not_picked":["Inflame","conspire:Charge","Whirlwind"],"picked":"SKIP","floor":20},{"not_picked":["Pummel","Fire Breathing","Twin Strike"],"picked":"SKIP","floor":22},{"not_picked":["hubris:ReadiedAction","Juggernaut","conspire:ExplosiveBarrier+1"],"picked":"SKIP","floor":23},{"not_picked":["Body Slam","Iron Wave","StuffTheSpire:TitanForm"],"picked":"SKIP","floor":25},{"not_picked":["Havoc","Fire Breathing","Headbutt"],"picked":"SKIP","floor":30},{"not_picked":["Replay:Undeath\u0027s Touch","hubris:ReadiedAction","Flex"],"picked":"SKIP","floor":31},{"not_picked":["Iron Wave","Thunderclap+1","Cleave"],"picked":"SKIP","floor":35},{"not_picked":["Clash","ReplayTheSpireMod:Strike From Hell","Headbutt"],"picked":"SKIP","floor":36},{"not_picked":["Wild Strike","Run Through","Shrug It Off"],"picked":"SKIP","floor":37},{"not_picked":["Combust","Warcry","Reckless Charge"],"picked":"SKIP","floor":41},{"not_picked":["StuffTheSpire:Slingshot+1","Fiend Fire","Hemogenesis"],"picked":"SKIP","floor":45},{"not_picked":["Pummel","Dropkick","Rage"],"picked":"SKIP","floor":47},{"not_picked":["ReplayTheSpireMod:Muscle Training","Warcry","True Grit"],"picked":"SKIP","floor":48},{"not_picked":["StuffTheSpire:Slingshot","Entrench","Sword Boomerang"],"picked":"SKIP","floor":55}],"player_experience":114531,"relics_obtained":[{"floor":6,"key":"Replay:Kaleidoscope"},{"floor":8,"key":"RoseTintedShades"},{"floor":12,"key":"Dream Catcher"},{"floor":14,"key":"wanderingMiniBosses:LockLocket"},{"floor":23,"key":"StuffTheSpire:GrapeVine"},{"floor":25,"key":"hubris:64BitClover"},{"floor":26,"key":"StuffTheSpire:Barrel"},{"floor":31,"key":"Bag of Marbles"},{"floor":43,"key":"aspiration:KMNothing"},{"floor":45,"key":"aspiration:KMNothing"},{"floor":47,"key":"aspiration:KMNothing"},{"floor":48,"key":"aspiration:KMNothing"},{"floor":55,"key":"aspiration:KMNothing"}],"event_choices":[{"damage_healed":0,"gold_gain":0,"player_choice":"Upgrade","damage_taken":0,"relics_obtained":["Mark of the Bloom"],"max_hp_gain":0,"max_hp_loss":0,"event_name":"MindBloom","floor":0,"gold_loss":0,"cards_upgraded":["Strike_R","Strike_R","Strike_R","Defend_R","Defend_R","Defend_R","Bash","Searing Blow"]},{"cards_removed":["Strike_R"],"damage_healed":0,"gold_gain":0,"player_choice":"Card Removal","damage_taken":0,"max_hp_gain":0,"max_hp_loss":0,"event_name":"The Cleric","floor":2,"gold_loss":75},{"damage_healed":0,"gold_gain":0,"player_choice":"1 cards matched","damage_taken":0,"max_hp_gain":0,"max_hp_loss":0,"event_name":"Match and Keep!","floor":5,"gold_loss":0,"cards_obtained":["Blood for Blood"]},{"cards_removed":["Defend_R"],"damage_healed":0,"gold_gain":0,"player_choice":"Gave Gold","damage_taken":0,"max_hp_gain":0,"max_hp_loss":0,"event_name":"Beggar","floor":28,"gold_loss":75}],"is_beta":false,"boss_relics":[{"not_picked":["energizedSpire:NeverEndingSparkler","energizedSpire:SpiderWeb"],"picked":"StuffTheSpire:RunicConfusion"},{"not_picked":["Runic Cube","aspiration:DefectSkillbook"],"picked":"vexMod:TanglingVine"}],"items_purged_floors":[0,0,19,29,38,54],"is_endless":false,"potions_floor_spawned":[12,13,14,16,18,22,25,33,35,37],"ascension_level":20}}