{"host":"l7l2v2zs4hqku4vk","time":1610019672,"event":{"mods":["Act Like it!","BaseMod","Colored Powertips","Highlight Path","Minty Spire (QoL Compilation)","Replay The Spire","RumiaBox-露米娅的神秘盒子","StSLib","TestMod","The Servant 0.9.4","篝火指南"],"gold_per_floor":[114,114,141,168,195,237,249,291,328,355,367,629,656,698,710,822,834,861,893,430,445,460,460,490,490,490,520,535,550,580,580,580,680,680,695,710,610,625,640,640,670,670,670,670,545,575,590,605,155,155],"floor_reached":51,"playtime":2650,"items_purged":["Shuttle","Unruled","Rewind"],"score":1089,"play_id":"bf6ec716-da15-4e34-a11e-5790401f4f78","local_time":"20210107194112","daily_mods":["SealedDeck","Green Cards","Lethality"],"is_ascension_mode":false,"campfire_choices":[{"data":"Contraction","floor":7.0,"key":"SMITH"},{"data":"Moonlight","floor":11.0,"key":"SMITH"},{"data":"DoubleEdge","floor":15.0,"key":"SMITH"},{"data":"Duplication","floor":23.0,"key":"SMITH"},{"data":"Solidify","floor":25.0,"key":"SMITH"},{"data":"Spin","floor":32.0,"key":"SMITH"},{"data":"Feed","floor":40.0,"key":"SMITH"},{"data":"PendulumOfEternity","floor":42.0,"key":"SMITH"},{"data":"Creative AI","floor":44,"key":"SMITH"}],"circlet_count":0,"master_deck":["Ricochet+1","RealityMarble","InstantArmor","Moonlight+1","BottledTime","DoubleEdge+1","SpecialFormula","Rearm","InstantArmor","Contraction+1","Spin+1","Duplication+1","SpecialFormula+1","Dilation+1","Solidify+1","Rearm","MurderousAura+1","Feed+1","PendulumOfEternity+1","Creative AI+1","Seeing Red","Concentrate"],"relics":["Uniform","testmod-IntensifyImprint","MawBank","testmod-HeartOfDaVinci","Dream Catcher","Red Skull","testmod-Recursion","Red Mask","Matryoshka","Orrery","MagicDraw3","Replay:Mystery Machine","PreservedInsect","Bag of Preparation","Replay:Bottled Steam","Electric Blood","StrikeDummy","testmod-Hope","DataDisk","Another Sword","Whetstone","Guide Book","Snake Skull"],"acts_visited":["Exordium","TheCity","TheBeyond"],"potions_floor_usage":[50,50],"damage_taken":[{"damage":0.0,"enemies":"Jaw Worm","floor":1.0,"turns":1.0},{"damage":0.0,"enemies":"2 Louse","floor":3.0,"turns":1.0},{"damage":0.0,"enemies":"Cultist","floor":4.0,"turns":2.0},{"damage":7.0,"enemies":"Looter","floor":5.0,"turns":2.0},{"damage":0.0,"enemies":"Replay:BlueRogue","floor":6.0,"turns":2.0},{"damage":0.0,"enemies":"Lagavulin","floor":8.0,"turns":3.0},{"damage":0.0,"enemies":"Large Slime","floor":10.0,"turns":2.0},{"damage":0.0,"enemies":"Gremlin Gang","floor":13.0,"turns":2.0},{"damage":10.0,"enemies":"3 Sentries","floor":14.0,"turns":3.0},{"damage":0.0,"enemies":"Slime Boss","floor":16.0,"turns":4.0},{"damage":0.0,"enemies":"Chosen","floor":18.0,"turns":2.0},{"damage":0.0,"enemies":"Masked Bandits","floor":19.0,"turns":2.0},{"damage":0.0,"enemies":"2 Thieves","floor":21.0,"turns":2.0},{"damage":0.0,"enemies":"Sentry and Sphere","floor":22.0,"turns":1.0},{"damage":0.0,"enemies":"Replay:Snechameleon","floor":24.0,"turns":2.0},{"damage":0.0,"enemies":"Slavers","floor":27.0,"turns":1.0},{"damage":0.0,"enemies":"Shelled Parasite and Fungi","floor":28.0,"turns":1.0},{"damage":0.0,"enemies":"Cultist and Chosen","floor":29.0,"turns":1.0},{"damage":0.0,"enemies":"Replay:Snechameleon","floor":30.0,"turns":2.0},{"damage":0.0,"enemies":"Champ","floor":33.0,"turns":3.0},{"damage":4.0,"enemies":"3 Shapes","floor":35.0,"turns":2.0},{"damage":0.0,"enemies":"Orb Walker","floor":36.0,"turns":1.0},{"damage":0.0,"enemies":"4 Shapes","floor":38.0,"turns":1.0},{"damage":0.0,"enemies":"Maw","floor":39.0,"turns":3.0},{"damage":0.0,"enemies":"R_Hoarder","floor":41.0,"turns":4.0},{"damage":32,"enemies":"Nemesis","floor":46,"turns":3},{"damage":0,"enemies":"Sphere and 2 Shapes","floor":47,"turns":1},{"damage":0,"enemies":"3 Darklings","floor":48,"turns":2},{"damage":20,"enemies":"Time Eater","floor":50,"turns":3}],"seed_played":"8350349167999303424","potions_obtained":[{"floor":3.0,"key":"Block Potion"},{"floor":8.0,"key":"ColorlessPotion"},{"floor":13.0,"key":"testmod-EscapePotion"},{"floor":14.0,"key":"LiquidMemories"},{"floor":16.0,"key":"LiquidMemories"},{"floor":24.0,"key":"PowerPotion"},{"floor":33.0,"key":"FearPotion"}],"is_trial":false,"path_per_floor":["M","?","M","M","M","E","R","E","T","M","R","?","M","E","R","B",null,"M","?","$","M","M","R","E","R","T","E","M","M","E","?","R","B",null,"M","M","$","M","M","R","E","R","T","R","$","E","M","M","R","B",null],"character_chosen":"THE_SERVANT","items_purchased":["Matryoshka","Orrery","Whetstone","Guide Book","Snake Skull"],"campfire_rested":0,"item_purchase_floors":[20,20,49,49,49],"current_hp_per_floor":[65,65,65,65,58,63,63,65,65,65,65,65,65,60,60,65,65,65,65,65,65,65,65,65,65,65,65,65,65,65,65,65,65,65,64,68,68,68,71,71,71,71,71,71,71,43,52,69,69,62],"gold":155,"neow_bonus":"","is_daily":true,"chose_seed":false,"campfire_upgraded":9,"win_rate":0.0,"timestamp":1610019672,"path_taken":["M","?","M","M","M","E","R","E","T","M","R","?","M","E","R","BOSS","M","?","$","M","M","R","E","R","T","E","M","M","E","?","R","BOSS","M","M","$","M","M","R","E","R","T","R","$","E","M","M","R","BOSS"],"items_purchased_type":["Relic","Relic","Relic","Relic","Relic"],"build_version":"2020-12-22","purchased_purges":3,"victory":true,"max_hp_per_floor":[65,65,65,65,65,65,65,65,65,65,65,65,65,65,65,65,65,65,65,65,65,65,65,65,65,65,65,65,65,65,65,65,65,65,68,68,68,68,71,71,71,71,71,71,71,75,79,83,83,83],"card_choices":[{"not_picked":["TimeWarp","Ricochet","Moonlight"],"picked":"SKIP","floor":1.0},{"not_picked":["Collapse","TimeWarp","Foresight"],"picked":"SKIP","floor":3.0},{"not_picked":["Alleviate","Revamp"],"picked":"InstantArmor","floor":4.0},{"not_picked":["Potential","Ricochet"],"picked":"Unruled","floor":5.0},{"not_picked":["KillingDoll","Starlight"],"picked":"Contraction","floor":6.0},{"not_picked":["ShatteredReality","FanOfKnives"],"picked":"Spin","floor":8.0},{"not_picked":["Desolation","Moonlight","Comet"],"picked":"SKIP","floor":10.0},{"not_picked":["Potential","ShatteredReality","Defy"],"picked":"SKIP","floor":13.0},{"not_picked":["Spin","Collapse","Sabotage"],"picked":"SKIP","floor":14.0},{"not_picked":["PendulumOfEternity","ForgedInTime"],"picked":"Duplication","floor":16.0},{"not_picked":["Advance","Defy","Collapse"],"picked":"SKIP","floor":18.0},{"not_picked":["ShiftingGears","Reset"],"picked":"SpecialFormula+1","floor":19.0},{"not_picked":["Starlight","BottledTime"],"picked":"Dilation","floor":20.0},{"not_picked":["SoulSculpture","Alleviate"],"picked":"Solidify","floor":20.0},{"not_picked":["FastForward","Revamp"],"picked":"Rearm","floor":20.0},{"not_picked":["BottledTime","MoonPhase","Contraction"],"picked":"SKIP","floor":21.0},{"not_picked":["Rewind","Unruled","SoulSculpture"],"picked":"SKIP","floor":22.0},{"not_picked":["Deny","Alleviate+1","RealityMarble+1"],"picked":"SKIP","floor":24.0},{"not_picked":["InstantArmor+1","Replace","DancingSilver"],"picked":"SKIP","floor":27.0},{"not_picked":["FastForward","Revamp","Spin"],"picked":"SKIP","floor":28.0},{"not_picked":["FastForward","Dilation","Starlight"],"picked":"SKIP","floor":29.0},{"not_picked":["TimeTheft","Revamp","Gouge+1"],"picked":"SKIP","floor":30.0},{"not_picked":["Deny","SoulSculpture"],"picked":"MurderousAura","floor":33.0},{"not_picked":["Rewind","Comet+1","TimeWarp+1"],"picked":"SKIP","floor":35.0},{"not_picked":["Defy","Spin","Foresight"],"picked":"SKIP","floor":36.0},{"not_picked":["StarChef","Orbit+1","Spin+1"],"picked":"SKIP","floor":38.0},{"not_picked":["Starlight+1","WasteNot+1","Manipulate"],"picked":"SKIP","floor":39.0},{"not_picked":["Rearm+1","Spin+1"],"picked":"PendulumOfEternity","floor":41.0},{"not_picked":["Alleviate","DancingSilver+1","Rewind+1"],"picked":"SKIP","floor":46},{"not_picked":["GearUp","Replace","Starlight+1"],"picked":"SKIP","floor":47},{"not_picked":["TimeWarp+1","Rewind","DoubleEdge+1"],"picked":"SKIP","floor":48}],"player_experience":1685453,"relics_obtained":[{"floor":6.0,"key":"testmod-HeartOfDaVinci"},{"floor":8.0,"key":"Pantograph"},{"floor":9.0,"key":"Dream Catcher"},{"floor":14.0,"key":"Red Skull"},{"floor":19.0,"key":"Red Mask"},{"floor":24.0,"key":"MagicDraw3"},{"floor":26.0,"key":"Replay:Mystery Machine"},{"floor":26.0,"key":"PreservedInsect"},{"floor":27.0,"key":"Bag of Preparation"},{"floor":30.0,"key":"Replay:Bottled Steam"},{"floor":41.0,"key":"StrikeDummy"},{"floor":43,"key":"testmod-Hope"},{"floor":43,"key":"DataDisk"},{"floor":46,"key":"Another Sword"}],"event_choices":[{"damage_healed":0.0,"max_hp_gain":0.0,"max_hp_loss":0.0,"gold_gain":0.0,"event_name":"给自己的盒子","player_choice":"Swap Relic","floor":2.0,"relics_lost":["testmod-TestBox"],"gold_loss":0.0,"damage_taken":0.0,"relics_obtained":["MawBank"]},{"damage_healed":0.0,"max_hp_gain":0.0,"max_hp_loss":0.0,"gold_gain":250.0,"event_name":"恩洛斯的盘子","player_choice":"Sell","floor":12.0,"relics_lost":["Pantograph"],"gold_loss":0.0,"damage_taken":0.0},{"damage_healed":0.0,"max_hp_gain":0.0,"max_hp_loss":0.0,"gold_gain":0.0,"event_name":"Masked Bandits","player_choice":"Fought Bandits","floor":19.0,"gold_loss":0.0,"damage_taken":0.0},{"damage_healed":0.0,"max_hp_gain":0.0,"max_hp_loss":0.0,"gold_gain":0.0,"event_name":"Ghosts","player_choice":"Ignored","floor":31.0,"gold_loss":0.0,"damage_taken":0.0}],"is_beta":false,"boss_relics":[{"not_picked":["Ectoplasm","Replay:Ancient Bell"],"picked":"testmod-Recursion"},{"not_picked":["Honey Jar","HoveringKite"],"picked":"Electric Blood"}],"items_purged_floors":[20,37,45],"is_endless":false,"potions_floor_spawned":[3,8,13,14,16,24,27,29,33,35,46,48],"ascension_level":0}}