{"host":"¿à÷økuyou","time":1610019788,"event":{"mods":["ATMod(°¢èªMod)","Act Like it!","BaseMod","BetterRewards","Minty Spire (QoL Compilation)","Quick Restart","RyuuouÁúÍõ","StSLib"],"gold_per_floor":[114,114,133,152,171,209,209,247,272,291,291,366,410,429,429,554,554,573,642,686,749,793,831,900,900,900,979,998,1017,1096,1175,1187,1324,1336,1397,1458,190,269,288,288,386,386,386,386,186,224,243,387,387,412],"floor_reached":51,"playtime":949,"items_purged":[],"score":1176,"play_id":"0b087e5b-7ce9-4f55-bdec-1a71e110aa94","local_time":"20210107194308","daily_mods":["SealedDeck","Vintage","Lethality"],"is_ascension_mode":false,"campfire_choices":[{"data":"TalkToTheHand","floor":7.0,"key":"SMITH"},{"data":"Tantrum","floor":15.0,"key":"SMITH"},{"data":"Wish","floor":25.0,"key":"SMITH"},{"data":"Omniscience","floor":32,"key":"SMITH"},{"floor":40,"key":"DIG"},{"floor":42,"key":"DIG"},{"floor":44,"key":"DIG"},{"floor":49,"key":"DIG"}],"circlet_count":0,"master_deck":["Tantrum+1","FlurryOfBlows","BowlingBash","Consecrate+1","Consecrate","Adaptation","BowlingBash+1","Conclude","TalkToTheHand+1","Wish+1","Omniscience+1","FlurryOfBlows+1","Omniscience","Adaptation+1","Fasting2+1"],"relics":["PureWater","AT_ATBox","Singing Bowl","Golden Idol","AT_RedNoBalance","AT_SpeedBoots","Blue Candle","Eternal Feather","Lantern","Dream Catcher","Molten Egg 2","AT_DeathDance","Pantograph","Black Star","Ginger","Juzu Bracelet","Mummified Hand","Red Mask","AT_BladeRuinedKing","Damaru","The Courier","Anchor","AT_BellDemon","TeardropLocket","AT_BellowingDragoncrestRing","Turnip","Omamori","Frozen Egg 2","Bottled Flame","Sundial","Darkstone Periapt","Thread and Needle","MawBank","StrikeDummy","Coffee Dripper","Bag of Preparation","Mercury Hourglass","Ornamental Fan","Toxic Egg 2","AT_ImmortalShieldbow","Matryoshka","Happy Flower","Meat on the Bone","White Beast Statue","Shovel","Whetstone","Pear","AT_SilvercatRing","Potion Belt","FossilizedHelix","Kunai","AT_ArchangelStaff","Toy Ornithopter","Ancient Tea Set","Orichalcum","Letter Opener","AT_ForceNature","AT_LudenTempest","AT_TimeSand","Question Card","Gremlin Horn","Bronze Scales","Yang","AT_MibuBalloonWealth","Centennial Puzzle","Torii","Akabeko"],"acts_visited":["Exordium","TheCity","TheBeyond"],"potions_floor_usage":[33,39,50],"damage_taken":[{"damage":0.0,"enemies":"Jaw Worm","floor":1.0,"turns":1.0},{"damage":0.0,"enemies":"2 Louse","floor":3.0,"turns":1.0},{"damage":0.0,"enemies":"Cultist","floor":4.0,"turns":1.0},{"damage":13.0,"enemies":"Looter","floor":5.0,"turns":2.0},{"damage":0.0,"enemies":"Gremlin Nob","floor":6.0,"turns":1.0},{"damage":0.0,"enemies":"3 Sentries","floor":8.0,"turns":1.0},{"damage":0.0,"enemies":"Large Slime","floor":10.0,"turns":2.0},{"damage":0.0,"enemies":"Gremlin Gang","floor":13.0,"turns":1.0},{"damage":0.0,"enemies":"3 Louse","floor":14.0,"turns":1.0},{"damage":0.0,"enemies":"Hexaghost","floor":16.0,"turns":2.0},{"damage":0.0,"enemies":"Chosen","floor":18.0,"turns":1.0},{"damage":0.0,"enemies":"Spheric Guardian","floor":19.0,"turns":2.0},{"damage":3.0,"enemies":"Centurion and Healer","floor":20.0,"turns":2.0},{"damage":0.0,"enemies":"Masked Bandits","floor":21.0,"turns":1.0},{"damage":0.0,"enemies":"Snecko","floor":22.0,"turns":1.0},{"damage":0.0,"enemies":"Gremlin Leader","floor":23.0,"turns":1.0},{"damage":0.0,"enemies":"Sentry and Sphere","floor":24.0,"turns":1.0},{"damage":0.0,"enemies":"Centurion and Healer","floor":27.0,"turns":1.0},{"damage":0.0,"enemies":"Chosen and Byrds","floor":28.0,"turns":1.0},{"damage":0.0,"enemies":"Snecko","floor":29.0,"turns":1.0},{"damage":0,"enemies":"Sentry and Sphere","floor":30,"turns":1},{"damage":0,"enemies":"Snake Plant","floor":31,"turns":1},{"damage":0,"enemies":"Automaton","floor":33,"turns":1},{"damage":0,"enemies":"Orb Walker","floor":35,"turns":2},{"damage":0,"enemies":"3 Darklings","floor":36,"turns":1},{"damage":0,"enemies":"Maw","floor":38,"turns":1},{"damage":1,"enemies":"4 Shapes","floor":39,"turns":1},{"damage":0,"enemies":"Reptomancer","floor":41,"turns":1},{"damage":0,"enemies":"Giant Head","floor":46,"turns":2},{"damage":0,"enemies":"Sphere and 2 Shapes","floor":47,"turns":1},{"damage":0,"enemies":"3 Darklings","floor":48,"turns":1},{"damage":0,"enemies":"Time Eater","floor":50,"turns":1}],"seed_played":"8350349167999303424","potions_obtained":[{"floor":3.0,"key":"BlessingOfTheForge"},{"floor":8.0,"key":"FearPotion"},{"floor":13.0,"key":"FairyPotion"},{"floor":16.0,"key":"DuplicationPotion"},{"floor":36,"key":"Weak Potion"},{"floor":39,"key":"BlessingOfTheForge"},{"floor":41,"key":"BottledMiracle"},{"floor":46,"key":"SkillPotion"}],"is_trial":false,"path_per_floor":["M","?","M","M","M","E","R","E","T","M","?","?","M","M","R","B",null,"M","M","M","?","M","E","M","R","T","M","M","M","M","M","R","B",null,"M","M","$","M","M","R","E","R","T","R","$","E","M","M","R","B",null],"character_chosen":"WATCHER","items_purchased":["AT_ImmortalShieldbow","Matryoshka","Happy Flower","Meat on the Bone","White Beast Statue","Shovel","Whetstone","AT_TimeSand"],"campfire_rested":0,"item_purchase_floors":[37,37,37,37,37,37,37,45],"current_hp_per_floor":[72,54,54,36,23,38,44,39,39,38,38,27,38,38,44,63,76,38,38,35,35,35,35,35,41,41,41,41,41,41,41,47,74,78,78,78,78,88,87,88,88,88,88,88,88,88,88,88,88,88],"gold":412,"neow_bonus":"","is_daily":true,"chose_seed":false,"campfire_upgraded":4,"win_rate":0.0,"timestamp":1610019788,"path_taken":["M","?","M","M","M","E","R","E","T","M","?","?","M","M","R","BOSS","M","M","M","?","M","E","M","R","T","M","M","M","M","M","R","BOSS","M","M","$","M","M","R","E","R","T","R","$","E","M","M","R","BOSS"],"items_purchased_type":["Relic","Relic","Relic","Relic","Relic","Relic","Relic","Relic"],"build_version":"2020-12-18","purchased_purges":0,"victory":true,"max_hp_per_floor":[72,72,72,72,72,74,74,76,76,76,76,76,76,76,76,76,76,76,76,76,76,76,76,76,76,76,76,76,76,76,76,76,78,78,78,78,78,88,88,88,88,88,88,88,88,88,88,88,88,88],"card_choices":[{"not_picked":["Crescendo","EmptyFist","Study"],"picked":"Singing Bowl","floor":6.0},{"not_picked":["ReachHeaven","EmptyBody","WaveOfTheHand"],"picked":"Singing Bowl","floor":8.0},{"not_picked":["Scrawl","Alpha"],"picked":"Omniscience","floor":16.0},{"not_picked":["EmptyMind","SignatureMove+1"],"picked":"FlurryOfBlows+1","floor":21.0},{"not_picked":["Evaluate+1","EmptyBody"],"picked":"Omniscience","floor":23.0},{"not_picked":["ConjureBlade","Blasphemy","MasterReality+1"],"picked":"Singing Bowl","floor":33},{"not_picked":["BowlingBash+1","AT_DivineConfetti+1"],"picked":"Adaptation+1","floor":41},{"not_picked":["Halt+1","Pray+1"],"picked":"Fasting2+1","floor":46}],"player_experience":164380,"relics_obtained":[{"floor":1.0,"key":"Singing Bowl"},{"floor":3.0,"key":"AT_SilverBalance"},{"floor":4.0,"key":"AT_SpeedBoots"},{"floor":5.0,"key":"Blue Candle"},{"floor":6.0,"key":"Eternal Feather"},{"floor":8.0,"key":"Lantern"},{"floor":9.0,"key":"Dream Catcher"},{"floor":10.0,"key":"Molten Egg 2"},{"floor":13.0,"key":"AT_DeathDance"},{"floor":14.0,"key":"Pantograph"},{"floor":18.0,"key":"Ginger"},{"floor":19.0,"key":"Juzu Bracelet"},{"floor":20.0,"key":"Mummified Hand"},{"floor":21.0,"key":"Red Mask"},{"floor":22.0,"key":"AT_BladeRuinedKing"},{"floor":23.0,"key":"Damaru"},{"floor":23.0,"key":"The Courier"},{"floor":24.0,"key":"Anchor"},{"floor":26.0,"key":"AT_BellDemon"},{"floor":27.0,"key":"TeardropLocket"},{"floor":27.0,"key":"AT_BellowingDragoncrestRing"},{"floor":28.0,"key":"Turnip"},{"floor":28.0,"key":"Omamori"},{"floor":29.0,"key":"Frozen Egg 2"},{"floor":29.0,"key":"Bottled Flame"},{"floor":30,"key":"Sundial"},{"floor":30,"key":"Darkstone Periapt"},{"floor":31,"key":"Thread and Needle"},{"floor":31,"key":"MawBank"},{"floor":33,"key":"StrikeDummy"},{"floor":35,"key":"Bag of Preparation"},{"floor":35,"key":"Mercury Hourglass"},{"floor":36,"key":"Ornamental Fan"},{"floor":36,"key":"Toxic Egg 2"},{"floor":38,"key":"Pear"},{"floor":38,"key":"AT_SilvercatRing"},{"floor":39,"key":"Potion Belt"},{"floor":39,"key":"FossilizedHelix"},{"floor":40,"key":"Kunai"},{"floor":41,"key":"AT_ArchangelStaff"},{"floor":41,"key":"Toy Ornithopter"},{"floor":41,"key":"Ancient Tea Set"},{"floor":42,"key":"Orichalcum"},{"floor":43,"key":"Letter Opener"},{"floor":43,"key":"AT_ForceNature"},{"floor":44,"key":"AT_LudenTempest"},{"floor":46,"key":"Question Card"},{"floor":46,"key":"Gremlin Horn"},{"floor":46,"key":"Bronze Scales"},{"floor":47,"key":"Yang"},{"floor":47,"key":"AT_MibuBalloonWealth"},{"floor":48,"key":"Centennial Puzzle"},{"floor":48,"key":"Torii"},{"floor":49,"key":"Akabeko"}],"event_choices":[{"damage_healed":0.0,"max_hp_gain":0.0,"max_hp_loss":0.0,"gold_gain":0.0,"event_name":"Golden Idol","player_choice":"Take Damage","floor":2.0,"gold_loss":0.0,"damage_taken":18.0,"relics_obtained":["Golden Idol"]},{"damage_healed":0.0,"max_hp_gain":0.0,"max_hp_loss":0.0,"gold_gain":0.0,"cards_transformed":["FlyingSleeves"],"event_name":"Living Wall","player_choice":"Change","floor":11.0,"gold_loss":0.0,"damage_taken":0.0,"cards_obtained":["Wish"]},{"damage_healed":0.0,"max_hp_gain":0.0,"max_hp_loss":0.0,"gold_gain":75.0,"event_name":"World of Goop","player_choice":"Gather Gold","floor":12.0,"gold_loss":0.0,"damage_taken":11.0},{"damage_healed":0.0,"max_hp_gain":0.0,"max_hp_loss":0.0,"gold_gain":0.0,"event_name":"Masked Bandits","player_choice":"Fought Bandits","floor":21.0,"gold_loss":0.0,"damage_taken":0.0}],"is_beta":true,"boss_relics":[{"not_picked":["Cursed Key","Runic Dome"],"picked":"Black Star"},{"not_picked":["Sozu","Velvet Choker"],"picked":"Coffee Dripper"}],"items_purged_floors":[],"is_endless":false,"potions_floor_spawned":[3,8,13,16,19,20,22,23,29,30,31,36,38,39,41,46,47,48],"ascension_level":0}}