{"host":"ifrtxrfi0kt9ye6r","time":1610037259,"event":{"mods":["100% Spire Juice","Act Like it!","BaseMod","BetterRewards","Downfall","Gensokyo","Hubris","Infinite Spire","Koishi","Marisa£¨Ùöéë¡¡Øª×âÞÞ£©","Minty Spire (QoL Compilation)","Replay The Spire","StSLib","The Animator"],"gold_per_floor":[116,46,3,3,3,38,38,53,53,53,16,28,45,45,45,143,143,153,153,153,172,249,249,259,259,259,259,273,273,273,305,555,573,573,581,581],"floor_reached":35,"playtime":3005,"items_purged":["Koishi:BasicStrike","Regret"],"score":350,"play_id":"0e683907-3249-412e-a48b-b854c1d92502","local_time":"20210108013419","is_ascension_mode":true,"campfire_choices":[{"floor":7,"key":"RECALL"},{"data":"Pain","floor":15,"key":"PURGE"},{"floor":23,"key":"REST"},{"floor":27,"key":"REST"},{"floor":34,"key":"DIG"}],"circlet_count":0,"master_deck":["Koishi:BasicStrike","Koishi:BasicStrike","Koishi:BasicStrike","Koishi:BasicDefend","Koishi:BasicDefend","Koishi:BasicDefend","Koishi:BasicDefend","Koishi:Provoke","Koishi:HauntingSlash","Koishi:UnansweredLove","Gensokyo:CrescentMoonSlash","Koishi:Bloodlust","Koishi:GrowingPain","Koishi:UnansweredLove","Koishi:VengefulSpirit","Koishi:PhantomStrike","Koishi:SilentAndRestless","Koishi:PhantomBarrier","infinitespire:Collect","Koishi:UnconsciousUrges","Koishi:FleetingPhantom","Gensokyo:FourOfAKind","Gensokyo:FourOfAKind","Gensokyo:FourOfAKind","Gensokyo:FourOfAKind","Koishi:PredatoryInstincts","Koishi:PhantomBarrier"],"relics":["Koishi:ImaginaryFriend","Lizard Tail","Vajra","hubris:Icosahedron","White Beast Statue","Gensokyo:LunaticRedEyes","Snack Pack","hubris:HollowSoul","Gensokyo:ConquerorOfFear","Replay:Bottled Flurry","Potion Belt","Replay:Bandana","infinitespire:BottledMercury"],"acts_visited":["Gensokyo:Gensokyo","Gensokyo:Gensokyoer"],"potions_floor_usage":[16,16,18,21,21,24,31,31,35,35],"damage_taken":[{"damage":9,"enemies":"Gensokyo:Gryphon","floor":1,"turns":5},{"damage":4,"enemies":"Gensokyo:Cirno","floor":6,"turns":4},{"damage":3,"enemies":"Gensokyo:2_Kodama","floor":8,"turns":2},{"damage":8,"enemies":"Gensokyo:Python","floor":12,"turns":4},{"damage":11,"enemies":"Gensokyo:VengefulSpirit","floor":13,"turns":5},{"damage":19,"enemies":"Gensokyo:Kokoro","floor":16,"turns":9},{"damage":28,"enemies":"Gensokyo:CosmicMonolith","floor":18,"turns":5},{"damage":29,"enemies":"Gensokyo:2_Gloops","floor":21,"turns":6},{"damage":22,"enemies":"Gensokyo:Monolith_and_Dog","floor":24,"turns":6},{"damage":2,"enemies":"Gensokyo:Swordslinger","floor":28,"turns":4},{"damage":14,"enemies":"Gensokyo:Koishi","floor":31,"turns":6},{"damage":1,"enemies":"Gensokyo:Slime_Group","floor":33,"turns":4},{"damage":18,"enemies":"Gensokyo:Kaguya","floor":35,"turns":7}],"seed_played":"8669366143327978658","potions_obtained":[{"floor":6,"key":"AttackPotion"},{"floor":8,"key":"Languid Potion"},{"floor":12,"key":"SpeedPotion"},{"floor":13,"key":"PowerPotion"},{"floor":16,"key":"hexamod:EctoCoolerPotion"},{"floor":18,"key":"LiquidBronze"},{"floor":21,"key":"Adrenaline Potion"},{"floor":24,"key":"Swift Potion"},{"floor":28,"key":"Death Potion"},{"floor":31,"key":"Energy Potion"},{"floor":33,"key":"FearPotion"}],"is_trial":false,"path_per_floor":["M","?","COS","?","?","E","R","M","T","?","$","M","M","T","R","B",null,"M","AVR","?","M","T","R","M","?","T","R","M","PTL","PTL","E","?","M","R","B"],"character_chosen":"KOISHI","items_purchased":["Koishi:UnansweredLove","Lizard Tail","Koishi:VengefulSpirit"],"campfire_rested":2,"item_purchase_floors":[0,0,11],"current_hp_per_floor":[46,46,46,46,37,56,56,54,54,54,54,46,36,36,36,17,60,33,33,33,6,6,24,7,7,7,19,20,20,20,11,11,12,12,0,0],"gold":581,"neow_bonus":"","is_daily":false,"chose_seed":false,"campfire_upgraded":0,"win_rate":0.0,"timestamp":1610037259,"path_taken":["M","?","COS","?","?","E","R","M","T","?","$","M","M","?","R","BOSS","M","AVR","?","M","?","R","M","?","T","R","?","PTL","PTL","E","?","M","R","BOSS"],"items_purchased_type":["Card","Relic","Card"],"build_version":"2020-12-22","purchased_purges":2,"victory":false,"max_hp_per_floor":[60,60,60,60,60,60,60,60,60,60,60,60,60,60,60,60,60,60,60,60,60,60,60,60,42,42,42,42,42,42,42,40,40,40,40,40],"card_choices":[{"not_picked":["Koishi:YoukaiPolygraph","Koishi:IdleWhim","Koishi:CatchAndRose"],"picked":"SKIP","floor":1},{"not_picked":["Koishi:StingingMind","Koishi:ReflexRadar"],"picked":"Koishi:Bloodlust","floor":6},{"not_picked":["Koishi:PerfectMindControl","Koishi:MentalBreakdown"],"picked":"Koishi:GrowingPain","floor":8},{"not_picked":["Koishi:UnseenTerror","Koishi:FreudianInstinct"],"picked":"Koishi:UnansweredLove","floor":8},{"not_picked":["Koishi:PredatoryInstincts","Koishi:TraumaticStroke"],"picked":"Koishi:PhantomStrike","floor":12},{"not_picked":["Koishi:BloodcurdlingScream","Koishi:SubterraneanRose","Koishi:UnansweredLove"],"picked":"SKIP","floor":13},{"not_picked":["Koishi:ConditionedTeleport","Koishi:Ego"],"picked":"Koishi:SilentAndRestless","floor":16},{"not_picked":["Koishi:Prune","Koishi:TraumaticStroke"],"picked":"Koishi:PhantomBarrier","floor":18},{"not_picked":["Koishi:CatchAndRose","Koishi:UnconsciousUprising"],"picked":"Koishi:UnconsciousUrges","floor":21},{"not_picked":["Koishi:StingingMind+1","Koishi:CatchAndRose"],"picked":"Koishi:FleetingPhantom","floor":24},{"not_picked":["Koishi:SubterraneanRose","Koishi:ParalyzingFear","Koishi:CatchAndRose"],"picked":"SKIP","floor":28},{"not_picked":["Koishi:YoukaiPolygraph","Koishi:JumpScare+1"],"picked":"Koishi:PredatoryInstincts","floor":31},{"not_picked":["Koishi:ParalyzingFear","Koishi:UnconsciousUrges+1"],"picked":"Koishi:PhantomBarrier","floor":33}],"player_experience":274370,"relics_obtained":[{"floor":6,"key":"White Beast Statue"},{"floor":14,"key":"Snack Pack"},{"floor":21,"key":"Gensokyo:ConquerorOfFear"},{"floor":22,"key":"Replay:Bottled Flurry"},{"floor":26,"key":"Potion Belt"},{"floor":31,"key":"Replay:Bandana"},{"floor":34,"key":"infinitespire:BottledMercury"}],"event_choices":[],"is_beta":false,"boss_relics":[{"not_picked":["Replay:Ancient Bell","hubris:BlackHole"],"picked":"hubris:HollowSoul"}],"items_purged_floors":[0,19],"is_endless":false,"potions_floor_spawned":[6,8,12,13,16,18,21,24,28,31,33],"killed_by":"Gensokyo:Kaguya","ascension_level":2}}