{"host":"plfr3hlnjrrzt564","time":1610045911,"event":{"mods":["BaseMod","Hermit","Minty Spire (QoL Compilation)","Replay The Spire","StSLib"],"gold_per_floor":[109,6,22,41,60,70,82,82,82],"floor_reached":8,"playtime":695,"items_purged":[],"score":52,"play_id":"958a4b25-a72b-4d0b-80d7-f3fc87fc2d64","local_time":"20210107215831","is_ascension_mode":false,"campfire_choices":[],"circlet_count":0,"master_deck":["hermit:Strike_Hermit","hermit:Strike_Hermit","hermit:Strike_Hermit","hermit:Strike_Hermit","hermit:Defend_Hermit","hermit:Defend_Hermit","hermit:Defend_Hermit","hermit:Defend_Hermit","hermit:Snapshot","hermit:Covet","hermit:Shortfuse","hermit:TakeAim","hermit:ItchyTrigger","hermit:GhostlyPresence","hermit:Desperado","hermit:Maintenance","hermit:Vantage","hermit:Snipe"],"relics":["hermit:Momento","NeowsBlessing"],"acts_visited":["Exordium"],"potions_floor_usage":[5,7,7],"damage_taken":[{"damage":0,"enemies":"Cultist","floor":1,"turns":1},{"damage":6,"enemies":"Jaw Worm","floor":3,"turns":2},{"damage":0,"enemies":"2 Louse","floor":4,"turns":1},{"damage":6,"enemies":"2 Fungi Beasts","floor":5,"turns":3},{"damage":13,"enemies":"3 Louse","floor":6,"turns":5},{"damage":16,"enemies":"Exordium Wildlife","floor":7,"turns":5},{"damage":48,"enemies":"Gremlin Nob","floor":8,"turns":4}],"seed_played":"4322150878047914206","potions_obtained":[{"floor":1,"key":"EntropicBrew"},{"floor":6,"key":"Elixir"}],"is_trial":false,"path_per_floor":["M","$","M","M","M","M","M","E"],"character_chosen":"HERMIT","items_purchased":["hermit:TakeAim","hermit:ItchyTrigger"],"campfire_rested":0,"item_purchase_floors":[2,2],"current_hp_per_floor":[75,75,69,69,63,50,34,0,0],"gold":82,"neow_bonus":"THREE_ENEMY_KILL","is_daily":false,"chose_seed":false,"campfire_upgraded":0,"win_rate":0.0,"timestamp":1610045911,"path_taken":["M","$","M","M","M","M","M","E"],"items_purchased_type":["Card","Card"],"build_version":"2020-12-22","purchased_purges":0,"victory":false,"max_hp_per_floor":[75,75,75,75,75,75,75,75,75],"card_choices":[{"not_picked":["hermit:Snipe","hermit:Grudge"],"picked":"hermit:Shortfuse","floor":1},{"not_picked":["hermit:Dive","hermit:SprayPray"],"picked":"hermit:GhostlyPresence","floor":3},{"not_picked":["hermit:Feint","hermit:PistolWhip"],"picked":"hermit:Desperado","floor":4},{"not_picked":["hermit:Cheat","hermit:Manifest"],"picked":"hermit:Maintenance","floor":5},{"not_picked":["hermit:Roulette","hermit:Misfire"],"picked":"hermit:Vantage","floor":6},{"not_picked":["hermit:GhostlyPresence","hermit:ShadowCloak"],"picked":"hermit:Snipe","floor":7}],"player_experience":554684,"relics_obtained":[],"event_choices":[],"is_beta":false,"boss_relics":[],"items_purged_floors":[],"is_endless":false,"potions_floor_spawned":[1,6],"killed_by":"Gremlin Nob","ascension_level":0}}