{"host":"m77rrhbqzv44va4v","time":1610017462,"event":{"mods":["AchievementEnabler","BaseMod","Colored Map","DeckTracker","Keyboard Shortcuts","Minty Spire (QoL Compilation)","StSLib","SuperFastMode","everything is the same but u backflip on backflip"],"gold_per_floor":[118,118,33,49,49,49,75,89,89,14,32,32,107,131,131,204,204,218,53,67,14,27,43,93,103,129,149,163,163,175,185,185,259,259,270,18,18,0,0,0,0,12,12,25,25,25,42,42,42,42,42,42],"floor_reached":51,"playtime":1772,"items_purged":["Strike_G","Strike_G"],"score":1383,"play_id":"53b50dcb-e0f9-4067-a67a-f7a5d67ea398","local_time":"20210107200422","is_ascension_mode":true,"campfire_choices":[{"data":"Noxious Fumes","floor":6.0,"key":"SMITH"},{"data":"Catalyst","floor":12.0,"key":"SMITH"},{"floor":15.0,"key":"REST"},{"floor":29.0,"key":"REST"},{"floor":32.0,"key":"REST"},{"floor":40.0,"key":"REST"},{"floor":49.0,"key":"REST"}],"circlet_count":0,"master_deck":["AscendersBane","Strike_G","Strike_G","Defend_G","Defend_G","Defend_G","Defend_G","Survivor","Neutralize","Blade Dance","Noxious Fumes+1","Backflip","Catalyst+1","Malaise","Cloak And Dagger","Bouncing Flask","Heel Hook","Acrobatics","Footwork","Backflip","After Image","Calculated Gamble","Burst","Setup","Outmaneuver+1"],"relics":["Ring of the Snake","NeowsBlessing","Mummified Hand","Bag of Marbles","Shuriken","Art of War","Fusion Hammer","TwistedFunnel","Snake Skull","Akabeko","Runic Pyramid","Red Mask","Tough Bandages"],"acts_visited":["Exordium","TheCity","TheBeyond"],"potions_floor_usage":[50],"damage_taken":[{"damage":0.0,"enemies":"Jaw Worm","floor":1.0,"turns":1.0},{"damage":0.0,"enemies":"2 Louse","floor":4.0,"turns":1.0},{"damage":0.0,"enemies":"3 Sentries","floor":7.0,"turns":1.0},{"damage":0.0,"enemies":"Cultist","floor":8.0,"turns":3.0},{"damage":0.0,"enemies":"2 Fungi Beasts","floor":11.0,"turns":3.0},{"damage":37.0,"enemies":"Slime Boss","floor":16.0,"turns":7.0},{"damage":10.0,"enemies":"3 Byrds","floor":18.0,"turns":6.0},{"damage":13.0,"enemies":"2 Thieves","floor":20.0,"turns":4.0},{"damage":10.0,"enemies":"Centurion and Healer","floor":22.0,"turns":5.0},{"damage":0.0,"enemies":"Snake Plant","floor":23.0,"turns":2.0},{"damage":1.0,"enemies":"Chosen and Byrds","floor":25.0,"turns":4.0},{"damage":3.0,"enemies":"Centurion and Healer","floor":27.0,"turns":4.0},{"damage":0.0,"enemies":"Snecko","floor":28.0,"turns":4.0},{"damage":10.0,"enemies":"Cultist and Chosen","floor":30.0,"turns":5.0},{"damage":0.0,"enemies":"Centurion and Healer","floor":31.0,"turns":4.0},{"damage":23.0,"enemies":"Champ","floor":33.0,"turns":9.0},{"damage":0.0,"enemies":"3 Shapes","floor":35.0,"turns":3.0},{"damage":0.0,"enemies":"Reptomancer","floor":41.0,"turns":2.0},{"damage":31.0,"enemies":"3 Darklings","floor":42.0,"turns":4.0},{"damage":0.0,"enemies":"Sphere and 2 Shapes","floor":44.0,"turns":6.0},{"damage":8.0,"enemies":"4 Shapes","floor":47.0,"turns":5.0},{"damage":30,"enemies":"Time Eater","floor":50,"turns":5},{"damage":16,"enemies":"Awakened One","floor":51,"turns":2}],"seed_played":"-9134916463382439056","potions_obtained":[{"floor":4.0,"key":"DistilledChaos"},{"floor":8.0,"key":"Poison Potion"},{"floor":22.0,"key":"GhostInAJar"},{"floor":25.0,"key":"Swift Potion"},{"floor":27.0,"key":"SmokeBomb"},{"floor":42.0,"key":"LiquidMemories"},{"floor":47.0,"key":"BlessingOfTheForge"}],"is_trial":false,"path_per_floor":["M","?","$","M","?","R","E","M","T","$","M","R","?","T","R","B",null,"M","$","M","?","M","M","?","M","T","M","M","R","M","M","R","B",null,"M","$","?","?","?","R","E","M","T","M","?","$","M","$","R","B","B"],"character_chosen":"THE_SILENT","items_purchased":["Noxious Fumes","TwistedFunnel","Burst"],"campfire_rested":5,"item_purchase_floors":[3,19,36],"current_hp_per_floor":[59,33,33,33,33,33,33,33,33,33,33,33,22,22,41,4,51,41,41,28,28,18,18,18,17,17,14,14,33,23,23,42,19,54,54,54,54,54,54,66,66,35,35,35,35,35,27,27,46,16,0,0],"gold":42,"neow_bonus":"THREE_ENEMY_KILL","is_daily":false,"chose_seed":false,"campfire_upgraded":2,"win_rate":0.0,"timestamp":1610017462,"path_taken":["M","?","$","M","?","R","E","M","T","?","M","R","?","?","R","BOSS","M","$","M","?","?","M","?","M","T","M","M","R","M","M","R","BOSS","M","$","?","?","?","R","E","?","T","M","?","$","?","?","R","BOSS","BOSS"],"items_purchased_type":["Card","Relic","Card"],"build_version":"2020-12-22","purchased_purges":2,"victory":false,"max_hp_per_floor":[66,66,66,66,66,66,66,66,66,66,66,66,66,66,66,66,66,66,66,66,66,66,66,66,66,66,66,66,66,66,66,66,66,66,66,66,66,66,66,66,66,66,66,66,66,66,66,66,66,66,66,66],"card_choices":[{"not_picked":["Deflect","Dagger Spray"],"picked":"Blade Dance","floor":1.0},{"not_picked":["Predator","Flying Knee"],"picked":"Backflip","floor":4.0},{"not_picked":["Expertise","Escape Plan"],"picked":"Bane","floor":7.0},{"not_picked":["Bane","Endless Agony","Accuracy"],"picked":"SKIP","floor":8.0},{"not_picked":["Prepared","Quick Slash"],"picked":"Catalyst","floor":11.0},{"not_picked":["Die Die Die","Tools of the Trade"],"picked":"Malaise","floor":16.0},{"not_picked":["Deadly Poison","Dodge and Roll"],"picked":"Cloak And Dagger","floor":18.0},{"not_picked":["A Thousand Cuts","Setup"],"picked":"Bouncing Flask","floor":20.0},{"not_picked":["Quick Slash","Underhanded Strike"],"picked":"Heel Hook","floor":22.0},{"not_picked":["Cloak And Dagger","Poisoned Stab"],"picked":"Acrobatics","floor":23.0},{"not_picked":["Prepared","Cloak And Dagger","Finisher"],"picked":"SKIP","floor":25.0},{"not_picked":["Outmaneuver","Blur"],"picked":"Footwork","floor":27.0},{"not_picked":["Deadly Poison","Endless Agony","Unload"],"picked":"SKIP","floor":28.0},{"not_picked":["Distraction","Cloak And Dagger"],"picked":"Backflip","floor":30.0},{"not_picked":["Poisoned Stab","Concentrate","Cloak And Dagger"],"picked":"SKIP","floor":31.0},{"not_picked":["Phantasmal Killer","Die Die Die"],"picked":"After Image","floor":33.0},{"not_picked":["Bouncing Flask","Blade Dance+1"],"picked":"Calculated Gamble","floor":35.0},{"not_picked":["Flechettes+1","Flying Knee"],"picked":"Outmaneuver+1","floor":42.0},{"not_picked":["Quick Slash","Dagger Throw","Slice"],"picked":"SKIP","floor":44.0},{"not_picked":["Predator","Endless Agony","Dodge and Roll"],"picked":"SKIP","floor":47.0}],"player_experience":913453,"relics_obtained":[{"floor":7.0,"key":"Bag of Marbles"},{"floor":9.0,"key":"Shuriken"},{"floor":14.0,"key":"Art of War"},{"floor":26.0,"key":"Akabeko"},{"floor":43.0,"key":"Tough Bandages"}],"event_choices":[{"damage_healed":0.0,"max_hp_gain":0.0,"max_hp_loss":0.0,"gold_gain":0.0,"event_name":"Scrap Ooze","player_choice":"Success","floor":2.0,"gold_loss":0.0,"damage_taken":26.0,"relics_obtained":["Mummified Hand"]},{"damage_healed":0.0,"max_hp_gain":0.0,"max_hp_loss":0.0,"gold_gain":0.0,"event_name":"Golden Idol","player_choice":"Ignored","floor":5.0,"gold_loss":0.0,"damage_taken":0.0},{"damage_healed":0.0,"max_hp_gain":0.0,"max_hp_loss":0.0,"gold_gain":75.0,"event_name":"World of Goop","player_choice":"Gather Gold","floor":13.0,"gold_loss":0.0,"damage_taken":11.0},{"damage_healed":0.0,"max_hp_gain":0.0,"max_hp_loss":0.0,"gold_gain":0.0,"event_name":"WeMeetAgain","player_choice":"Paid Gold","floor":21.0,"gold_loss":53.0,"damage_taken":0.0,"relics_obtained":["Snake Skull"]},{"damage_healed":0.0,"max_hp_gain":0.0,"max_hp_loss":0.0,"gold_gain":50.0,"event_name":"Nest","player_choice":"Stole From Cult","floor":24.0,"gold_loss":0.0,"damage_taken":0.0},{"cards_removed":["Bane"],"damage_healed":0.0,"max_hp_gain":0.0,"max_hp_loss":0.0,"gold_gain":0.0,"event_name":"Falling","player_choice":"Removed Attack","floor":37.0,"gold_loss":0.0,"damage_taken":0.0},{"damage_healed":0.0,"max_hp_gain":0.0,"max_hp_loss":0.0,"gold_gain":0.0,"event_name":"Tomb of Lord Red Mask","player_choice":"Paid","floor":38.0,"gold_loss":18.0,"damage_taken":0.0,"relics_obtained":["Red Mask"]},{"damage_healed":0.0,"max_hp_gain":0.0,"max_hp_loss":0.0,"gold_gain":0.0,"cards_transformed":["Strike_G"],"event_name":"Transmorgrifier","player_choice":"Transformed","floor":39.0,"gold_loss":0.0,"damage_taken":0.0,"cards_obtained":["Setup"]},{"cards_removed":["Defend_G"],"damage_healed":0.0,"max_hp_gain":0.0,"max_hp_loss":0.0,"gold_gain":0.0,"event_name":"Wheel of Change","player_choice":"Card Removal","floor":45.0,"gold_loss":0.0,"damage_taken":0.0}],"is_beta":false,"boss_relics":[{"not_picked":["WristBlade","Runic Dome"],"picked":"Fusion Hammer"},{"not_picked":["Velvet Choker","Black Star"],"picked":"Runic Pyramid"}],"items_purged_floors":[10,36],"is_endless":false,"potions_floor_spawned":[4,8,11,22,25,27,28,42,47],"killed_by":"Awakened One","ascension_level":20}}