{"host":"vrsxkkch9ccrec7k","time":1610055923,"event":{"mods":["Act Like it!","BaseMod","Bestiary","Better Third Choice","Better Vampires","Gensokyo","Hermit","Minty Spire (QoL Compilation)","Permanent Neow","Relic Stats","Spicy Shops","StSLib"],"gold_per_floor":[135,135,189,219,219,297,76,76,76,175,268,71,71,167,167,167,167],"floor_reached":16,"playtime":1314,"items_purged":[],"score":159,"play_id":"5567f183-534c-489b-88b8-0aaab96a31d7","local_time":"20210107164523","daily_mods":["Vintage","Heirloom","Flight","DeadlyEvents","Elite Swarm","Midas"],"is_ascension_mode":true,"campfire_choices":[{"floor":8,"key":"REST"},{"floor":13,"key":"REST"},{"floor":15,"key":"REST"}],"circlet_count":0,"master_deck":["hermit:Strike_Hermit","hermit:Strike_Hermit","hermit:Strike_Hermit","hermit:Strike_Hermit","hermit:Defend_Hermit","hermit:Defend_Hermit","hermit:Defend_Hermit","hermit:Defend_Hermit","hermit:Snapshot+1","hermit:Covet","hermit:HighNoon","hermit:Adapt","hermit:Gambit"],"relics":["hermit:Momento","FossilizedHelix","hermit:RyeStalk","CultistMask","Strawberry","Eternal Feather","Orichalcum","Lee\u0027s Waffle","InkBottle","Gremlin Horn","Bag of Preparation","Oddly Smooth Stone","Unceasing Top"],"acts_visited":["Exordium"],"potions_floor_usage":[11],"damage_taken":[{"damage":0,"enemies":"Jaw Worm","floor":1,"turns":4},{"damage":0,"enemies":"Cultist","floor":3,"turns":4},{"damage":0,"enemies":"Small Slimes","floor":4,"turns":5},{"damage":36,"enemies":"Lagavulin","floor":6,"turns":7},{"damage":18,"enemies":"3 Sentries","floor":10,"turns":8},{"damage":1,"enemies":"Lagavulin","floor":11,"turns":9},{"damage":0,"enemies":"Gremlin Nob","floor":14,"turns":5},{"damage":22,"enemies":"Slime Boss","floor":16,"turns":10}],"seed_played":"-490866848251070533","potions_obtained":[{"floor":11,"key":"SteroidPotion"},{"floor":14,"key":"hermit:BlackBile"}],"is_trial":true,"path_per_floor":["M","?","M","M","?","E","$","R","T","E","E","$","R","E","R","B"],"character_chosen":"HERMIT","items_purchased":["Lee\u0027s Waffle","Weak Potion","Oddly Smooth Stone","Fire Potion"],"campfire_rested":3,"item_purchase_floors":[7,7,12,12],"current_hp_per_floor":[75,75,82,82,82,46,89,89,89,71,70,70,89,89,89,67,67],"gold":167,"neow_bonus":"","is_daily":false,"chose_seed":false,"campfire_upgraded":0,"win_rate":0.0,"timestamp":1610055923,"path_taken":["M","?","M","?","?","E","$","R","T","E","E","$","R","E","R","BOSS"],"items_purchased_type":["Relic","Potion","Relic","Potion"],"build_version":"2020-12-22","purchased_purges":0,"victory":false,"max_hp_per_floor":[75,75,82,82,82,82,89,89,89,89,89,89,89,89,89,89,89],"relic_stats":{"Lee\u0027s Waffle":43,"Gremlin Horn":[0,0],"counters":[8,52],"Eternal Feather":6,"Bag of Preparation":[4],"Orichalcum":[108],"obtain_stats":[{"Lee\u0027s Waffle":7,"Gremlin Horn":10,"Oddly Smooth Stone":12,"Eternal Feather":4,"Bag of Preparation":11,"Orichalcum":6,"hermit:RyeStalk":1,"Strawberry":3,"CultistMask":2,"hermit:Momento":0,"FossilizedHelix":0,"InkBottle":9,"Unceasing Top":14},{"Lee\u0027s Waffle":4,"Gremlin Horn":5,"Oddly Smooth Stone":6,"Eternal Feather":3,"Bag of Preparation":6,"Orichalcum":4,"hermit:RyeStalk":1,"Strawberry":2,"CultistMask":1,"hermit:Momento":0,"FossilizedHelix":0,"InkBottle":4,"Unceasing Top":7},{"Lee\u0027s Waffle":20,"Gremlin Horn":28,"Oddly Smooth Stone":37,"Eternal Feather":13,"Bag of Preparation":37,"Orichalcum":20,"hermit:RyeStalk":4,"Strawberry":8,"CultistMask":4,"hermit:Momento":0,"FossilizedHelix":0,"InkBottle":20,"Unceasing Top":42}],"InkBottle":[9],"Unceasing Top":[0]},"card_choices":[{"not_picked":["hermit:Dissolve","hermit:Roughhouse"],"picked":"hermit:HighNoon","floor":6},{"not_picked":["hermit:FatalDesire","hermit:FromBeyond"],"picked":"hermit:Adapt","floor":10},{"not_picked":["hermit:Reprieve","hermit:Dissolve"],"picked":"hermit:Gambit","floor":11},{"not_picked":["hermit:FinalCanter","hermit:Gambit","hermit:OverwhelmingPower"],"picked":"SKIP","floor":14}],"player_experience":1344941,"relics_obtained":[{"floor":1,"key":"hermit:RyeStalk"},{"floor":3,"key":"Strawberry"},{"floor":4,"key":"Eternal Feather"},{"floor":6,"key":"Orichalcum"},{"floor":9,"key":"InkBottle"},{"floor":10,"key":"Gremlin Horn"},{"floor":11,"key":"Bag of Preparation"},{"floor":14,"key":"Unceasing Top"}],"event_choices":[{"damage_healed":0,"gold_gain":0,"player_choice":"Trade","damage_taken":0,"relics_obtained":["CultistMask"],"max_hp_gain":0,"max_hp_loss":0,"event_name":"FaceTrader","floor":2,"gold_loss":0},{"damage_healed":0,"gold_gain":0,"player_choice":"Grow","damage_taken":0,"max_hp_gain":0,"max_hp_loss":0,"event_name":"Living Wall","floor":5,"gold_loss":0,"cards_upgraded":["hermit:Snapshot"]}],"is_beta":false,"boss_relics":[],"items_purged_floors":[],"is_endless":false,"potions_floor_spawned":[11,14],"killed_by":"Slime Boss","ascension_level":1}}