{"host":"y6zg4wwu39otf01a","time":1610062830,"event":{"mods":["Act Like it!","Aspiration","BaseMod","Better Altar","Better Match","Better Note","Better Sensory Stone","Better Skull","Better Third Choice","Colored Map","Colored Powertips","Conspire","GifTheSpireLib","Glutton Mod","Halation","Hermit","Highlight Path","Hubris","Infinite Spire","Mimic Mod","Minty Spire (QoL Compilation)","Quick Restart","Random Character Button","Rare Cards Sparkle","Replay The Spire","Retaliation","Shade Mod","Spicy Shops","StSLib","Stuff the Spire","The Blue Laboratory","The Jungle","TheArtist","thorton","vexMod"],"gold_per_floor":[113,141,3,3,3,3,62,90,113,130,175,175,240,240,240,355,355,396,396,396,412,412,412,399,10,66,116,188,235,385,441,441,582,582,664,763,290,356,356,356,435,537,612,721,818,899,1011,1106,1106,1100],"floor_reached":51,"playtime":8166,"items_purged":["hubris:Disease"],"score":1098,"play_id":"386baa41-3d83-426e-a09c-34fc48833c24","local_time":"20210107184030","is_ascension_mode":true,"campfire_choices":[{"data":"Glutton:Masochism","floor":6,"key":"SMITH"},{"floor":15,"key":"REST"},{"data":"infinitespire:Collect","floor":23,"key":"SMITH"},{"floor":32,"key":"REST"},{"data":"Replay:Fractal Strike","floor":40,"key":"SMITH"},{"floor":49,"key":"REST"}],"circlet_count":0,"master_deck":["Glutton:Strike","Glutton:Strike","Glutton:Strike","Glutton:Strike","Glutton:Strike","Glutton:Defend+1","Glutton:Defend+1","Glutton:Defend+1","Glutton:Flail","Glutton:Mug","Glutton:Masochism+1","Glutton:Borborygmi","Glutton:Malignancy+1","Glutton:Chrysosphagy+1","Glutton:Bite","Glutton:Demolish","Glutton:Vitality","Glutton:Hemophilia","Glutton:FeverVisions","Doubt","infinitespire:Collect+1","ReplayTheSpireMod:Private Reserves","Purity","Glutton:Treat","Glutton:Bite","Glutton:Mug","Glutton:LashOut+1","Glutton:PainMeditation+1","Hallucinations","Glutton:Clot","Glutton:Reminisce","Glutton:Migraine+1","Specialist","Replay:Fractal Strike+1","Glutton:Clot+1"],"relics":["Glutton:EternalHunger","StuffTheSpire:BottledEssence","Replay:Kaleidoscope","Strawberry","Vajra","vexMod:BigBerry","Bronze Scales","Replay:PocketPolymizer","hubris:MysteriousPyramids","Replay:Mystery Machine","ReplayTheSpireMod:CursedCoin","infinitespire:Golems Mask","hubris:FruitBowl","infinitespire:EvilPickle","SacredBark","Glutton:LuckySock","vexMod:TimeEaterHat","Eternal Feather","Boot","Smiling Mask","infinitespire:CursedDice","StuffTheSpire:ForceGauntlet"],"acts_visited":["Exordium","TheCity","TheBeyond"],"potions_floor_usage":[9,10,13,18,31,31,33,36,41,44,45,48,50],"damage_taken":[{"damage":17,"enemies":"Cultist","floor":1,"turns":4},{"damage":12,"enemies":"Jaw Worm","floor":2,"turns":3},{"damage":35,"enemies":"3 Sentries","floor":7,"turns":7},{"damage":7,"enemies":"Small Slimes","floor":8,"turns":3},{"damage":17,"enemies":"3 Louse","floor":9,"turns":6},{"damage":42,"enemies":"Lagavulin","floor":10,"turns":7},{"damage":15,"enemies":"3 Louse","floor":11,"turns":3},{"damage":50,"enemies":"Gremlin Nob","floor":13,"turns":6},{"damage":78,"enemies":"Slime Boss","floor":16,"turns":12},{"damage":57,"enemies":"Shell Parasite","floor":18,"turns":7},{"damage":17,"enemies":"Chosen","floor":21,"turns":5},{"damage":24,"enemies":"3 Cultists","floor":24,"turns":4},{"damage":25,"enemies":"Shelled Parasite and Fungi","floor":26,"turns":7},{"damage":51,"enemies":"conspire:SneckoGhost","floor":28,"turns":6},{"damage":18,"enemies":"Shelled Parasite and Fungi","floor":29,"turns":2},{"damage":39,"enemies":"Snecko","floor":31,"turns":4},{"damage":86,"enemies":"Pondfish","floor":33,"turns":9},{"damage":52,"enemies":"Orb Walker","floor":35,"turns":5},{"damage":40,"enemies":"3 Darklings","floor":36,"turns":6},{"damage":52,"enemies":"Sphere and 2 Shapes","floor":38,"turns":6},{"damage":29,"enemies":"R_Hoarder","floor":41,"turns":7},{"damage":29,"enemies":"Transient","floor":42,"turns":5},{"damage":39,"enemies":"Spire Growth","floor":43,"turns":8},{"damage":39,"enemies":"Reptomancer","floor":44,"turns":6},{"damage":116,"enemies":"Spire Growth","floor":45,"turns":7},{"damage":51,"enemies":"Jaw Worm Horde","floor":46,"turns":3},{"damage":59,"enemies":"R_Hoarder","floor":47,"turns":8},{"damage":22,"enemies":"4 Shapes","floor":48,"turns":5},{"damage":169,"enemies":"hubris:GrandSnecko","floor":50,"turns":10}],"seed_played":"6088883420660441900","potions_obtained":[{"floor":7,"key":"FearPotion"},{"floor":8,"key":"SneckoOil"},{"floor":11,"key":"blueLaboratory:TrueEctoplasm"},{"floor":13,"key":"blueLaboratory:TrueEctoplasm"},{"floor":16,"key":"Explosive Potion"},{"floor":18,"key":"Venom Potion"},{"floor":21,"key":"Swift Potion"},{"floor":29,"key":"Regen Potion"},{"floor":33,"key":"blueLaboratory:FrostheartPotion"},{"floor":36,"key":"Elixir"},{"floor":42,"key":"Swift Potion"},{"floor":44,"key":"Fruit Juice"},{"floor":45,"key":"SneckoOil"},{"floor":47,"key":"Fire Potion"},{"floor":48,"key":"blueLaboratory:ForbiddenFruitJuice"}],"is_trial":false,"path_per_floor":["M","M","$","?","$","R","E","M","MIM","E","M","?","E","?","R","B",null,"M","?","?","M","?","R","M","$","MIM","?","E","M","$","M","R","B",null,"M","M","$","M","AVR","R","E","M","MIM","E","M","M","E","M","R_BF","B",null],"character_chosen":"GLUTTON","items_purchased":["StuffTheSpire:BottledEssence","Glutton:Borborygmi","Replay:PocketPolymizer","Glutton:Mug","ReplayTheSpireMod:CursedCoin","infinitespire:Golems Mask","hubris:FruitBowl","Glutton:LuckySock","vexMod:TimeEaterHat","Specialist"],"campfire_rested":3,"item_purchase_floors":[3,3,25,25,30,30,30,37,37,37],"current_hp_per_floor":[115,103,103,103,103,103,68,61,91,89,76,76,28,28,69,27,169,116,116,116,131,131,131,166,166,169,169,155,139,95,95,146,131,176,153,146,146,129,129,147,121,127,159,156,125,108,102,116,201,138],"gold":1100,"neow_bonus":"TEN_PERCENT_HP_BONUS","is_daily":false,"chose_seed":false,"campfire_upgraded":3,"win_rate":0.0,"timestamp":1610062830,"path_taken":["M","M","$","?","$","R","E","M","MIM","E","M","?","E","?","R","BOSS","M","?","?","M","?","R","M","$","MIM","?","E","?","?","M","R","BOSS","M","M","$","M","AVR","R","E","M","MIM","E","?","M","E","M","R_BF","BOSS"],"items_purchased_type":["Relic","Card","Relic","Card","Relic","Relic","Relic","Relic","Relic","Card"],"build_version":"2020-12-22","purchased_purges":1,"victory":true,"max_hp_per_floor":[132,132,132,132,132,132,132,132,139,139,139,139,139,139,139,139,169,169,169,169,169,169,169,169,169,169,169,169,171,171,171,171,176,176,177,178,178,179,179,179,176,177,184,188,207,207,214,216,216,223],"card_choices":[{"not_picked":["Glutton:Tantrum","Glutton:Overreach"],"picked":"Glutton:Mug","floor":1},{"not_picked":["Glutton:Rest","Glutton:Migraine"],"picked":"Glutton:Masochism","floor":2},{"not_picked":["Glutton:ShedFat","Glutton:FeebleKick"],"picked":"Glutton:Malignancy","floor":7},{"not_picked":["Glutton:Rest","Glutton:LashOut"],"picked":"Glutton:Chrysosphagy","floor":8},{"not_picked":["Glutton:GoldenArmor","Glutton:PainMeditation"],"picked":"Glutton:Bite","floor":10},{"not_picked":["Glutton:Migraine","Glutton:Bite"],"picked":"Glutton:Demolish","floor":11},{"not_picked":["Glutton:Bite","Glutton:Thrombosis"],"picked":"Glutton:Vitality","floor":13},{"not_picked":["Glutton:FragileMight","Glutton:Excrescence"],"picked":"Glutton:Hemophilia","floor":16},{"not_picked":["Glutton:DistilledAgony","Glutton:Profligacy"],"picked":"Glutton:FeverVisions","floor":18},{"not_picked":["infinitespire:DeathsTouch","ReplayTheSpireMod:Haul"],"picked":"infinitespire:Collect","floor":19},{"not_picked":["vexMod:EmailVexCard","StuffTheSpire:PlasmaPunch"],"picked":"ReplayTheSpireMod:Private Reserves","floor":20},{"not_picked":["PanicButton","ReplayTheSpireMod:Brewmster"],"picked":"Purity","floor":20},{"not_picked":["Glutton:Scab","Glutton:BloodyKnuckle"],"picked":"Glutton:Treat","floor":21},{"not_picked":["Glutton:Tantrum+1","Glutton:GuardStance"],"picked":"Glutton:Bite","floor":24},{"not_picked":["Glutton:Slam","Glutton:Regurgitate+1"],"picked":"Glutton:LashOut+1","floor":26},{"not_picked":["Glutton:ObsessiveGreed","Glutton:Regurgitate","Glutton:Devour"],"picked":"SKIP","floor":28},{"not_picked":["Glutton:Mug","Glutton:Thrombosis+1"],"picked":"Glutton:PainMeditation+1","floor":29},{"not_picked":["Glutton:Salivate","Glutton:Yearn+1"],"picked":"Glutton:Clot","floor":31},{"not_picked":["Glutton:FragileMight","Glutton:Nostalgia"],"picked":"Glutton:Reminisce","floor":33},{"not_picked":["Glutton:Brace","Glutton:KneeJerk","Glutton:GuardStance"],"picked":"SKIP","floor":35},{"not_picked":["Glutton:Profligacy","Glutton:DecrepitStrike"],"picked":"Glutton:Migraine+1","floor":36},{"not_picked":["Glutton:ShareWeakness+1","Glutton:Yearn","Glutton:Strain+1"],"picked":"SKIP","floor":38},{"not_picked":["Glutton:Slam","Glutton:Excrescence","Glutton:ObsessiveGreed+1"],"picked":"SKIP","floor":41},{"not_picked":["Glutton:Treat+1","Glutton:Feed+1"],"picked":"Glutton:Clot+1","floor":42},{"not_picked":["Glutton:Regurgitate","Glutton:Delusion","Glutton:Feast"],"picked":"SKIP","floor":44},{"not_picked":["Glutton:Overreach+1","Glutton:Torment+1","Glutton:Tantrum+1"],"picked":"SKIP","floor":45},{"not_picked":["Glutton:FeebleKick+1","Glutton:FeverVisions","Glutton:Profligacy"],"picked":"SKIP","floor":46},{"not_picked":["Glutton:FeebleKick+1","Glutton:FeverVisions","Glutton:Profligacy"],"picked":"SKIP","floor":46},{"not_picked":["Glutton:Nostalgia","Glutton:Masochism","Glutton:Throb"],"picked":"SKIP","floor":47},{"not_picked":["Glutton:GnawingHunger","Glutton:Regurgitate+1","Glutton:Tantrum"],"picked":"SKIP","floor":48}],"player_experience":674725,"relics_obtained":[{"floor":7,"key":"Replay:Kaleidoscope"},{"floor":9,"key":"Strawberry"},{"floor":10,"key":"Replay:Baseball"},{"floor":13,"key":"Vajra"},{"floor":26,"key":"hubris:MysteriousPyramids"},{"floor":28,"key":"Replay:Mystery Machine"},{"floor":41,"key":"Boot"},{"floor":43,"key":"Smiling Mask"},{"floor":44,"key":"infinitespire:CursedDice"},{"floor":47,"key":"StuffTheSpire:ForceGauntlet"}],"event_choices":[{"cards_removed":["Glutton:Strike"],"damage_healed":0,"gold_gain":0,"player_choice":"Card Removal","damage_taken":0,"max_hp_gain":0,"max_hp_loss":0,"event_name":"Wheel of Change","floor":4,"gold_loss":0},{"damage_healed":0,"gold_gain":0,"player_choice":"Leave","damage_taken":0,"max_hp_gain":0,"max_hp_loss":0,"event_name":"conspire:Investor","floor":12,"gold_loss":0},{"damage_healed":0,"gold_gain":2,"player_choice":"1","damage_taken":0,"max_hp_gain":0,"max_hp_loss":0,"event_name":"betterStone:BetterStone","floor":20,"gold_loss":0},{"damage_healed":0,"gold_gain":0,"player_choice":"Gave Potion","damage_taken":0,"relics_obtained":["Bronze Scales"],"max_hp_gain":0,"max_hp_loss":0,"event_name":"WeMeetAgain","floor":22,"gold_loss":0},{"damage_healed":0,"gold_gain":100,"player_choice":"Bet on Murderer","damage_taken":0,"max_hp_gain":0,"max_hp_loss":0,"event_name":"The Joust","floor":27,"gold_loss":50}],"is_beta":false,"boss_relics":[{"not_picked":["vexMod:EndlessSickness","conspire:SpecialSausage"],"picked":"vexMod:BigBerry"},{"not_picked":["halation:Yufonium","Fusion Hammer"],"picked":"SacredBark"}],"items_purged_floors":[30],"is_endless":false,"potions_floor_spawned":[7,8,11,13,16,18,21,29,33,36,42,44,45,47,48],"ascension_level":1}}