{"host":"w97dq1whmpm6b2tc","time":1610060411,"event":{"mods":["BaseMod","Challenge The Spire","Downfall","Minty Spire (QoL Compilation)","Replay The Spire","StSLib","The Animator"],"gold_per_floor":[131,148,148,164,183,183,210,290,290,321,337,356,32,32,32,130,130,117,132,145,157,7,7,49,49,49,68,102,112,112,146,146,250,250,279,279,279,279,279,407,457,512,592,592,206,281,281,281],"floor_reached":47,"playtime":8408,"items_purged":["animator:Defend"],"score":676,"play_id":"b3188deb-95ae-4e3c-a632-f338964a84df","local_time":"20210108010011","is_ascension_mode":true,"campfire_choices":[{"data":"animator:SayakaMiki","floor":6.0,"key":"SMITH"},{"floor":23.0,"key":"RECALL"},{"data":"animator:Eve","floor":25.0,"key":"SMITH"},{"floor":32.0,"key":"REST"},{"data":"animator:Eve","floor":39.0,"key":"SMITH"}],"circlet_count":0,"master_deck":["animator:Strike_MadokaMagica","animator:Defend_MadokaMagica","animator:Strike+1","animator:Strike","animator:Strike","animator:Defend","animator:IrohaTamaki","animator:YuiTsuruno+1","animator:SayakaMiki","animator:Tatsumaki","animator:SayakaMiki+1","animator:OrikoMikuni+1","animator:SayakaMiki","animator:Darkness","animator:Eve+1","animator:Hans+1","animator:Eve+1","animator:Togame","animator:Elsword+1","animator:Sonic+1","animator:Kyubey+1"],"relics":["animator:TheEgnaroPiece","animator:AncientMedallion"],"acts_visited":["Exordium","TheCity","TheBeyond","TheEnding","EYB:TheUnnamedReign"],"potions_floor_usage":[46,47],"damage_taken":[{"damage":1.0,"enemies":"Jaw Worm","floor":1.0,"turns":4.0},{"damage":1.0,"enemies":"2 Louse","floor":2.0,"turns":4.0},{"damage":3.0,"enemies":"Small Slimes","floor":4.0,"turns":3.0},{"damage":6.0,"enemies":"Looter","floor":5.0,"turns":4.0},{"damage":4.0,"enemies":"Replay:BlueRogue","floor":7.0,"turns":7.0},{"damage":2.0,"enemies":"3 Sentries","floor":10.0,"turns":6.0},{"damage":10.0,"enemies":"Gremlin Gang","floor":11.0,"turns":4.0},{"damage":0.0,"enemies":"3 Louse","floor":12.0,"turns":5.0},{"damage":0.0,"enemies":"Slime Boss","floor":16.0,"turns":6.0},{"damage":4.0,"enemies":"2 Thieves","floor":18.0,"turns":4.0},{"damage":0.0,"enemies":"Chosen","floor":19.0,"turns":6.0},{"damage":0.0,"enemies":"Snecko","floor":20.0,"turns":7.0},{"damage":0.0,"enemies":"Shelled Parasite and Fungi","floor":21.0,"turns":6.0},{"damage":21.0,"enemies":"Slavers","floor":24.0,"turns":5.0},{"damage":5.0,"enemies":"Snake Plant","floor":27.0,"turns":4.0},{"damage":0.0,"enemies":"animator:HornedBat","floor":28.0,"turns":6.0},{"damage":0.0,"enemies":"Centurion and Healer","floor":29.0,"turns":5.0},{"damage":20.0,"enemies":"Gremlin Leader","floor":31.0,"turns":9.0},{"damage":20.0,"enemies":"Collector","floor":33.0,"turns":8.0},{"damage":10.0,"enemies":"3 Shapes","floor":35.0,"turns":3.0},{"damage":3.0,"enemies":"Replay:Hell Engine","floor":37.0,"turns":9.0},{"damage":0.0,"enemies":"animator:UNNAMED_CULTIST_1","floor":41.0,"turns":12.0},{"damage":0.0,"enemies":"animator:UNNAMED_HAT","floor":42.0,"turns":9.0},{"damage":84,"enemies":"animator:UNNAMED_CULTIST_2","floor":46,"turns":12},{"damage":51,"enemies":"animator:TRIPLE_LAGAVULIN","floor":47,"turns":5}],"seed_played":"8234849135652202400","potions_obtained":[{"floor":1.0,"key":"Strength Potion"},{"floor":4.0,"key":"Fire Potion"},{"floor":7.0,"key":"EntropicBrew"},{"floor":10.0,"key":"Ancient Potion"},{"floor":24.0,"key":"Ancient Potion"},{"floor":31.0,"key":"Dexterity Potion"},{"floor":41.0,"key":"animator:FalseLifePotion"},{"floor":42.0,"key":"animator:FalseLifePotion"},{"floor":46,"key":"animator:FalseLifePotion"}],"is_trial":false,"path_per_floor":["M","M","?","M","M","R","E","?","T","E","M","M","$","?","R","B",null,"?","?","?","?","T","T","E","T","T","?","E","?","?","E","T","B",null,"?","?","B",null,"T","??","M","M","T","?","$","M","M"],"character_chosen":"THE_ANIMATOR","items_purchased":["animator:BattleDrones","Runic Capacitor","animator:Kyubey","animator:AncientMedallion"],"campfire_rested":1,"item_purchase_floors":[13,22,45,45],"current_hp_per_floor":[59,58,58,55,50,50,46,46,46,44,34,34,34,22,40,40,61,57,57,57,57,57,57,36,36,36,31,31,31,31,11,29,9,61,51,51,48,61,61,98,98,98,98,98,98,26,0,0],"gold":281,"neow_bonus":"ONE_RARE_RELIC","is_daily":false,"chose_seed":false,"campfire_upgraded":3,"win_rate":0.0,"timestamp":1610060411,"path_taken":["M","M","?","M","M","R","E","?","T","E","M","M","$","?","R","BOSS","?","?","?","?","T","T","E","T","T","?","E","?","?","E","T","BOSS","?","?","BOSS","T","??","M","M","T","?","$","M","M"],"items_purchased_type":["Relic","Relic","Card","Relic"],"build_version":"2020-12-22","purchased_purges":1,"victory":false,"max_hp_per_floor":[60,60,60,60,61,61,61,61,61,61,61,61,61,61,61,61,61,61,61,61,61,61,61,61,61,61,61,61,61,61,61,61,61,61,61,61,61,61,61,98,98,98,98,98,98,98,98,98],"card_choices":[{"not_picked":["animator:SilverFang","animator:Nanami"],"picked":"animator:SayakaMiki","floor":1.0},{"not_picked":["animator:Demiurge","animator:SilverFang"],"picked":"animator:Tatsumaki","floor":2.0},{"not_picked":["animator:NagisaMomoe","animator:YachiyoNanami"],"picked":"animator:SayakaMiki","floor":4.0},{"not_picked":["animator:SayakaMiki","animator:YuiTsuruno"],"picked":"animator:OrikoMikuni","floor":5.0},{"not_picked":["animator:Chris","animator:YuiTsuruno","animator:Vanir"],"picked":"SKIP","floor":7.0},{"not_picked":["animator:Verdia","animator:Chung","animator:Aisha"],"picked":"SKIP","floor":10.0},{"not_picked":["animator:Aqua","animator:YuiTsuruno","animator:Genos"],"picked":"SKIP","floor":11.0},{"not_picked":["animator:KyokoSakura","animator:SuzuneAmano"],"picked":"animator:SayakaMiki","floor":12.0},{"not_picked":["animator:PandorasActor+1","animator:Lu"],"picked":"animator:Darkness","floor":18.0},{"not_picked":["animator:YunYun+1","animator:Spearman","animator:Cocytus+1"],"picked":"SKIP","floor":19.0},{"not_picked":["animator:DwarfShaman","animator:Mitsurugi","animator:SilverFang"],"picked":"SKIP","floor":20.0},{"not_picked":["animator:PandorasActor+1","animator:Verdia"],"picked":"animator:Eve","floor":24.0},{"not_picked":["animator:Sonic","animator:Chung","animator:Verdia"],"picked":"SKIP","floor":27.0},{"not_picked":["animator:Emonzaemon+1","animator:Laby+1","animator:Melzalgald+1"],"picked":"SKIP","floor":28.0},{"not_picked":["animator:Vanir+1","animator:Darkness"],"picked":"animator:Hans","floor":31.0},{"not_picked":["animator:MadokaKaname","animator:SwordMaiden"],"picked":"animator:Eve","floor":33.0},{"not_picked":[],"picked":"animator:Togame+1","floor":35.0},{"not_picked":["animator:Kazuma+1","animator:Cocytus","animator:MumenRider"],"picked":"SKIP","floor":41.0},{"not_picked":["animator:MumenRider","animator:Geryuganshoop+1","animator:DwarfShaman"],"picked":"SKIP","floor":42.0},{"not_picked":["animator:MumenRider","animator:Shichika+1","animator:DwarfShaman+1"],"picked":"SKIP","floor":46}],"player_experience":4363410,"relics_obtained":[{"floor":7.0,"key":"Ancient Tea Set"},{"floor":9.0,"key":"Iron Hammer"},{"floor":10.0,"key":"Whetstone"},{"floor":24.0,"key":"Molten Egg 2"},{"floor":28.0,"key":"ReplayTheSpireMod:TigerMarble"},{"floor":30.0,"key":"ReplayTheSpireMod:Ring of Collecting"},{"floor":30.0,"key":"Ring of Fangs"},{"floor":31.0,"key":"Bag of Preparation"},{"floor":40.0,"key":"animator:TheEgnaroPiece"},{"floor":43.0,"key":"animator:AncientMedallion"}],"event_choices":[{"damage_healed":0.0,"max_hp_gain":0.0,"max_hp_loss":0.0,"gold_gain":0.0,"event_name":"Liars Game","player_choice":"Ignored","floor":3.0,"gold_loss":0.0,"damage_taken":0.0},{"damage_healed":0.0,"max_hp_gain":0.0,"max_hp_loss":0.0,"gold_gain":0.0,"event_name":"Shining Light","player_choice":"Entered Light","floor":14.0,"gold_loss":0.0,"damage_taken":12.0,"cards_upgraded":["animator:Tatsumaki","animator:Defend"]},{"damage_healed":0.0,"max_hp_gain":0.0,"max_hp_loss":0.0,"gold_gain":0.0,"event_name":"SecretPortal","player_choice":"Took Portal","floor":36.0,"gold_loss":0.0,"damage_taken":0.0}],"is_beta":false,"boss_relics":[{"not_picked":["ChewingGum","Runic Dome"],"picked":"Painkiller Herb"},{"not_picked":["ReplayTheSpireMod:DimensionalGlitch","Honey Jar"],"picked":"Busted Crown"}],"items_purged_floors":[13],"is_endless":false,"potions_floor_spawned":[1,4,7,10,11,18,24,31,41,42,46],"killed_by":"animator:TRIPLE_LAGAVULIN","ascension_level":1}}