{"host":"hfxp6ue4pvwo3fit","time":1610007339,"event":{"mods":["AchievementEnabler","BaseMod","Colored Map","Colored Powertips","Highlight Path","Minty Spire (QoL Compilation)","Relic Stats","StSLib","SuperFastMode"],"gold_per_floor":[109,124,124,134,146,180,180,190,265,265,280,314,173,198,198,275,275,289,303,273,273,273,273,301,315,315,315,332,347,347,347,347,424,424,441,162,175,175,186,186,204,36,61,61,72,100,100,100,100,100,100],"floor_reached":52,"playtime":1735,"items_purged":["Strike_R+1"],"score":1869,"play_id":"0fc2244c-4f33-4444-aaf6-bb3507ff0fe1","local_time":"20210107021539","is_ascension_mode":true,"campfire_choices":[{"data":"Pommel Strike","floor":7,"key":"SMITH"},{"floor":10,"key":"REST"},{"data":"1","floor":15,"key":"LIFT"},{"floor":23,"key":"REST"},{"data":"2","floor":27,"key":"LIFT"},{"data":"Heavy Blade","floor":30,"key":"SMITH"},{"data":"3","floor":32,"key":"LIFT"},{"data":"Dark Embrace","floor":40,"key":"SMITH"},{"data":"True Grit","floor":44,"key":"SMITH"},{"data":"Dual Wield","floor":49,"key":"SMITH"}],"circlet_count":0,"master_deck":["AscendersBane","Strike_R+1","Strike_R+1","Defend_R+1","Defend_R+1","Defend_R+1","Defend_R+1","Bash","CurseOfTheBell","Pommel Strike+1","Sword Boomerang","Shrug It Off","Shrug It Off","Whirlwind","Spot Weakness","Fiend Fire","Disarm","Dark Embrace+1","Feed","Dual Wield+1","Heavy Blade+1","Shame","Offering","Burning Pact","Armaments+1","Shockwave","Corruption","Warcry","Clothesline","Flex","Battle Trance+1","Shockwave","True Grit+1"],"relics":["Calling Bell","Lantern","Ornamental Fan","Du-Vu Doll","Gremlin Horn","HornCleat","Girya","Juzu Bracelet","Mark of Pain","StrikeDummy","Lizard Tail","Pen Nib","Philosopher\u0027s Stone","Self Forming Clay","Omamori","Paper Frog"],"acts_visited":["Exordium","TheCity","TheBeyond"],"potions_floor_usage":[12,14,16,19,25,29,35,51],"damage_taken":[{"damage":2,"enemies":"2 Louse","floor":1,"turns":3},{"damage":1,"enemies":"Cultist","floor":2,"turns":3},{"damage":2,"enemies":"Small Slimes","floor":4,"turns":2},{"damage":7,"enemies":"Blue Slaver","floor":5,"turns":3},{"damage":28,"enemies":"Lagavulin","floor":6,"turns":6},{"damage":8,"enemies":"Lots of Slimes","floor":8,"turns":2},{"damage":5,"enemies":"Red Slaver","floor":11,"turns":2},{"damage":6,"enemies":"3 Sentries","floor":12,"turns":2},{"damage":10,"enemies":"Lagavulin","floor":14,"turns":5},{"damage":16,"enemies":"Hexaghost","floor":16,"turns":8},{"damage":8,"enemies":"2 Thieves","floor":18,"turns":3},{"damage":34,"enemies":"Shell Parasite","floor":19,"turns":5},{"damage":20,"enemies":"Gremlin Leader","floor":24,"turns":5},{"damage":8,"enemies":"Centurion and Healer","floor":25,"turns":3},{"damage":0,"enemies":"Sentry and Sphere","floor":28,"turns":1},{"damage":6,"enemies":"3 Cultists","floor":29,"turns":4},{"damage":8,"enemies":"Automaton","floor":33,"turns":4},{"damage":8,"enemies":"3 Shapes","floor":35,"turns":3},{"damage":6,"enemies":"3 Darklings","floor":37,"turns":3},{"damage":0,"enemies":"Jaw Worm Horde","floor":39,"turns":1},{"damage":5,"enemies":"Spire Growth","floor":41,"turns":3},{"damage":53,"enemies":"Sphere and 2 Shapes","floor":45,"turns":4},{"damage":17,"enemies":"Reptomancer","floor":46,"turns":4},{"damage":49,"enemies":"Donu and Deca","floor":50,"turns":5},{"damage":63,"enemies":"Time Eater","floor":51,"turns":8}],"seed_played":"-1170382126777148717","potions_obtained":[{"floor":1,"key":"BloodPotion"},{"floor":8,"key":"GamblersBrew"},{"floor":11,"key":"Energy Potion"},{"floor":16,"key":"ColorlessPotion"},{"floor":19,"key":"Swift Potion"},{"floor":20,"key":"FairyPotion"},{"floor":25,"key":"Explosive Potion"},{"floor":29,"key":"Fire Potion"},{"floor":35,"key":"PowerPotion"}],"is_trial":false,"path_per_floor":["M","M","?","M","M","E","R","M","T","R","M","E","$","E","R","B",null,"M","M","?","?","?","R","E","M","T","R","M","M","R","?","R","B",null,"M","$","M","?","M","R","M","$","T","R","M","E","?","?","R","B","B",null],"character_chosen":"IRONCLAD","items_purchased":["Disarm","AttackPotion","Self Forming Clay","Shockwave","True Grit"],"campfire_rested":2,"item_purchase_floors":[13,13,36,42,42],"current_hp_per_floor":[66,65,58,56,49,21,21,13,13,35,30,24,24,14,14,13,60,52,18,18,18,18,40,23,18,18,18,18,15,15,15,15,7,65,61,61,58,58,58,58,53,53,53,53,3,20,20,97,97,48,40],"gold":100,"neow_bonus":"BOSS_RELIC","is_daily":false,"chose_seed":false,"campfire_upgraded":5,"win_rate":0.0,"timestamp":1610007339,"path_taken":["M","M","?","M","M","E","R","M","T","R","M","E","$","E","R","BOSS","M","M","?","?","?","R","E","M","T","R","M","M","R","?","R","BOSS","M","$","M","?","M","R","M","?","T","R","M","E","?","?","R","BOSS","BOSS"],"items_purchased_type":["Card","Potion","Relic","Card","Card"],"build_version":"2020-12-22","purchased_purges":1,"victory":true,"max_hp_per_floor":[75,75,75,75,75,75,75,75,75,75,75,75,75,75,75,75,75,75,75,75,75,75,75,78,81,81,81,81,84,84,84,84,84,84,88,88,91,91,91,91,91,91,91,91,94,97,97,97,97,97,97],"relic_stats":{"Lizard Tail":48,"Gremlin Horn":[30,30],"counters":[25,92],"Ornamental Fan":[104],"Self Forming Clay":[69],"Pen Nib":[7],"Juzu Bracelet":2,"obtain_stats":[{"Girya":12,"Lantern":0,"Gremlin Horn":6,"Self Forming Clay":36,"Pen Nib":26,"Juzu Bracelet":14,"Omamori":43,"Burning Blood":0,"Calling Bell":0,"Du-Vu Doll":0,"Lizard Tail":24,"HornCleat":9,"Ornamental Fan":0,"Philosopher\u0027s Stone":34,"Mark of Pain":17,"StrikeDummy":21,"Paper Frog":46},{"Girya":8,"Lantern":0,"Gremlin Horn":5,"Self Forming Clay":18,"Pen Nib":14,"Juzu Bracelet":9,"Omamori":21,"Burning Blood":0,"Calling Bell":0,"Du-Vu Doll":0,"Lizard Tail":13,"HornCleat":6,"Ornamental Fan":0,"Philosopher\u0027s Stone":17,"Mark of Pain":10,"StrikeDummy":12,"Paper Frog":23},{"Girya":23,"Lantern":0,"Gremlin Horn":17,"Self Forming Clay":64,"Pen Nib":52,"Juzu Bracelet":28,"Omamori":71,"Burning Blood":0,"Calling Bell":0,"Du-Vu Doll":0,"Lizard Tail":49,"HornCleat":19,"Ornamental Fan":0,"Philosopher\u0027s Stone":61,"Mark of Pain":36,"StrikeDummy":44,"Paper Frog":79}]},"card_choices":[{"not_picked":["Twin Strike","Second Wind"],"picked":"Pommel Strike","floor":1},{"not_picked":["Reckless Charge","Havoc"],"picked":"Sword Boomerang","floor":2},{"not_picked":["Second Wind","Body Slam"],"picked":"Shrug It Off","floor":4},{"not_picked":["Hemokinesis","Heavy Blade"],"picked":"Thunderclap","floor":5},{"not_picked":["Barricade","Bludgeon"],"picked":"Shrug It Off","floor":6},{"not_picked":["Cleave","Body Slam"],"picked":"Whirlwind","floor":8},{"not_picked":["Feel No Pain","Second Wind"],"picked":"Spot Weakness","floor":11},{"not_picked":["Iron Wave","Headbutt"],"picked":"Fiend Fire","floor":12},{"not_picked":["Pommel Strike","Wild Strike"],"picked":"Dark Embrace","floor":14},{"not_picked":["Corruption","Double Tap"],"picked":"Feed","floor":16},{"not_picked":["Entrench","Combust"],"picked":"Dual Wield","floor":18},{"not_picked":["Rage","Second Wind"],"picked":"Heavy Blade","floor":19},{"not_picked":["Sword Boomerang","Warcry"],"picked":"Offering","floor":24},{"not_picked":["Rage","Perfected Strike"],"picked":"Burning Pact","floor":25},{"not_picked":["Pommel Strike","Clash"],"picked":"Armaments+1","floor":28},{"not_picked":["Metallicize","Cleave"],"picked":"Shockwave","floor":29},{"not_picked":["Bludgeon","Exhume"],"picked":"Corruption","floor":33},{"not_picked":["Armaments","Iron Wave"],"picked":"Warcry","floor":35},{"not_picked":["Pommel Strike","Exhume"],"picked":"Clothesline","floor":37},{"not_picked":["Cleave","Anger"],"picked":"Battle Trance+1","floor":39},{"not_picked":["Thunderclap","Sword Boomerang","Warcry"],"picked":"SKIP","floor":41},{"not_picked":["Thunderclap","Body Slam","Armaments"],"picked":"SKIP","floor":45},{"not_picked":["Reckless Charge","Combust","Hemokinesis+1"],"picked":"SKIP","floor":46}],"player_experience":478231,"relics_obtained":[{"floor":0,"key":"Lantern"},{"floor":0,"key":"Ornamental Fan"},{"floor":0,"key":"Du-Vu Doll"},{"floor":6,"key":"Gremlin Horn"},{"floor":9,"key":"HornCleat"},{"floor":12,"key":"Girya"},{"floor":14,"key":"Juzu Bracelet"},{"floor":24,"key":"Lizard Tail"},{"floor":26,"key":"Pen Nib"},{"floor":43,"key":"Omamori"},{"floor":46,"key":"Paper Frog"}],"event_choices":[{"cards_removed":["Strike_R"],"damage_healed":0,"gold_gain":0,"player_choice":"Card Removal","damage_taken":7,"max_hp_gain":0,"max_hp_loss":0,"event_name":"Golden Wing","floor":3,"gold_loss":0},{"damage_healed":0,"gold_gain":0,"player_choice":"Bought 2 Potions","damage_taken":0,"max_hp_gain":0,"max_hp_loss":0,"event_name":"The Woman in Blue","floor":20,"gold_loss":0},{"damage_healed":0,"gold_gain":0,"player_choice":"Stole Relic","damage_taken":0,"relics_obtained":["StrikeDummy"],"max_hp_gain":0,"max_hp_loss":0,"event_name":"Addict","floor":21,"gold_loss":0,"cards_obtained":["Shame"]},{"damage_healed":0,"gold_gain":0,"player_choice":"Simplicity","damage_taken":0,"max_hp_gain":0,"max_hp_loss":0,"event_name":"Back to Basics","floor":22,"gold_loss":0,"cards_upgraded":["Strike_R","Strike_R","Strike_R","Strike_R","Defend_R","Defend_R","Defend_R","Defend_R"]},{"cards_removed":["Thunderclap"],"damage_healed":0,"gold_gain":0,"player_choice":"Purged","damage_taken":0,"max_hp_gain":0,"max_hp_loss":0,"event_name":"Purifier","floor":31,"gold_loss":0},{"damage_healed":0,"gold_gain":0,"cards_transformed":["Strike_R"],"player_choice":"Transformed","damage_taken":0,"max_hp_gain":0,"max_hp_loss":0,"event_name":"Transmorgrifier","floor":38,"gold_loss":0,"cards_obtained":["Flex"]},{"damage_healed":0,"gold_gain":0,"player_choice":"Ignored","damage_taken":0,"max_hp_gain":0,"max_hp_loss":0,"event_name":"Mysterious Sphere","floor":47,"gold_loss":0},{"damage_healed":77,"gold_gain":0,"player_choice":"Heal","damage_taken":0,"max_hp_gain":0,"max_hp_loss":0,"event_name":"MindBloom","floor":48,"gold_loss":0,"cards_obtained":["Doubt"]}],"is_beta":false,"boss_relics":[{"not_picked":["Tiny House","Black Star"],"picked":"Mark of Pain"},{"not_picked":["Runic Cube","SacredBark"],"picked":"Philosopher\u0027s Stone"}],"items_purged_floors":[42],"is_endless":false,"potions_floor_spawned":[1,8,11,16,19,25,29,35,39,41],"ascension_level":20}}