{"host":"y89x8uui45kcjy42","time":1610019923,"event":{"mods":["2.2 Compatiblity","BaseMod","CapriCore","Colored Map","Colored Powertips","Custom Start","Friendly Minions","Keyboard Shortcuts","Minty Spire (QoL Compilation)","Relic Stats","Slay the Relics Exporter","StSLib","SuperFastMode","Uncapped"],"gold_per_floor":[111,36,336,201,212,212,212,244,244,73,73,73,102,16,16,95,95,113,78,78,97,147,147,147,173,199,199,230,255,192,222,222,296,296,315,101,150,150,150,150,150,176,202,233,233,261,280,76,76,76,76,76,76,76,106,106],"floor_reached":57,"playtime":1509,"items_purged":["Strike_P","Eruption+1","FearNoEvil","Indignation+1"],"score":3799,"play_id":"c2836f00-51a6-454b-becd-b23f48b545c0","local_time":"20210107204523","is_ascension_mode":true,"campfire_choices":[{"data":"Eruption","floor":6,"key":"SMITH"},{"data":"Pray","floor":7,"key":"SMITH"},{"data":"Prostrate","floor":11,"key":"SMITH"},{"data":"Indignation","floor":12,"key":"SMITH"},{"data":"Flash of Steel","floor":15,"key":"SMITH"},{"data":"SignatureMove","floor":23,"key":"SMITH"},{"data":"Consecrate","floor":24,"key":"SMITH"},{"data":"Vigilance","floor":27,"key":"SMITH"},{"data":"Vault","floor":32,"key":"SMITH"},{"floor":40,"key":"RECALL"},{"data":"Protect","floor":41,"key":"SMITH"},{"data":"MentalFortress","floor":49,"key":"SMITH"}],"circlet_count":0,"master_deck":["Vigilance+1","Prostrate+1","Flash of Steel+1","Pray+1","Consecrate+1","SignatureMove+1","Vault+1","Protect+1","MentalFortress+1"],"relics":["HolyWater","Membership Card","Bronze Scales","FossilizedHelix","Yang","Pen Nib","Medical Kit","Coffee Dripper","ClockworkSouvenir","Sling","Anchor","Bag of Marbles","Oddly Smooth Stone","Gambling Chip","Strawberry","Shuriken","Blood Vial","WingedGreaves","Kunai","Pear","Lantern","HandDrill","OrangePellets","Ring of the Serpent","Ring of the Serpent","Turnip"],"acts_visited":["Exordium","TheCity","TheBeyond","TheEnding"],"potions_floor_usage":[56,56],"damage_taken":[{"damage":24,"enemies":"Jaw Worm","floor":1,"turns":2},{"damage":0,"enemies":"Cultist","floor":5,"turns":2},{"damage":68,"enemies":"3 Sentries","floor":8,"turns":6},{"damage":0,"enemies":"Gremlin Nob","floor":13,"turns":3},{"damage":11,"enemies":"Slime Boss","floor":16,"turns":7},{"damage":0,"enemies":"Chosen","floor":18,"turns":2},{"damage":0,"enemies":"Shell Parasite","floor":21,"turns":1},{"damage":6,"enemies":"Gremlin Leader","floor":25,"turns":2},{"damage":0,"enemies":"Book of Stabbing","floor":28,"turns":2},{"damage":0,"enemies":"Gremlin Leader","floor":29,"turns":2},{"damage":0,"enemies":"Slavers","floor":31,"turns":3},{"damage":0,"enemies":"Collector","floor":33,"turns":3},{"damage":0,"enemies":"3 Shapes","floor":35,"turns":2},{"damage":2,"enemies":"2 Orb Walkers","floor":37,"turns":3},{"damage":0,"enemies":"Reptomancer","floor":42,"turns":2},{"damage":0,"enemies":"Nemesis","floor":44,"turns":2},{"damage":0,"enemies":"Reptomancer","floor":46,"turns":2},{"damage":0,"enemies":"3 Darklings","floor":47,"turns":2},{"damage":0,"enemies":"Donu and Deca","floor":50,"turns":5},{"damage":0,"enemies":"Awakened One","floor":51,"turns":4},{"damage":0,"enemies":"Shield and Spear","floor":55,"turns":2},{"damage":0,"enemies":"The Heart","floor":56,"turns":6}],"seed_played":"-3188003442194683127","potions_obtained":[{"floor":5,"key":"SneckoOil"},{"floor":8,"key":"SpeedPotion"},{"floor":13,"key":"Energy Potion"},{"floor":18,"key":"LiquidMemories"},{"floor":33,"key":"DistilledChaos"},{"floor":44,"key":"Dexterity Potion"}],"is_trial":false,"path_per_floor":["M","?","?","$","M","R","R","E","T","$","R","R","E","$","R","B",null,"M","$","?","M","?","R","R","E","T","R","E","E","$","E","R","B",null,"M","$","?","$","?","R","R","E","T","E","?","E","M","$","R","B","B",null,"R","$","E","B",null],"character_chosen":"WATCHER","items_purchased":["FearNoEvil","Prostrate","Flash of Steel","Bronze Scales","Orrery","Medical Kit","Sling","Anchor","Consecrate","Shuriken","Lantern","MentalFortress","HandDrill"],"campfire_rested":0,"item_purchase_floors":[4,4,4,10,10,14,19,19,19,36,48,48,48],"current_hp_per_floor":[37,37,37,37,37,37,37,20,20,20,20,20,20,20,20,9,53,53,53,53,53,53,53,53,47,47,47,47,54,54,54,54,54,70,70,70,68,68,68,68,68,68,68,70,70,81,81,81,81,81,81,81,81,81,81,81],"gold":106,"neow_bonus":"TRANSFORM_CARD","is_daily":false,"chose_seed":false,"campfire_upgraded":11,"win_rate":0.0,"timestamp":1610019923,"path_taken":["M","?","?","$","?","R","R","E","T","$","R","R","E","$","R","BOSS","M","$","?","M","?","R","R","E","T","R","E","E","$","E","R","BOSS","M","$","?","$","?","R","R","E","T","E","?","E","?","$","R","BOSS","BOSS","R","$","E","BOSS"],"items_purchased_type":["Card","Card","Card","Relic","Relic","Relic","Relic","Relic","Card","Relic","Relic","Card","Relic"],"build_version":"2020-12-22","purchased_purges":4,"victory":true,"max_hp_per_floor":[68,68,68,68,68,68,68,68,68,68,68,68,68,68,68,68,68,68,68,68,68,68,68,68,68,68,68,68,75,75,75,75,75,75,75,75,75,75,75,75,75,75,75,75,71,81,81,81,81,81,81,81,81,81,81,81],"relic_stats":{"counters":[22,65],"Yang":[130],"Pen Nib":[12],"Medical Kit":[5],"Blood Vial":3,"OrangePellets":[2],"Shuriken":[16],"Bronze Scales":[111],"Gambling Chip":[4],"Turnip":[2],"HandDrill":[6],"Kunai":[13],"obtain_stats":[{"Lantern":48,"Yang":9,"Sling":19,"ClockworkSouvenir":18,"Blood Vial":42,"Gambling Chip":28,"Strawberry":29,"WingedGreaves":6,"HandDrill":48,"Kunai":44,"Pear":46,"Oddly Smooth Stone":26,"Pen Nib":13,"Medical Kit":14,"OrangePellets":50,"Anchor":19,"Shuriken":36,"Bronze Scales":10,"Orrery":10,"HolyWater":34,"Turnip":55,"Coffee Dripper":17,"Bag of Marbles":25,"Membership Card":3,"PureWater":0,"FossilizedHelix":8,"Ring of the Serpent":54},{"Lantern":18,"Yang":3,"Sling":6,"ClockworkSouvenir":6,"Blood Vial":15,"Gambling Chip":9,"Strawberry":10,"WingedGreaves":2,"HandDrill":18,"Kunai":16,"Pear":17,"Oddly Smooth Stone":8,"Pen Nib":4,"Medical Kit":4,"OrangePellets":19,"Anchor":6,"Shuriken":13,"Bronze Scales":3,"Orrery":3,"HolyWater":12,"Turnip":21,"Coffee Dripper":5,"Bag of Marbles":8,"Membership Card":1,"PureWater":0,"FossilizedHelix":3,"Ring of the Serpent":20},{"Lantern":48,"Yang":10,"Sling":22,"ClockworkSouvenir":21,"Blood Vial":42,"Gambling Chip":27,"Strawberry":29,"WingedGreaves":4,"HandDrill":48,"Kunai":44,"Pear":46,"Oddly Smooth Stone":25,"Pen Nib":13,"Medical Kit":13,"OrangePellets":50,"Anchor":22,"Shuriken":37,"Bronze Scales":10,"Orrery":10,"HolyWater":35,"Turnip":59,"Coffee Dripper":20,"Bag of Marbles":25,"Membership Card":2,"PureWater":0,"FossilizedHelix":10,"Ring of the Serpent":57}]},"card_choices":[{"not_picked":["Consecrate","WaveOfTheHand","CutThroughFate"],"picked":"SKIP","floor":1},{"not_picked":["Prostrate","CarveReality"],"picked":"Pray","floor":5},{"not_picked":["WaveOfTheHand","BowlingBash","CarveReality"],"picked":"SKIP","floor":8},{"not_picked":["BowlingBash","Pray","EmptyBody"],"picked":"SKIP","floor":13},{"not_picked":["ThirdEye","FlurryOfBlows","Prostrate+1"],"picked":"SKIP","floor":18},{"not_picked":["SashWhip","Prostrate","MasterReality"],"picked":"SKIP","floor":21},{"not_picked":["FlurryOfBlows","Indignation"],"picked":"BattleHymn","floor":25},{"not_picked":["CrushJoints","FlurryOfBlows"],"picked":"Vault","floor":28},{"not_picked":["FlurryOfBlows","Conclude","EmptyBody"],"picked":"SKIP","floor":29},{"not_picked":["ThirdEye+1","JustLucky","WaveOfTheHand"],"picked":"SKIP","floor":31},{"not_picked":["Vengeance","BattleHymn"],"picked":"Protect","floor":35},{"not_picked":["Crescendo","Conclude+1","CrushJoints"],"picked":"SKIP","floor":42},{"not_picked":["SandsOfTime","Nirvana","LikeWater"],"picked":"SKIP","floor":44},{"not_picked":["DeceiveReality","Ragnarok","ClearTheMind"],"picked":"SKIP","floor":46},{"not_picked":["FlurryOfBlows","Halt","Sanctity"],"picked":"SKIP","floor":47},{"not_picked":["Halt+1","Protect","WaveOfTheHand"],"picked":"SKIP","floor":55}],"player_experience":576392,"relics_obtained":[{"floor":8,"key":"FossilizedHelix"},{"floor":9,"key":"Yang"},{"floor":13,"key":"Pen Nib"},{"floor":25,"key":"Bag of Marbles"},{"floor":26,"key":"Oddly Smooth Stone"},{"floor":28,"key":"Gambling Chip"},{"floor":29,"key":"Strawberry"},{"floor":37,"key":"WingedGreaves"},{"floor":42,"key":"Blood Vial"},{"floor":44,"key":"Kunai"},{"floor":46,"key":"Pear"},{"floor":55,"key":"Turnip"}],"event_choices":[{"cards_removed":["Defend_P"],"damage_healed":0,"gold_gain":0,"player_choice":"Card Removal","damage_taken":0,"max_hp_gain":0,"max_hp_loss":0,"event_name":"The Cleric","floor":2,"gold_loss":75},{"cards_removed":["Strike_P"],"damage_healed":0,"gold_gain":0,"player_choice":"Card Removal","damage_taken":0,"max_hp_gain":0,"max_hp_loss":0,"event_name":"Wheel of Change","floor":3,"gold_loss":0},{"damage_healed":0,"gold_gain":0,"player_choice":"Read","damage_taken":0,"max_hp_gain":0,"max_hp_loss":0,"event_name":"The Library","floor":20,"gold_loss":0,"cards_obtained":["SignatureMove"]},{"damage_healed":0,"gold_gain":50,"player_choice":"Stole From Cult","damage_taken":0,"max_hp_gain":0,"max_hp_loss":0,"event_name":"Nest","floor":22,"gold_loss":0},{"damage_healed":0,"gold_gain":0,"player_choice":"Fight","damage_taken":0,"max_hp_gain":0,"max_hp_loss":0,"event_name":"Mysterious Sphere","floor":37,"gold_loss":0},{"cards_removed":["BattleHymn"],"damage_healed":0,"gold_gain":0,"player_choice":"Removed Power","damage_taken":0,"max_hp_gain":0,"max_hp_loss":0,"event_name":"Falling","floor":39,"gold_loss":0},{"damage_healed":0,"gold_gain":0,"player_choice":"Max HP","damage_taken":0,"max_hp_gain":0,"max_hp_loss":4,"event_name":"Winding Halls","floor":45,"gold_loss":0}],"is_beta":false,"boss_relics":[{"not_picked":["Sozu","Snecko Eye","Velvet Choker"]},{"not_picked":["Tiny House","SacredBark"],"picked":"HolyWater"}],"items_purged_floors":[4,19,30,36],"is_endless":false,"potions_floor_spawned":[5,8,13,18,25,33,44],"ascension_level":20}}