{"host":"fubl5olmpa6illow","time":1610054328,"event":{"mods":["BaseMod","Colored Map","Colored Powertips","Minty Spire (QoL Compilation)","Random Character Button","Relic Sorter","Relic Stats"],"gold_per_floor":[111,129,148,248,14,46,60,60,85,105,115,115,130,130,130,235,235,245,295,31,48,66,66,66,66,66,95,105,130,203,217,217,315,315,329,329,345,345,345,371,371,384,384,394,423,25,25,44,44,44,44,44,44,72,72,72],"floor_reached":55,"playtime":10201,"items_purged":["Defend_P"],"score":769,"play_id":"c952911d-d9c5-49ad-8a43-2d4a0d8bd60d","local_time":"20210107221848","is_ascension_mode":false,"campfire_choices":[{"data":"Devotion","floor":8,"key":"SMITH"},{"floor":12,"key":"REST"},{"floor":15,"key":"RECALL"},{"data":"JustLucky","floor":23,"key":"SMITH"},{"data":"Nirvana","floor":25,"key":"SMITH"},{"data":"Eruption","floor":32,"key":"SMITH"},{"data":"Weave","floor":41,"key":"SMITH"},{"floor":49,"key":"REST"},{"data":"Writhe","floor":52,"key":"PURGE"}],"circlet_count":0,"master_deck":["Strike_P","Strike_P+1","Strike_P","Strike_P","Defend_P","Defend_P+1","Eruption+1","Vigilance+1","CurseOfTheBell","Evaluate","FlurryOfBlows","Tantrum+1","Brilliance+1","Establishment","Devotion+1","Nirvana+1","ThirdEye+1","CrushJoints","SandsOfTime","LessonLearned","JustLucky+1","Conclude","Prostrate","Wireheading","Weave+1","EmptyFist","WaveOfTheHand+1","Devotion+1","Prostrate+1","FlurryOfBlows+1","ReachHeaven","Protect","EmptyMind+1","MentalFortress","LikeWater"],"relics":["Calling Bell","Mummified Hand","Gambling Chip","Vajra","Centennial Puzzle","Bag of Preparation","Busted Crown","Tiny Chest","StoneCalendar","PreservedInsect","Kunai","SlaversCollar","Bottled Lightning","Orichalcum","Peace Pipe","Bottled Tornado","HornCleat","War Paint"],"acts_visited":["Exordium","TheCity","TheBeyond","TheEnding"],"potions_floor_usage":[6,13,16,18,29,31,33,40,40,45,50,50,50,55],"damage_taken":[{"damage":0,"enemies":"Cultist","floor":1,"turns":2},{"damage":0,"enemies":"Small Slimes","floor":2,"turns":3},{"damage":0,"enemies":"Jaw Worm","floor":3,"turns":3},{"damage":25,"enemies":"3 Sentries","floor":6,"turns":6},{"damage":1,"enemies":"Looter","floor":7,"turns":2},{"damage":15,"enemies":"Lots of Slimes","floor":10,"turns":3},{"damage":6,"enemies":"Blue Slaver","floor":11,"turns":2},{"damage":0,"enemies":"3 Louse","floor":13,"turns":3},{"damage":12,"enemies":"Hexaghost","floor":16,"turns":6},{"damage":0,"enemies":"3 Byrds","floor":18,"turns":4},{"damage":6,"enemies":"2 Thieves","floor":21,"turns":3},{"damage":0,"enemies":"Chosen and Byrds","floor":22,"turns":3},{"damage":21,"enemies":"Book of Stabbing","floor":27,"turns":4},{"damage":0,"enemies":"Snake Plant","floor":28,"turns":2},{"damage":0,"enemies":"Gremlin Leader","floor":29,"turns":2},{"damage":2,"enemies":"Shelled Parasite and Fungi","floor":31,"turns":4},{"damage":18,"enemies":"Champ","floor":33,"turns":6},{"damage":2,"enemies":"Orb Walker","floor":35,"turns":4},{"damage":18,"enemies":"3 Darklings","floor":37,"turns":3},{"damage":10,"enemies":"Reptomancer","floor":40,"turns":3},{"damage":22,"enemies":"Maw","floor":42,"turns":5},{"damage":11,"enemies":"Writhing Mass","floor":44,"turns":4},{"damage":2,"enemies":"Nemesis","floor":45,"turns":3},{"damage":0,"enemies":"Spire Growth","floor":48,"turns":3},{"damage":21,"enemies":"Time Eater","floor":50,"turns":10},{"damage":40,"enemies":"Shield and Spear","floor":54,"turns":6},{"damage":32,"enemies":"The Heart","floor":55,"turns":3}],"seed_played":"-3736729042043179049","potions_obtained":[{"floor":3,"key":"Dexterity Potion"},{"floor":7,"key":"Dexterity Potion"},{"floor":10,"key":"PowerPotion"},{"floor":11,"key":"FearPotion"},{"floor":21,"key":"Block Potion"},{"floor":27,"key":"SkillPotion"},{"floor":28,"key":"LiquidMemories"},{"floor":29,"key":"SkillPotion"},{"floor":33,"key":"Energy Potion"},{"floor":37,"key":"BlessingOfTheForge"},{"floor":42,"key":"Weak Potion"},{"floor":44,"key":"Energy Potion"},{"floor":48,"key":"Swift Potion"},{"floor":54,"key":"Dexterity Potion"}],"is_trial":false,"path_per_floor":["M","M","M","?","$","E","M","R","T","M","M","R","M","T","R","B",null,"M","?","$","M","M","R","?","R","T","E","M","E","T","M","R","B",null,"M","?","M","?","?","E","R","M","T","M","E","$","T","M","R","B",null,"R","$","E","B"],"character_chosen":"WATCHER","items_purchased":["Brilliance","Establishment","Conclude","Prostrate","Wireheading","MentalFortress","Bottled Tornado","EssenceOfSteel"],"campfire_rested":2,"item_purchase_floors":[5,5,20,20,20,46,46,46],"current_hp_per_floor":[72,72,72,72,72,47,46,46,46,31,25,46,46,46,46,34,72,72,72,72,66,66,66,66,66,66,45,45,45,45,43,43,25,72,70,70,52,70,70,60,60,38,38,27,25,25,25,25,46,25,72,72,72,32,0,0],"gold":72,"neow_bonus":"BOSS_RELIC","is_daily":false,"chose_seed":false,"campfire_upgraded":5,"win_rate":0.0,"timestamp":1610054328,"path_taken":["M","M","?","?","?","E","M","R","T","M","M","R","M","?","R","BOSS","M","?","$","M","?","R","?","R","T","E","M","E","?","M","R","BOSS","M","?","M","?","?","E","R","M","T","M","E","$","?","M","R","BOSS","R","$","E","BOSS"],"items_purchased_type":["Card","Card","Card","Card","Card","Card","Relic","Potion"],"build_version":"2020-12-22","purchased_purges":1,"victory":false,"max_hp_per_floor":[72,72,72,72,72,72,72,72,72,72,72,72,72,72,72,72,72,72,72,72,72,72,72,72,72,72,72,72,72,72,72,72,72,72,72,72,72,72,72,72,72,72,72,72,72,72,72,72,72,72,72,72,72,72,72,72],"relic_stats":{"counters":[27,102],"StoneCalendar":[52],"PreservedInsect":217,"Bag of Preparation":[38],"Orichalcum":[6],"War Paint":["Defend_P","ThirdEye"],"Peace Pipe":1,"Centennial Puzzle":[48],"Busted Crown":32,"Mummified Hand":[104],"Gambling Chip":[105],"Tiny Chest":3,"Kunai":[47],"obtain_stats":[{"Vajra":6,"StoneCalendar":26,"PreservedInsect":27,"Bag of Preparation":14,"Orichalcum":43,"Bottled Tornado":46,"War Paint":54,"Calling Bell":0,"Peace Pipe":45,"SlaversCollar":34,"Centennial Puzzle":9,"Busted Crown":17,"HornCleat":47,"Mummified Hand":0,"Gambling Chip":0,"Tiny Chest":0,"Kunai":29,"Bottled Lightning":40,"PureWater":0},{"Vajra":4,"StoneCalendar":12,"PreservedInsect":13,"Bag of Preparation":8,"Orichalcum":21,"Bottled Tornado":23,"War Paint":26,"Calling Bell":0,"Peace Pipe":23,"SlaversCollar":17,"Centennial Puzzle":5,"Busted Crown":9,"HornCleat":23,"Mummified Hand":0,"Gambling Chip":0,"Tiny Chest":0,"Kunai":15,"Bottled Lightning":20,"PureWater":0},{"Vajra":14,"StoneCalendar":40,"PreservedInsect":44,"Bag of Preparation":24,"Orichalcum":73,"Bottled Tornado":80,"War Paint":99,"Calling Bell":0,"Peace Pipe":80,"SlaversCollar":58,"Centennial Puzzle":16,"Busted Crown":30,"HornCleat":80,"Mummified Hand":0,"Gambling Chip":0,"Tiny Chest":0,"Kunai":48,"Bottled Lightning":68,"PureWater":0}]},"card_choices":[{"not_picked":["DeceiveReality","FlyingSleeves"],"picked":"Evaluate","floor":1},{"not_picked":["Protect","Sanctity"],"picked":"FlurryOfBlows","floor":2},{"not_picked":["WindmillStrike","Swivel"],"picked":"Tantrum","floor":3},{"not_picked":["Indignation","FlyingSleeves"],"picked":"Devotion","floor":6},{"not_picked":["EmptyMind","JustLucky"],"picked":"Nirvana","floor":7},{"not_picked":["JustLucky","SignatureMove"],"picked":"ThirdEye","floor":10},{"not_picked":["Tantrum","BowlingBash"],"picked":"CrushJoints","floor":11},{"not_picked":["Swivel","PathToVictory"],"picked":"SandsOfTime","floor":13},{"not_picked":["ConjureBlade","MasterReality"],"picked":"LessonLearned","floor":16},{"not_picked":[],"picked":"JustLucky","floor":18},{"not_picked":[],"picked":"Weave","floor":21},{"not_picked":["PathToVictory"],"picked":"SKIP","floor":22},{"not_picked":["SashWhip"],"picked":"SKIP","floor":27},{"not_picked":["BowlingBash"],"picked":"SKIP","floor":28},{"not_picked":[],"picked":"EmptyFist","floor":29},{"not_picked":[],"picked":"WaveOfTheHand+1","floor":31},{"not_picked":[],"picked":"Devotion","floor":33},{"not_picked":[],"picked":"Prostrate+1","floor":35},{"not_picked":[],"picked":"FlurryOfBlows+1","floor":37},{"not_picked":[],"picked":"ReachHeaven","floor":40},{"not_picked":[],"picked":"Protect","floor":42},{"not_picked":["CrushJoints+1"],"picked":"SKIP","floor":44},{"not_picked":[],"picked":"EmptyMind+1","floor":45},{"not_picked":[],"picked":"LikeWater","floor":48},{"not_picked":["PathToVictory"],"picked":"SKIP","floor":54}],"player_experience":166924,"relics_obtained":[{"floor":0,"key":"Tiny Chest"},{"floor":0,"key":"Mummified Hand"},{"floor":0,"key":"Gambling Chip"},{"floor":6,"key":"Vajra"},{"floor":9,"key":"Centennial Puzzle"},{"floor":14,"key":"Bag of Preparation"},{"floor":26,"key":"StoneCalendar"},{"floor":27,"key":"PreservedInsect"},{"floor":29,"key":"Kunai"},{"floor":40,"key":"Bottled Lightning"},{"floor":43,"key":"Orichalcum"},{"floor":45,"key":"Peace Pipe"},{"floor":47,"key":"HornCleat"},{"floor":54,"key":"War Paint"}],"event_choices":[{"damage_healed":0,"gold_gain":100,"player_choice":"Pray","damage_taken":0,"max_hp_gain":0,"max_hp_loss":0,"event_name":"Golden Shrine","floor":4,"gold_loss":0},{"damage_healed":0,"gold_gain":100,"player_choice":"Bet on Murderer","damage_taken":0,"max_hp_gain":0,"max_hp_loss":0,"event_name":"The Joust","floor":19,"gold_loss":50},{"damage_healed":0,"gold_gain":0,"player_choice":"Ignored","damage_taken":0,"max_hp_gain":0,"max_hp_loss":0,"event_name":"Vampires","floor":24,"gold_loss":0},{"damage_healed":0,"gold_gain":0,"player_choice":"Ignored","damage_taken":0,"max_hp_gain":0,"max_hp_loss":0,"event_name":"Tomb of Lord Red Mask","floor":36,"gold_loss":0},{"damage_healed":18,"gold_gain":0,"player_choice":"Writhe","damage_taken":0,"max_hp_gain":0,"max_hp_loss":0,"event_name":"Winding Halls","floor":38,"gold_loss":0,"cards_obtained":["Writhe"]},{"cards_removed":["Defend_P"],"damage_healed":0,"gold_gain":0,"player_choice":"Removed Skill","damage_taken":0,"max_hp_gain":0,"max_hp_loss":0,"event_name":"Falling","floor":39,"gold_loss":0}],"is_beta":false,"boss_relics":[{"not_picked":["Cursed Key","Pandora\u0027s Box"],"picked":"Busted Crown"},{"not_picked":["Runic Dome","Snecko Eye"],"picked":"SlaversCollar"}],"items_purged_floors":[20],"is_endless":false,"potions_floor_spawned":[3,7,10,11,21,27,28,29,33,37,42,44,48,54],"killed_by":"The Heart","ascension_level":0}}