{"host":"w4b7hmige5bnqipq","time":1610017441,"event":{"mods":["2.2 Compatiblity","BaseMod","Colored Map","DeckTracker","Keyboard Shortcuts","Minty Spire (QoL Compilation)","Permanent Neow","Rare Cards Sparkle","SuperFastMode","everything is the same but u backflip on backflip","slay the spire mod where everything is the same but ironclad has a cowboy hat"],"gold_per_floor":[118,138,157,175,175,218,218,241,241,255,255,304,304,317,317,317,317],"floor_reached":16,"playtime":658,"items_purged":[],"score":104,"play_id":"e8120588-6aae-4e56-9a5a-e715d32f746e","local_time":"20210107200401","is_ascension_mode":false,"campfire_choices":[{"data":"Study","floor":7,"key":"SMITH"},{"data":"ClearTheMind","floor":11,"key":"SMITH"},{"floor":15,"key":"REST"}],"circlet_count":0,"master_deck":["Strike_P","Strike_P","Strike_P","Strike_P","Defend_P","Defend_P","Defend_P","Defend_P","Eruption","Vigilance","ThirdEye","FlurryOfBlows","ClearTheMind","Study+1","Nirvana","ClearTheMind+1","JustLucky"],"relics":["PureWater","MealTicket","Golden Idol","Bag of Marbles","Bird Faced Urn","Oddly Smooth Stone"],"acts_visited":["Exordium"],"potions_floor_usage":[6,16],"damage_taken":[{"damage":0.0,"enemies":"Cultist","floor":1.0,"turns":3.0},{"damage":1,"enemies":"Jaw Worm","floor":2,"turns":6},{"damage":0,"enemies":"2 Louse","floor":3,"turns":1},{"damage":9,"enemies":"Blue Slaver","floor":4,"turns":4},{"damage":12,"enemies":"3 Sentries","floor":6,"turns":10},{"damage":0,"enemies":"2 Fungi Beasts","floor":8,"turns":2},{"damage":19,"enemies":"Exordium Wildlife","floor":10,"turns":7},{"damage":8,"enemies":"Looter","floor":14,"turns":4},{"damage":15,"enemies":"The Guardian","floor":16,"turns":5}],"seed_played":"3390073679784964047","potions_obtained":[{"floor":4,"key":"EssenceOfSteel"},{"floor":8,"key":"SneckoOil"},{"floor":14,"key":"SmokeBomb"}],"is_trial":false,"path_per_floor":["M","M","M","M","?","E","R","M","T","M","R","T","?","M","R","B"],"character_chosen":"WATCHER","items_purchased":[],"campfire_rested":1,"item_purchase_floors":[],"current_hp_per_floor":[72,71,71,62,44,32,32,32,32,17,17,17,17,13,34,21,21],"gold":317,"neow_bonus":"RANDOM_COMMON_RELIC","is_daily":false,"chose_seed":false,"campfire_upgraded":2,"win_rate":0.0,"timestamp":1610017441,"path_taken":["M","M","?","M","?","E","R","M","T","M","R","?","?","?","R","BOSS"],"items_purchased_type":[],"build_version":"2020-12-22","purchased_purges":0,"victory":false,"max_hp_per_floor":[72,72,72,72,72,72,72,72,72,72,72,72,72,72,72,72,72],"card_choices":[{"not_picked":["JustLucky","FollowUp"],"picked":"ThirdEye","floor":1.0},{"not_picked":["EmptyBody","TalkToTheHand"],"picked":"FlurryOfBlows","floor":2},{"not_picked":["CutThroughFate","CarveReality"],"picked":"ClearTheMind","floor":3},{"not_picked":["TalkToTheHand","Fasting2"],"picked":"Study","floor":4},{"not_picked":["Tantrum","Consecrate","JustLucky"],"picked":"SKIP","floor":6},{"not_picked":["FollowUp","WreathOfFlame"],"picked":"Nirvana","floor":8},{"not_picked":["Conclude","BowlingBash"],"picked":"ClearTheMind","floor":10},{"not_picked":["Adaptation","Prostrate"],"picked":"JustLucky","floor":14}],"player_experience":477831,"relics_obtained":[{"floor":6,"key":"Bag of Marbles"},{"floor":9,"key":"Bird Faced Urn"},{"floor":12,"key":"Oddly Smooth Stone"}],"event_choices":[{"damage_healed":0,"gold_gain":0,"player_choice":"Take Damage","damage_taken":18,"relics_obtained":["Golden Idol"],"max_hp_gain":0,"max_hp_loss":0,"event_name":"Golden Idol","floor":5,"gold_loss":0},{"damage_healed":0,"gold_gain":0,"player_choice":"Ignored","damage_taken":0,"max_hp_gain":0,"max_hp_loss":0,"event_name":"Liars Game","floor":13,"gold_loss":0}],"is_beta":false,"boss_relics":[],"items_purged_floors":[],"is_endless":false,"potions_floor_spawned":[4,8,14],"killed_by":"The Guardian","ascension_level":0}}