{"host":"dzit4ljil6490tuf","time":1610060760,"event":{"mods":["BaseMod","Downfall","Hermit","Hubris","Marisa????????","Minty Spire (QoL Compilation)","StSLib","The Cursed","The Runesmith","The Servant 0.9.4"],"gold_per_floor":[99,110,110,130,130,142,142,142,162,162,194,8,8,26,36,137,137,137,237,254,272,287,287,287,287],"floor_reached":23,"playtime":1434,"items_purged":[],"score":203,"play_id":"4665a563-6aba-4f19-9a01-b531ae3f5cd5","local_time":"20210108000600","is_ascension_mode":true,"campfire_choices":[{"data":"champ:Taunt","floor":1,"key":"SMITH"},{"data":"champ:EnragedBash","floor":10,"key":"SMITH"},{"floor":13,"key":"REST"},{"data":"champ:SteelEdge","floor":18,"key":"SMITH"}],"circlet_count":0,"master_deck":["champ:Strike","champ:Strike","champ:Defend","champ:Defend","champ:Defend","champ:Execute","champ:Taunt+1","champ:PerfectForm","champ:EnragedBash+1","champ:Haymaker","champ:FlashCut","Pain","champ:LastStand","champ:RecklessLeap","champ:StanceDance","champ:FlashCut","champ:BerserkerStyle","champ:Control","champ:TornadoPunch","champ:GladiatorStyle","champ:MurderStrike","champ:SteelEdge+1","champ:FocusedDefense","champ:FanOfKnives","J.A.X.","champ:Aggression+1","champ:HeavySlash","champ:Circumvent","champ:TornadoPunch"],"relics":["champ:ChampionCrown","WarpedTongs","Blue Candle","hubris:Icosahedron","hubris:SlimyHat","Velvet Choker","MutagenicStrength"],"acts_visited":["Exordium","TheCity"],"potions_floor_usage":[11,19,21],"damage_taken":[{"damage":10,"enemies":"Small Slimes","floor":2,"turns":3},{"damage":10,"enemies":"Cultist","floor":4,"turns":5},{"damage":0,"enemies":"2 Louse","floor":6,"turns":1},{"damage":15,"enemies":"Blue Slaver","floor":9,"turns":6},{"damage":65,"enemies":"3 Sentries","floor":11,"turns":9},{"damage":21,"enemies":"downfall:FleeingMerchant","floor":12,"turns":4},{"damage":23,"enemies":"Large Slime","floor":14,"turns":4},{"damage":3,"enemies":"Lots of Slimes","floor":15,"turns":2},{"damage":51,"enemies":"downfall:Defect","floor":16,"turns":5},{"damage":23,"enemies":"downfall:Augmenter","floor":19,"turns":5},{"damage":16,"enemies":"Shell Parasite","floor":20,"turns":3},{"damage":49,"enemies":"Cultist and Chosen","floor":21,"turns":5},{"damage":2,"enemies":"Snecko","floor":22,"turns":2},{"damage":60,"enemies":"Gremlin Leader","floor":23,"turns":2}],"seed_played":"1113063696586456399","potions_obtained":[{"floor":6,"key":"SteroidPotion"},{"floor":9,"key":"DuplicationPotion"},{"floor":14,"key":"Weak Potion"},{"floor":15,"key":"Energy Potion"},{"floor":20,"key":"champ:CounterPotion"},{"floor":22,"key":"EssenceOfSteel"}],"is_trial":false,"path_per_floor":["R","M","?","M","?","M","T","?","M","R","E","$","R","M","M","B",null,"R","?","M","M","M","E"],"character_chosen":"THE_CHAMP","items_purchased":["champ:BerserkerStyle","champ:Control","champ:TornadoPunch"],"campfire_rested":1,"item_purchase_floors":[12,12,12],"current_hp_per_floor":[90,90,90,85,85,85,85,85,80,80,52,51,78,70,69,43,90,90,72,61,39,37,0,0,0],"gold":287,"neow_bonus":"TRANSFORM_CARD","is_daily":false,"chose_seed":false,"campfire_upgraded":3,"win_rate":0.0,"timestamp":1610060760,"path_taken":["R","M","?","M","?","?","T","?","M","R","E","$","R","M","M","BOSS","R","?","M","M","M","E"],"items_purchased_type":["Card","Card","Card"],"build_version":"2020-12-22","purchased_purges":0,"victory":false,"max_hp_per_floor":[90,90,90,90,90,90,90,90,90,90,90,90,90,90,90,90,90,90,90,90,90,90,90,90,90],"card_choices":[{"not_picked":["champ:Circumvent","champ:BringItOn"],"picked":"champ:EnragedBash","floor":2},{"not_picked":["champ:AdrenalArmor","champ:Haymaker"],"picked":"champ:FlashCut","floor":4},{"not_picked":["champ:BerserkersShout","champ:Lariat"],"picked":"champ:LastStand","floor":6},{"not_picked":["champ:EnGarde","champ:EndlessRage"],"picked":"champ:RecklessLeap","floor":9},{"not_picked":["champ:FaceSlap","champ:FlashCut"],"picked":"champ:StanceDance","floor":11},{"not_picked":["champ:DefensiveShout","champ:Backstep"],"picked":"champ:FlashCut","floor":12},{"not_picked":["champ:GutPunch","champ:Circumvent"],"picked":"champ:GladiatorStyle","floor":14},{"not_picked":["champ:AdrenalArmor","champ:DefensiveStyle"],"picked":"champ:MurderStrike","floor":15},{"not_picked":["champ:CrownThrow","champ:HoldFirm"],"picked":"champ:SteelEdge","floor":16},{"not_picked":[],"picked":"J.A.X.","floor":19},{"not_picked":["champ:Circumvent","champ:AdrenalArmor+1"],"picked":"champ:Aggression+1","floor":19},{"not_picked":["champ:Circumvent+1","champ:Haymaker"],"picked":"champ:HeavySlash","floor":20},{"not_picked":["champ:CrookedStrike+1","champ:ArenaPreparation+1"],"picked":"champ:Circumvent","floor":21},{"not_picked":["champ:GladiatorsShout","champ:AdrenalArmor"],"picked":"champ:TornadoPunch","floor":22}],"player_experience":551757,"relics_obtained":[{"floor":7,"key":"Blue Candle"},{"floor":11,"key":"hubris:SlimyHat"},{"floor":19,"key":"MutagenicStrength"}],"event_choices":[{"damage_healed":0,"gold_gain":0,"player_choice":"Rummage","damage_taken":0,"relics_obtained":["WarpedTongs"],"max_hp_gain":0,"max_hp_loss":0,"event_name":"Accursed Blacksmith","floor":5,"gold_loss":0,"cards_obtained":["Pain"]}],"is_beta":false,"boss_relics":[{"not_picked":["Runesmith:UraniumAnvil","Runic Pyramid"],"picked":"Velvet Choker"}],"items_purged_floors":[],"is_endless":false,"potions_floor_spawned":[6,9,14,15,20,22],"killed_by":"Gremlin Leader","ascension_level":1}}