{"host":"wlby5h16dhl6c8vf","time":1610050477,"event":{"mods":["100% Spire Juice","AchievementEnabler","Act Like it!","Astrologer","BaseMod","Bestiary","Better Note","BetterRewards","Card Forge","Chen","Colored Powertips","Custom Start","DeckTracker","Duelist Mod","Evolution","Friendly Minions","Hermit","Hubris","Koishi","Marisa????????","Minty Spire (QoL Compilation)","Prisma Mod","Quick Restart","Relic Stats","Remilia??????","Replay The Spire","Robot Space Explorer","SOS???????","Shop Mod","StSLib","SuperFastMode","The Administrix","The Animator","The Construct","The Exalted","The IronCluck","The Marked","The Necromancer","The Poker Player","The Problem Sleuth","The Senshi","The Servant 0.9.4","The Wild Card"],"gold_per_floor":[143,160,179,17,34,34,49,78,155,174,174,122,122,141,141,242,242,257,271,287,11716,11730,11758,11758,11783,11783,11783,11783,11797,11816,11512,11512,11607,11607,11607,11366,11401,11401,11401],"floor_reached":38,"playtime":4559,"items_purged":[],"score":866,"play_id":"d000f89f-aaea-4a80-945f-eed4a6b82c36","local_time":"20210107211437","is_ascension_mode":false,"campfire_choices":[{"data":"theDuelist:ChaosSeed+1","floor":6.0,"key":"SMITH"},{"data":"theDuelist:BigFire","floor":11.0,"key":"SMITH"},{"floor":13.0,"key":"RECALL"},{"floor":15.0,"key":"REST"},{"floor":24.0,"key":"REST"},{"floor":27.0,"key":"REST"},{"floor":32.0,"key":"REST"},{"floor":35,"key":"REST"}],"circlet_count":0,"master_deck":["theDuelist:BeaverWarrior+1","theDuelist:BeaverWarrior+1","theDuelist:CastleWalls+1","theDuelist:CastleWalls+1","theDuelist:FinalFlame+1","theDuelist:GiantSoldier+1","theDuelist:GiantSoldier+1","theDuelist:ScrapFactory+1","theDuelist:Sparks+1","theDuelist:Sparks+1","theDuelist:BigFire+1","theDuelist:Raigeki+1","theDuelist:RainbowNeos+1","theDuelist:RainbowNeos+1","theDuelist:SwordsConcealing+1","theDuelist:ChaosSeed+7","theDuelist:GravityBlaster+1","theDuelist:ImperialOrder+1","theDuelist:BigFire+1","theDuelist:Wiretap+5","theDuelist:AmuletAmbition+5","theDuelist:YellowBelliedOni+1","theDuelist:GridRod+1","theDuelist:GravityBlaster+1","Pot Of Greed+1","Pot Of Greed+1","Pot Of Greed+1","theDuelist:BeaverWarrior+1","theDuelist:BeaverWarrior+1","theDuelist:GiantSoldier+1","theDuelist:GiantSoldier+1","theDuelist:RainbowNeos+1","theDuelist:RainbowNeos+1","theDuelist:YellowBelliedOni+1","theDuelist:AssaultArmor+1","theDuelist:CombinationAttack+6","theDuelist:DarkFactory+1","theDuelist:SwordDeepSeated+1","theDuelist:ImperialOrder+1","theDuelist:ImperialOrder+1","Pot Of Greed+1","theDuelist:PotForbidden+1","theDuelist:PowerGiant+1","theDuelist:RainbowNeos+1","theDuelist:PotForbidden+1","theDuelist:KamionTimelord+1","theDuelist:Jinzo+1","theDuelist:HappyLover+1","theDuelist:Hinotama+5","theDuelist:SilentDoom+4","theDuelist:FusionFire+1","Pot Of Greed+1","theDuelist:SwordsConcealing+1"],"relics":["theDuelist:MillenniumPuzzle","theDuelist:CardPoolRelic","theDuelist:CardPoolBasicRelic","theDuelist:BoosterPackPoolRelic","theDuelist:CardPoolAddRelic","theDuelist:CardPoolMinusRelic","theDuelist:CardPoolSaveRelic","theDuelist:CardPoolOptionsRelic","Hammer of Thor","Seething Fire","Anvil of the Gods","EVO:Axolotl","NeowsBlessing","Smiling Mask","theDuelist:NamelessPowerRelicA","Grinning Jar","theDuelist:MerchantSword","theDuelist:SpellMaxHPRelic","MerchantsRug","Singing Bowl","Matryoshka","Garlic","Replay:Bottled Eggs","theDuelist:DuelistOrichalcum","theDuelist:YugiMirror","theDuelist:SolderToken","theDuelist:ShopToken","Bromod:ArcaneGrace","hubris:IronBody"],"acts_visited":["Exordium","TheCity","TheBeyond","TheEnding"],"potions_floor_usage":[38,38],"damage_taken":[{"damage":0.0,"enemies":"Cultist","floor":1.0,"turns":1.0},{"damage":0.0,"enemies":"Jaw Worm","floor":2.0,"turns":1.0},{"damage":0.0,"enemies":"Small Slimes","floor":3.0,"turns":1.0},{"damage":2.0,"enemies":"Red Slaver","floor":5.0,"turns":4.0},{"damage":6.0,"enemies":"Exordium Thugs","floor":7.0,"turns":3.0},{"damage":0.0,"enemies":"Lagavulin","floor":8.0,"turns":8.0},{"damage":0.0,"enemies":"Gremlin Gang","floor":10.0,"turns":2.0},{"damage":5.0,"enemies":"Large Slime","floor":14.0,"turns":3.0},{"damage":16.0,"enemies":"Hexaghost","floor":16.0,"turns":8.0},{"damage":8.0,"enemies":"3 Byrds","floor":18.0,"turns":6.0},{"damage":10.0,"enemies":"Spheric Guardian","floor":19.0,"turns":6.0},{"damage":16.0,"enemies":"Snake Plant","floor":20.0,"turns":4.0},{"damage":2.0,"enemies":"Cultist and Chosen","floor":22.0,"turns":6.0},{"damage":30.0,"enemies":"Slavers","floor":23.0,"turns":4.0},{"damage":0.0,"enemies":"theDuelist:KaibaA2","floor":25.0,"turns":3.0},{"damage":26.0,"enemies":"Sentry and Sphere","floor":29.0,"turns":6.0},{"damage":3.0,"enemies":"Snake Plant","floor":30.0,"turns":3.0},{"damage":0,"enemies":"Pondfish","floor":33,"turns":8},{"damage":67,"enemies":"Shield and Spear","floor":37,"turns":7},{"damage":50,"enemies":"The Heart","floor":38,"turns":2}],"seed_played":"4412888523233629606","potions_obtained":[{"floor":3.0,"key":"theDuelist:LavaBottle"},{"floor":8.0,"key":"theDuelist:BigOrbBottle"},{"floor":10.0,"key":"theDuelist:FireBottle"},{"floor":14.0,"key":"theDuelist:CoolBottle"},{"floor":25.0,"key":"theDuelist:TokenPotionB"}],"is_trial":false,"path_per_floor":["M","M","M","$","M","R","M","E","T","M","R","?","R","M","R","B",null,"M","M","M","$","M","E","R","E","T","R","T","M","M","$","R","B",null,"R","$","E","B"],"character_chosen":"THE_DUELIST","items_purchased":["theDuelist:RainbowNeos","theDuelist:SwordsConcealing","Grinning Jar","theDuelist:MerchantSword","theDuelist:SpellMaxHPRelic","theDuelist:AssaultArmor","theDuelist:CombinationAttack","theDuelist:DarkFactory","theDuelist:SwordDeepSeated","MerchantsRug","theDuelist:ImperialOrder","theDuelist:PotForbidden","theDuelist:SolderToken","theDuelist:ShopToken","theDuelist:HappyLover","theDuelist:Hinotama","theDuelist:SilentDoom","theDuelist:FusionFire"],"campfire_rested":5,"item_purchase_floors":[4,4,21,21,21,21,21,21,21,21,21,21,31,31,36,36,36,36],"current_hp_per_floor":[80,80,80,80,78,78,72,72,72,72,72,72,72,67,80,64,80,72,62,46,50,48,20,45,45,45,70,70,44,41,41,66,67,87,87,90,34,0,0],"gold":11401,"neow_bonus":"THREE_ENEMY_KILL","is_daily":false,"chose_seed":false,"campfire_upgraded":2,"win_rate":0.0,"timestamp":1610050477,"path_taken":["M","M","?","?","M","R","M","E","T","M","R","?","R","M","R","BOSS","M","M","M","$","M","E","R","E","T","R","?","M","M","?","R","BOSS","R","$","E","BOSS"],"items_purchased_type":["Card","Card","Relic","Relic","Relic","Card","Card","Card","Card","Relic","Card","Card","Relic","Relic","Card","Card","Card","Card"],"build_version":"2020-12-22","purchased_purges":0,"victory":false,"max_hp_per_floor":[80,80,80,80,80,80,80,80,80,80,80,80,80,80,80,80,80,80,80,80,84,84,86,86,86,86,86,86,86,86,86,86,87,87,87,90,91,91,91],"relic_stats":{"Singing Bowl":2,"counters":[20,86],"Smiling Mask":0,"obtain_stats":[{"theDuelist:MerchantSword":21,"theDuelist:DuelistOrichalcum":28,"Singing Bowl":23,"Hammer of Thor":0,"EVO:Axolotl":0,"theDuelist:MillenniumPuzzle":0,"Smiling Mask":8,"theDuelist:NamelessPowerRelicA":12,"theDuelist:BoosterPackPoolRelic":0,"theDuelist:SpellMaxHPRelic":21,"Matryoshka":25,"theDuelist:YugiMirror":28,"theDuelist:CardPoolAddRelic":0,"hubris:IronBody":37,"theDuelist:CardPoolOptionsRelic":0,"Replay:Bottled Eggs":26,"theDuelist:CardPoolRelic":0,"MerchantsRug":21,"Bromod:ArcaneGrace":34,"NeowsBlessing":0,"theDuelist:CardPoolSaveRelic":0,"Seething Fire":0,"theDuelist:SolderToken":31,"theDuelist:ShopToken":31,"theDuelist:CardPoolMinusRelic":0,"Anvil of the Gods":0,"theDuelist:CardPoolBasicRelic":0,"Garlic":26,"Grinning Jar":21},{"theDuelist:MerchantSword":12,"theDuelist:DuelistOrichalcum":15,"Singing Bowl":14,"Hammer of Thor":0,"EVO:Axolotl":0,"theDuelist:MillenniumPuzzle":0,"Smiling Mask":6,"theDuelist:NamelessPowerRelicA":7,"theDuelist:BoosterPackPoolRelic":0,"theDuelist:SpellMaxHPRelic":12,"Matryoshka":15,"theDuelist:YugiMirror":15,"theDuelist:CardPoolAddRelic":0,"hubris:IronBody":19,"theDuelist:CardPoolOptionsRelic":0,"Replay:Bottled Eggs":15,"theDuelist:CardPoolRelic":0,"MerchantsRug":12,"Bromod:ArcaneGrace":18,"NeowsBlessing":0,"theDuelist:CardPoolSaveRelic":0,"Seething Fire":0,"theDuelist:SolderToken":17,"theDuelist:ShopToken":17,"theDuelist:CardPoolMinusRelic":0,"Anvil of the Gods":0,"theDuelist:CardPoolBasicRelic":0,"Garlic":15,"Grinning Jar":12},{"theDuelist:MerchantSword":47,"theDuelist:DuelistOrichalcum":60,"Singing Bowl":57,"Hammer of Thor":0,"EVO:Axolotl":0,"theDuelist:MillenniumPuzzle":0,"Smiling Mask":18,"theDuelist:NamelessPowerRelicA":20,"theDuelist:BoosterPackPoolRelic":0,"theDuelist:SpellMaxHPRelic":47,"Matryoshka":60,"theDuelist:YugiMirror":60,"theDuelist:CardPoolAddRelic":0,"hubris:IronBody":84,"theDuelist:CardPoolOptionsRelic":0,"Replay:Bottled Eggs":60,"theDuelist:CardPoolRelic":0,"MerchantsRug":47,"Bromod:ArcaneGrace":77,"NeowsBlessing":0,"theDuelist:CardPoolSaveRelic":0,"Seething Fire":0,"theDuelist:SolderToken":69,"theDuelist:ShopToken":69,"theDuelist:CardPoolMinusRelic":0,"Anvil of the Gods":0,"theDuelist:CardPoolBasicRelic":0,"Garlic":60,"Grinning Jar":47}]},"card_choices":[{"not_picked":["theDuelist:SpellShatteringArrow","theDuelist:MeteorDestruction","theDuelist:CoreBlaster","theDuelist:Hinotama"],"picked":"theDuelist:BigFire","floor":1.0},{"not_picked":["theDuelist:BattleguardKing","theDuelist:ClearKuriboh","theDuelist:DarklordSuperbia","theDuelist:Mathematician"],"picked":"theDuelist:Raigeki","floor":2.0},{"not_picked":["theDuelist:CombinationAttack","theDuelist:WormApocalypse","theDuelist:WhiteMagicalHat","theDuelist:LightningVortex"],"picked":"theDuelist:RainbowNeos","floor":3.0},{"not_picked":["theDuelist:SparkBlaster+1","theDuelist:MagnumShield+1","theDuelist:Hinotama+1","theDuelist:CharcoalInpachi"],"picked":"theDuelist:ChaosSeed+1","floor":5.0},{"not_picked":["theDuelist:GiantTrunade","theDuelist:Electrowhip","theDuelist:ElectromagneticShield","theDuelist:SwordDeepSeated"],"picked":"theDuelist:GravityBlaster","floor":7.0},{"not_picked":["theDuelist:WhiteHowling","theDuelist:GravityAxe","theDuelist:Electrowhip"],"picked":"theDuelist:ImperialOrder","floor":8.0},{"not_picked":["theDuelist:SpellShatteringArrow","theDuelist:WhiteMagicalHat","theDuelist:AfterTheStorm","theDuelist:StarBlast"],"picked":"theDuelist:BigFire","floor":10.0},{"not_picked":["theDuelist:CoreBlaster","theDuelist:RainbowNeos","theDuelist:PowerKaishin","theDuelist:Downbeat"],"picked":"theDuelist:Wiretap","floor":14.0},{"not_picked":["theDuelist:YamiForm","theDuelist:SevenCompleted","theDuelist:Raigeki","theDuelist:FeatherShot"],"picked":"theDuelist:AmuletAmbition","floor":16.0},{"not_picked":["theDuelist:RainbowNeos","theDuelist:KamionTimelord","theDuelist:HappyLover","theDuelist:Eva"],"picked":"theDuelist:YellowBelliedOni","floor":18.0},{"not_picked":["theDuelist:WhiteHowling","theDuelist:GravityAxe","theDuelist:Electrowhip+1","theDuelist:MiraculousDescent"],"picked":"theDuelist:GridRod","floor":19.0},{"not_picked":["theDuelist:StarBlast+1","theDuelist:AncientGearFist+1"],"picked":"theDuelist:GravityBlaster+1","floor":20.0},{"not_picked":["theDuelist:HeavyStorm","theDuelist:LabyrinthWall","theDuelist:RockSunrise","theDuelist:BigEye"],"picked":"theDuelist:PowerGiant","floor":22.0},{"not_picked":["theDuelist:CoreBlaster","theDuelist:WhiteMagicalHat","theDuelist:WormApocalypse+1","theDuelist:CombinationAttack+1","theDuelist:VenomShot"],"picked":"Singing Bowl","floor":23.0},{"not_picked":["theDuelist:BigFire","theDuelist:WhiteMagicalHat","theDuelist:AfterTheStorm","theDuelist:DarkBurningMagic"],"picked":"theDuelist:RainbowNeos","floor":25.0},{"not_picked":["theDuelist:AmuletAmbition+1","theDuelist:FeatherShot","theDuelist:LightLaser","theDuelist:LightningBlade"],"picked":"theDuelist:KamionTimelord","floor":29.0},{"not_picked":["theDuelist:DestroyerGolem","theDuelist:FeatherPho","theDuelist:BattleOx","theDuelist:HarpieFeather"],"picked":"theDuelist:Jinzo+1","floor":30.0},{"not_picked":["theDuelist:MillenniumShield","theDuelist:AmuletAmbition","theDuelist:Raigeki","theDuelist:SwordsRevealing"],"picked":"theDuelist:SevenCompleted","floor":33},{"not_picked":["theDuelist:AmuletAmbition+5","theDuelist:FeatherShot+4","theDuelist:ForbiddenLance+6","theDuelist:SwordsRevealing+1"],"picked":"theDuelist:SwordsConcealing+1","floor":37}],"player_experience":260186,"relics_obtained":[{"floor":8.0,"key":"Smiling Mask"},{"floor":23.0,"key":"Singing Bowl"},{"floor":25.0,"key":"Matryoshka"},{"floor":26.0,"key":"Garlic"},{"floor":26.0,"key":"Replay:Bottled Eggs"},{"floor":28.0,"key":"theDuelist:DuelistOrichalcum"},{"floor":28.0,"key":"theDuelist:YugiMirror"},{"floor":37,"key":"hubris:IronBody"}],"event_choices":[{"power_reward":2.0,"total_magic_score":96.0,"gold_gain":0.0,"duelist":true,"damage_taken":0.0,"relics_obtained":["theDuelist:NamelessPowerRelicA"],"points":3.0,"max_hp_gain":0.0,"max_hp_loss":0.0,"spent_points":{"magic":0.0,"greed":0.0,"war":0.0,"power":2.0,"hunger":0.0},"event_name":"Nameless Tomb","floor":12.0,"gold_loss":52.0,"cards_obtained":[]}],"is_beta":false,"boss_relics":[{"not_picked":["ChewingGum","Ooze Armor","Snecko Scales"]},{"not_picked":["hubris:CrackedHourglass","Tiny House"],"picked":"Bromod:ArcaneGrace"}],"items_purged_floors":[],"is_endless":false,"potions_floor_spawned":[3,8,10,14,18,22,23,25],"killed_by":"The Heart","ascension_level":0}}