{"host":"9ylwqx3xq4e4v98b","time":1610008295,"event":{"mods":["AchievementEnabler","BaseMod","Better Silent Start","Card Forge","Colored Map","DeckTracker","Minty Spire (QoL Compilation)","Permanent Neow","Quick Restart","Spicy Shops","StSLib","SuperFastMode","Td1madao Mod"],"gold_per_floor":[366,366,366,376,178,203,203,220,220,59,93,93,93,108,108,185,185,197,197,76,76,90,90,119,139,162,217,217,237,247,262,262,333,333,345,345,360,360,360,360],"floor_reached":39,"playtime":1091,"items_purged":[],"score":1218,"play_id":"8c39aaf6-58d8-4654-9b91-785c98c5a400","local_time":"20210107003135","is_ascension_mode":true,"campfire_choices":[{"data":"Bouncing Flask","floor":7,"key":"SMITH"},{"data":"Deadly Poison","floor":13,"key":"SMITH"},{"data":"Bane","floor":15,"key":"SMITH"},{"data":"Noxious Fumes","floor":23,"key":"SMITH"},{"floor":28,"key":"REST"},{"floor":32,"key":"REST"}],"circlet_count":0,"master_deck":["AscendersBane","Burst+1","Adrenaline+1","Blur+1","Dodge and Roll+1","Noxious Fumes+1","Poisoned Stab+1","Catalyst+1","Corpse Explosion+1","Cloak And Dagger+1","Outmaneuver+1","Backflip+1","Bouncing Flask+1","Deadly Poison+1","Backflip+1","Bane+1","Doppelganger+1","Deflect+1","Noxious Fumes+1"],"relics":["Ring of the Snake","Hammer of Thor","Seething Fire","Anvil of the Gods","Snake Skull","PreservedInsect","White Beast Statue","Blood Vial","Akabeko","Ancient Tea Set","Busted Crown","Juzu Bracelet","Whetstone","Vajra","War Paint","Runic Dome","Ginger"],"acts_visited":["Exordium","TheCity","TheBeyond"],"potions_floor_usage":[],"damage_taken":[{"damage":0,"enemies":"2 Louse","floor":1,"turns":2},{"damage":0,"enemies":"Cultist","floor":4,"turns":2},{"damage":0,"enemies":"3 Sentries","floor":6,"turns":2},{"damage":0,"enemies":"Small Slimes","floor":8,"turns":2},{"damage":0,"enemies":"Gremlin Nob","floor":11,"turns":1},{"damage":0,"enemies":"Blue Slaver","floor":14,"turns":2},{"damage":0,"enemies":"Slime Boss","floor":16,"turns":2},{"damage":0,"enemies":"Shell Parasite","floor":18,"turns":1},{"damage":0,"enemies":"Spheric Guardian","floor":22,"turns":2},{"damage":0,"enemies":"Book of Stabbing","floor":24,"turns":1},{"damage":0,"enemies":"Centurion and Healer","floor":25,"turns":3},{"damage":0,"enemies":"Snecko","floor":29,"turns":1},{"damage":12,"enemies":"Shelled Parasite and Fungi","floor":30,"turns":4},{"damage":0,"enemies":"Centurion and Healer","floor":31,"turns":2},{"damage":0,"enemies":"Automaton","floor":33,"turns":5},{"damage":16,"enemies":"3 Darklings","floor":35,"turns":3},{"damage":0,"enemies":"3 Shapes","floor":37,"turns":2},{"damage":59,"enemies":"Awakened One","floor":39,"turns":5}],"seed_played":"-271133721091808430","potions_obtained":[{"floor":4,"key":"Dexterity Potion"},{"floor":6,"key":"GhostInAJar"},{"floor":14,"key":"CunningPotion"},{"floor":29,"key":"EssenceOfSteel"},{"floor":37,"key":"DuplicationPotion"}],"is_trial":false,"path_per_floor":["M","?","?","M","$","E","R","M","T","$","E","?","R","M","R","B",null,"M","?","$","?","M","R","E","M","T","T","R","M","M","M","R","B",null,"M","T","M","?","B"],"character_chosen":"THE_SILENT","items_purchased":["Snake Skull","Deadly Poison","Blood Vial","Noxious Fumes","Juzu Bracelet"],"campfire_rested":2,"item_purchase_floors":[5,5,10,20,20],"current_hp_per_floor":[44,49,71,71,71,71,71,71,71,71,71,71,71,71,71,71,71,71,61,61,56,58,58,60,62,62,62,71,71,59,61,71,71,71,55,55,57,57,0,0],"gold":360,"neow_bonus":"TWO_FIFTY_GOLD","is_daily":false,"chose_seed":false,"campfire_upgraded":4,"win_rate":0.0,"timestamp":1610008295,"path_taken":["M","?","?","M","$","E","R","?","T","?","E","?","R","?","R","BOSS","M","?","$","?","M","R","E","M","T","?","R","M","M","M","R","BOSS","M","?","M","?","BOSS"],"items_purchased_type":["Relic","Card","Relic","Card","Relic"],"build_version":"2020-12-22","purchased_purges":0,"victory":false,"max_hp_per_floor":[66,71,71,71,71,71,71,71,71,71,71,71,71,71,71,71,71,71,71,71,71,71,71,71,71,71,71,71,71,71,71,71,71,71,71,71,71,71,71,71],"card_choices":[{"not_picked":["Blade Dance","Backflip"],"picked":"Bouncing Flask","floor":1},{"not_picked":["Crippling Poison","Sucker Punch","All Out Attack"],"picked":"SKIP","floor":4},{"not_picked":["Setup","Predator","Well Laid Plans"],"picked":"SKIP","floor":6},{"not_picked":["Choke","Flechettes","Sucker Punch"],"picked":"SKIP","floor":8},{"not_picked":["Crippling Poison","Deflect"],"picked":"Backflip","floor":11},{"not_picked":["All Out Attack","Flying Knee"],"picked":"Bane","floor":14},{"not_picked":["After Image","Glass Knife"],"picked":"Doppelganger","floor":16},{"not_picked":[],"picked":"Deflect","floor":18},{"not_picked":["Bane"],"picked":"SKIP","floor":22},{"not_picked":["Heel Hook"],"picked":"SKIP","floor":24},{"not_picked":["Infinite Blades"],"picked":"SKIP","floor":25},{"not_picked":["Reflex"],"picked":"SKIP","floor":29},{"not_picked":["Dagger Spray"],"picked":"SKIP","floor":30},{"not_picked":["Poisoned Stab"],"picked":"SKIP","floor":31},{"not_picked":["Outmaneuver"],"picked":"SKIP","floor":35},{"not_picked":["Flechettes"],"picked":"SKIP","floor":37}],"player_experience":197360,"relics_obtained":[{"floor":6,"key":"PreservedInsect"},{"floor":9,"key":"White Beast Statue"},{"floor":11,"key":"Akabeko"},{"floor":24,"key":"Whetstone"},{"floor":26,"key":"Vajra"},{"floor":27,"key":"War Paint"},{"floor":36,"key":"Ginger"}],"event_choices":[{"damage_healed":0,"gold_gain":0,"player_choice":"Donut","damage_taken":0,"max_hp_gain":5,"max_hp_loss":0,"event_name":"Big Fish","floor":2,"gold_loss":0},{"damage_healed":22,"gold_gain":0,"player_choice":"Full Heal","damage_taken":0,"max_hp_gain":0,"max_hp_loss":0,"event_name":"Wheel of Change","floor":3,"gold_loss":0},{"damage_healed":0,"gold_gain":0,"player_choice":"Gave Potion","damage_taken":0,"relics_obtained":["Ancient Tea Set"],"max_hp_gain":0,"max_hp_loss":0,"event_name":"WeMeetAgain","floor":12,"gold_loss":0},{"damage_healed":0,"gold_gain":0,"player_choice":"Damaged","damage_taken":10,"max_hp_gain":0,"max_hp_loss":0,"event_name":"Wheel of Change","floor":19,"gold_loss":0},{"damage_healed":0,"gold_gain":0,"player_choice":"Punched","damage_taken":5,"max_hp_gain":0,"max_hp_loss":0,"event_name":"Designer","floor":21,"gold_loss":0},{"damage_healed":0,"gold_gain":0,"player_choice":"Took Portal","damage_taken":0,"max_hp_gain":0,"max_hp_loss":0,"event_name":"SecretPortal","floor":38,"gold_loss":0}],"is_beta":false,"boss_relics":[{"not_picked":["Runic Pyramid","Calling Bell"],"picked":"Busted Crown"},{"not_picked":["SlaversCollar","Empty Cage"],"picked":"Runic Dome"}],"items_purged_floors":[],"is_endless":false,"potions_floor_spawned":[4,6,11,14,16,18,22,24,25,29,30,31,33,35,37],"killed_by":"Awakened One","ascension_level":20}}