{"host":"ueaobptuyu87ouwy","time":1610025940,"event":{"mods":["Aspiration","Bard","BaseMod","Better Altar","Better Match","Better Note","Better Sensory Stone","Better Skull","Better Third Choice","BetterRewards","CCEM","Colored Map","Conspire","Downfall","GifTheSpireLib","GungeonMod","Halation","Hermit","Highlight Path","Hubris","Infinite Spire","Jedi Mod","Jorbs\u0027s Wanderer Trilogy","Marisa????????","Marked Mod","Mimic Mod","Minty Spire (QoL Compilation)","Permanent Neow","Replay The Spire","Shop Mod","Small Relic Pack","StSLib","Stuff the Spire","The Runesmith","Unceasing Turn Reminder","everything is the same but u backflip on backflip","slay the spire mod where everything is the same but ironclad has a cowboy hat"],"gold_per_floor":[119,119,132,132,87,118,132,132,132,190,290,324,12,27,27,127,127,144,194,211,226,44,44,44],"floor_reached":23,"playtime":1462,"items_purged":[],"score":199,"play_id":"60eb2d32-535b-4d64-bd14-ae616be85bcd","local_time":"20210107212540","is_ascension_mode":false,"campfire_choices":[{"data":"DemoMod:PotionOfGunFriendShip","floor":8,"key":"SMITH"},{"floor":15,"key":"REST"}],"circlet_count":0,"master_deck":["DemoMod:Strike_Huntress","DemoMod:Strike_Huntress","DemoMod:Strike_Huntress","DemoMod:Defend_Huntress","DemoMod:Defend_Huntress","DemoMod:Defend_Huntress","DemoMod:Defend_Huntress","DemoMod:Roll","DemoMod:ManualReload","DemoMod:RustySidearm","DemoMod:CrossBow","DemoMod:ThirdPartyController","DemoMod:SAA","DemoMod:Camera","DemoMod:PotionOfGunFriendShip+1","DemoMod:SniperShot","DemoMod:SkilledReload","DemoMod:Unity","DemoMod:FortunesFavor","DemoMod:ProbeStrike","DemoMod:SuppressiveFire+1","DemoMod:Polaris+1","DemoMod:Unity+1","DemoMod:CombinedRifle","DemoMod:CombinedRifle","DemoMod:FortunesFavor"],"relics":["DemoMod:Dog","halation:AfternoonTea","Boot","halation:PromiseList","hubris:SphereOfDissonance","Replay:Mystery Machine","DemoMod:Metronome","StuffTheSpire:CocoNut","Replay:Bronze Core","Tiny House","conspire:TreasureMap"],"acts_visited":["Exordium","TheCity"],"potions_floor_usage":[16,21,23,23],"damage_taken":[{"damage":1,"enemies":"Jaw Worm","floor":1,"turns":5},{"damage":0,"enemies":"2 Louse","floor":3,"turns":3},{"damage":21,"enemies":"Gremlin Nob","floor":6,"turns":4},{"damage":2,"enemies":"conspire:RoseBush","floor":7,"turns":3},{"damage":0,"enemies":"Lots of Slimes","floor":10,"turns":5},{"damage":19,"enemies":"3 Sentries","floor":12,"turns":5},{"damage":0,"enemies":"Lots of Slimes","floor":14,"turns":2},{"damage":71,"enemies":"Fading Forest","floor":16,"turns":11},{"damage":31,"enemies":"conspire:FuzzyDice","floor":18,"turns":4},{"damage":20,"enemies":"Shell Parasite","floor":20,"turns":6},{"damage":16,"enemies":"Snake Plant","floor":21,"turns":3},{"damage":27,"enemies":"conspire:SneckoGhost","floor":23,"turns":3}],"seed_played":"-3843660819124583065","potions_obtained":[{"floor":1,"key":"ColorlessPotion"},{"floor":3,"key":"DistilledChaos"},{"floor":18,"key":"jedi:StrikingPotion"},{"floor":18,"key":"Explosive Potion"},{"floor":19,"key":"AttackPotion"},{"floor":20,"key":"DistilledChaos"}],"is_trial":false,"path_per_floor":["M","?","M","?","$","E","M","R","T","?","?","E","$","M","R","B",null,"M","AVR","M","M","$","E"],"character_chosen":"HUNTRESS","items_purchased":["DemoMod:PotionOfGunFriendShip","StuffTheSpire:CocoNut","DemoMod:ProbeStrike","conspire:TreasureMap","DemoMod:FortunesFavor"],"campfire_rested":1,"item_purchase_floors":[5,13,13,22,22],"current_hp_per_floor":[69,69,69,69,69,48,46,46,46,46,46,27,34,34,57,11,77,46,51,31,15,15,0,0],"gold":44,"neow_bonus":"ONE_RANDOM_RARE_CARD","is_daily":false,"chose_seed":false,"campfire_upgraded":1,"win_rate":0.0,"timestamp":1610025940,"path_taken":["M","?","M","?","$","E","?","R","T","?","?","E","$","M","R","BOSS","M","AVR","?","?","?","E"],"items_purchased_type":["Card","Relic","Card","Relic","Card"],"build_version":"2020-12-13","purchased_purges":0,"victory":false,"max_hp_per_floor":[70,70,70,70,70,70,70,70,70,70,70,70,77,77,77,77,77,77,82,82,82,82,82,82],"card_choices":[{"not_picked":["DemoMod:Ejector","DemoMod:BoxingGlove"],"picked":"DemoMod:SAA","floor":1},{"not_picked":["DemoMod:Desperate","DemoMod:Ejector"],"picked":"DemoMod:Camera","floor":3},{"not_picked":["DemoMod:DoubleSwitch","DemoMod:GunstockTap","DemoMod:CursedBullets"],"picked":"SKIP","floor":6},{"not_picked":["DemoMod:PracticeMakesPerfect","DemoMod:MachoBrace"],"picked":"DemoMod:SniperShot","floor":7},{"not_picked":["DemoMod:AC15","DemoMod:GunstockTap"],"picked":"DemoMod:SkilledReload","floor":10},{"not_picked":["DemoMod:DoubleSwitch","DemoMod:AC15"],"picked":"DemoMod:Unity","floor":12},{"not_picked":["DemoMod:BoxingGlove","DemoMod:SAA"],"picked":"DemoMod:FortunesFavor","floor":12},{"not_picked":["DemoMod:TeaPot","DemoMod:EasyReloadBullets","DemoMod:FastSwitch"],"picked":"SKIP","floor":14},{"not_picked":["DemoMod:Elimentaler","DemoMod:BalloonGun"],"picked":"DemoMod:SuppressiveFire","floor":16},{"not_picked":["DemoMod:ProbeStrike+1","DemoMod:Unity"],"picked":"DemoMod:Polaris+1","floor":18},{"not_picked":["DemoMod:EasyReloadBullets","DemoMod:HardPowerCard"],"picked":"DemoMod:Unity+1","floor":19},{"not_picked":["DemoMod:LifeOrb+1","DemoMod:FortunesFavor"],"picked":"DemoMod:CombinedRifle","floor":20},{"not_picked":["DemoMod:StickyCrossBow","DemoMod:Purify"],"picked":"DemoMod:CombinedRifle","floor":21}],"player_experience":60306,"relics_obtained":[{"floor":6,"key":"Boot"},{"floor":6,"key":"halation:PromiseList"},{"floor":9,"key":"hubris:SphereOfDissonance"},{"floor":10,"key":"Replay:Mystery Machine"},{"floor":12,"key":"DemoMod:Metronome"}],"event_choices":[{"damage_healed":0,"gold_gain":0,"player_choice":"Gave Potion","damage_taken":0,"relics_obtained":["halation:AfternoonTea"],"max_hp_gain":0,"max_hp_loss":0,"event_name":"WeMeetAgain","floor":4,"gold_loss":0},{"damage_healed":0,"gold_gain":100,"player_choice":"Pray","damage_taken":0,"max_hp_gain":0,"max_hp_loss":0,"event_name":"Golden Shrine","floor":11,"gold_loss":0}],"is_beta":false,"boss_relics":[{"not_picked":["Coffee Dripper","Astrolabe"],"picked":"Replay:Bronze Core"}],"items_purged_floors":[],"is_endless":false,"potions_floor_spawned":[1,3,18,18,20],"killed_by":"conspire:SneckoGhost","ascension_level":0}}