{"host":"odz7g4gpgch153rb","time":1610051331,"event":{"mods":["AchievementEnabler","BaseMod","Better Match","Better Third Choice","BetterRewards","GifTheSpireLib","Infinite Spire","Jedi Mod","Minty Spire (QoL Compilation)","Quick Restart","Replay The Spire","Spikes Relics","StSLib","Stuff the Spire","The Blue Laboratory","Trackpad"],"gold_per_floor":[114,137,62,62,6,36,48,82,82,82,102,136,136,147,147,226,226,240,251,251,251,251],"floor_reached":21,"playtime":1157,"items_purged":["Strike_B"],"score":411,"play_id":"3ebab7d8-4b85-42d9-9720-c1a5746cac4b","local_time":"20210107152851","is_ascension_mode":true,"campfire_choices":[{"data":"Dualcast","floor":10.0,"key":"SMITH"},{"data":"Zap","floor":10.0,"key":"SMITH"},{"data":"Defragment","floor":15.0,"key":"SMITH"},{"data":"ReplayRNGCard","floor":15.0,"key":"SMITH"}],"circlet_count":0,"master_deck":["AscendersBane","Strike_B","Strike_B","Defend_B","Defend_B","Defend_B","Zap+1","Dualcast+1","Compile Driver+1","Cold Snap","Core Surge","ReplayRNGCard+1","Defragment+1","StuffTheSpire:Synthwave"],"relics":["Cracked Core","NeowsBlessing","StuffTheSpire:Experiment12","CherryCoatedStake","The Courier","Replay:Arrowhead","Emotion Chip","trackpad:NeutrinoGenerator"],"acts_visited":["Exordium","TheCity"],"potions_floor_usage":[18],"damage_taken":[{"damage":0.0,"enemies":"Cultist","floor":1.0,"turns":1.0},{"damage":0.0,"enemies":"Gremlin Nob","floor":6.0,"turns":1.0},{"damage":0.0,"enemies":"2 Louse","floor":7.0,"turns":1.0},{"damage":18.0,"enemies":"3 Sentries","floor":8.0,"turns":7.0},{"damage":2.0,"enemies":"Jaw Worm","floor":11.0,"turns":2.0},{"damage":16.0,"enemies":"Gremlin Nob","floor":12.0,"turns":4.0},{"damage":4.0,"enemies":"Lots of Slimes","floor":14.0,"turns":5.0},{"damage":42.0,"enemies":"Fading Forest","floor":16.0,"turns":11.0},{"damage":29,"enemies":"3 Byrds","floor":18,"turns":4},{"damage":40,"enemies":"Shell Parasite","floor":19,"turns":6},{"damage":8,"enemies":"Snake Plant","floor":21,"turns":1}],"seed_played":"-8878579459207963562","potions_obtained":[{"floor":7.0,"key":"Strength Potion"},{"floor":8.0,"key":"Weak Potion"},{"floor":11.0,"key":"blueLaboratory:LouseDecoction"},{"floor":16.0,"key":"blueLaboratory:FruitPunch"}],"is_trial":false,"path_per_floor":["M","T","$","?","$","E","M","E","T","R","M","E","?","M","R","B",null,"M","M","?","M"],"character_chosen":"DEFECT","items_purchased":["Cold Snap"],"campfire_rested":0,"item_purchase_floors":[5],"current_hp_per_floor":[64,64,64,64,64,64,64,52,52,52,50,34,34,52,52,54,67,44,4,4,0,0],"gold":251,"neow_bonus":"THREE_ENEMY_KILL","is_daily":false,"chose_seed":false,"campfire_upgraded":4,"win_rate":0.0,"timestamp":1610051331,"path_taken":["M","?","$","?","?","E","?","E","T","R","M","E","?","M","R","BOSS","M","M","?","M"],"items_purchased_type":["Card"],"build_version":"2020-12-22","purchased_purges":1,"victory":false,"max_hp_per_floor":[71,71,71,71,71,71,71,71,71,71,71,71,71,71,71,71,71,73,73,73,73,73],"card_choices":[{"not_picked":["StuffTheSpire:LoadUp","Beam Cell","Time Bomb"],"picked":"SKIP","floor":1.0},{"not_picked":["ReplayGash","StuffTheSpire:Plugnplay"],"picked":"Core Surge","floor":6.0},{"not_picked":["StuffTheSpire:NuclearReactor","Melter","Rebound"],"picked":"SKIP","floor":7.0},{"not_picked":["ReplaySolidLightProjector","Go for the Eyes"],"picked":"ReplayRNGCard","floor":8.0},{"not_picked":["Cold Snap","jedi:hex"],"picked":"Defragment","floor":11.0},{"not_picked":["Beam Cell","jedi:blockon","Gash"],"picked":"SKIP","floor":12.0},{"not_picked":["Turbo","Go for the Eyes","ReplaySolidLightProjector"],"picked":"SKIP","floor":14.0},{"not_picked":["Barrage","Self Repair"],"picked":"StuffTheSpire:Synthwave","floor":18},{"not_picked":["Gash","ReplayGash+1","jedi:BurstFrost"],"picked":"SKIP","floor":19}],"player_experience":1001589,"relics_obtained":[{"floor":2.0,"key":"StuffTheSpire:Experiment12"},{"floor":6.0,"key":"CherryCoatedStake"},{"floor":8.0,"key":"The Courier"},{"floor":9.0,"key":"Replay:Arrowhead"},{"floor":12.0,"key":"Emotion Chip"}],"event_choices":[],"is_beta":false,"boss_relics":[{"not_picked":["Replay:Bronze Core","Runic Dome"],"picked":"trackpad:NeutrinoGenerator"}],"items_purged_floors":[3],"is_endless":false,"potions_floor_spawned":[7,8,11,16,18],"killed_by":"Snake Plant","ascension_level":17}}