{"host":"l84l8xigz5v5foa2","time":1610016938,"event":{"mods":["2.2 Compatiblity","AchievementEnabler","BaseMod","Better Note","Better Vampires","Card Filter","Colored Map","DeckTracker","Downfall","Gremlin Skip","Highlight Path","Keyboard Shortcuts","Minty Spire (QoL Compilation)","Permanent Neow","Quick Restart","Relic Filter","Relic Stats","StSLib","SuperFastMode","Transform Curses","Unknown Chances"],"gold_per_floor":[99,114,133,133,150,150,150,250,71,71,71,56,56,56,56],"floor_reached":13,"playtime":420,"items_purged":["Slimebound:Icky"],"score":142,"play_id":"16da3435-78e8-48b2-b603-3d662d8a6414","local_time":"20210107195538","is_ascension_mode":true,"campfire_choices":[{"data":"Guardian:TwinSlam","floor":1,"key":"SMITH"},{"data":"Guardian:CurlUp","floor":6,"key":"SMITH"},{"data":"Guardian:DecasProtection","floor":10,"key":"SMITH"}],"circlet_count":0,"master_deck":["AscendersBane","Guardian:Strike_Guardian","Guardian:Strike_Guardian","Guardian:Defend_Guardian","Guardian:Defend_Guardian","Guardian:Defend_Guardian","Guardian:CurlUp+1","Guardian:TwinSlam+1","Guardian:Recover","Guardian:BronzeArmor","Guardian:RevengeProtocol","Guardian:DecasProtection+1"],"relics":["Guardian:ModeShifter","Anchor","Mercury Hourglass"],"acts_visited":["Exordium"],"potions_floor_usage":[],"damage_taken":[{"damage":3,"enemies":"2 Louse","floor":2,"turns":3},{"damage":0,"enemies":"Jaw Worm","floor":3,"turns":5},{"damage":0,"enemies":"Cultist","floor":5,"turns":3},{"damage":0,"enemies":"downfall:FleeingMerchant","floor":9,"turns":4},{"damage":0,"enemies":"downfall:FleeingMerchant","floor":12,"turns":4},{"damage":44,"enemies":"Gremlin Nob","floor":13,"turns":3}],"seed_played":"9083301173566743384","potions_obtained":[{"floor":2,"key":"Guardian:DefensiveModePotion"}],"is_trial":false,"path_per_floor":["R","M","M","?","M","R","T","?","$","R","?","$","E"],"character_chosen":"GUARDIAN","items_purchased":["Guardian:DecasProtection"],"campfire_rested":0,"item_purchase_floors":[9],"current_hp_per_floor":[47,44,44,39,39,39,39,39,39,39,39,39,0,0,0],"gold":56,"neow_bonus":"REMOVE_TWO","is_daily":false,"chose_seed":false,"campfire_upgraded":3,"win_rate":0.0,"timestamp":1610016938,"path_taken":["R","M","M","?","M","R","T","?","?","R","?","?","E"],"items_purchased_type":["Card"],"build_version":"2020-12-22","purchased_purges":1,"victory":false,"max_hp_per_floor":[72,72,72,72,72,72,72,72,72,72,72,72,72,72,72],"relic_stats":{"counters":[6,22],"obtain_stats":[{"Anchor":4,"Guardian:ModeShifter":0,"Mercury Hourglass":7},{"Anchor":2,"Guardian:ModeShifter":0,"Mercury Hourglass":3},{"Anchor":8,"Guardian:ModeShifter":0,"Mercury Hourglass":11}],"Mercury Hourglass":[24]},"card_choices":[{"not_picked":["Guardian:ChargeUp","Guardian:ChargeCore"],"picked":"Guardian:Recover","floor":2},{"not_picked":["Guardian:PrimingBeam","Guardian:ChargeCore"],"picked":"Guardian:BronzeArmor","floor":3},{"not_picked":["Guardian:Recover","Guardian:Gem_Green"],"picked":"Guardian:Gem_Cyan","floor":5},{"not_picked":["Guardian:GuardianWhirl","Guardian:Recover"],"picked":"Guardian:RevengeProtocol","floor":9},{"not_picked":["Guardian:TemporalShield","Guardian:Gem_Cyan","Guardian:Planning"],"picked":"SKIP","floor":12}],"player_experience":2957339,"relics_obtained":[{"floor":7,"key":"Mercury Hourglass"}],"event_choices":[{"damage_healed":0,"gold_gain":0,"player_choice":"Success","damage_taken":5,"relics_obtained":["Anchor"],"max_hp_gain":0,"max_hp_loss":0,"event_name":"Scrap Ooze","floor":4,"gold_loss":0}],"is_beta":false,"boss_relics":[],"items_purged_floors":[9],"is_endless":false,"potions_floor_spawned":[2],"killed_by":"Gremlin Nob","ascension_level":20}}