{"host":"28p8ce41sjwa6lzf","time":1610031752,"event":{"mods":["BaseMod","Bestiary","Colored Map","Colored Powertips","Dark Map","Highlight Path","Minty Spire (QoL Compilation)","Permanent Neow","Quick Restart","Random Character Button","Rare Cards Sparkle","Relic Stats","StSLib","Unceasing Turn Reminder"],"gold_per_floor":[111,126,145,165,215,244,244,271,271,283,283,297,29,61,61,135,135,155,155,55,71,71,71,100,100,100,118,118,118,145,164,164,237,237,249,274,274,274,284,317,317,333,333,333,106,106,123,10,10,10,10,10],"floor_reached":51,"playtime":3289,"items_purged":["Strike_R","Strike_R","Defend_R","Defend_R"],"score":1966,"play_id":"264b2a1c-5444-420d-8c94-96b4a7893b33","local_time":"20210107090232","is_ascension_mode":true,"campfire_choices":[{"floor":7.0,"key":"REST"},{"floor":11.0,"key":"REST"},{"data":"Demon Form","floor":15.0,"key":"SMITH"},{"floor":23.0,"key":"REST"},{"floor":25.0,"key":"REST"},{"floor":29.0,"key":"REST"},{"data":"Limit Break","floor":32.0,"key":"SMITH"},{"floor":41.0,"key":"REST"},{"floor":44.0,"key":"REST"},{"floor":46.0,"key":"REST"},{"floor":49.0,"key":"RECALL"}],"circlet_count":0,"master_deck":["AscendersBane","Strike_R+1","Strike_R+1","Defend_R","Defend_R","Bash","Headbutt","Sever Soul","Demon Form+1","Thunderclap","Shrug It Off","Flex","Double Tap","Shrug It Off","Flame Barrier","Limit Break+1","Whirlwind","Battle Trance","Fiend Fire","Twin Strike","True Grit+1","Disarm","Limit Break","Sword Boomerang","Feel No Pain","Exhume"],"relics":["SlaversCollar","Lantern","Bag of Preparation","Whetstone","PreservedInsect","Bottled Tornado","Velvet Choker","Pen Nib","Anchor","Happy Flower","Runic Pyramid","Prayer Wheel","Dream Catcher","Singing Bowl","Membership Card"],"acts_visited":["Exordium","TheCity","TheBeyond"],"potions_floor_usage":[51],"damage_taken":[{"damage":14.0,"enemies":"Jaw Worm","floor":1.0,"turns":4.0},{"damage":6.0,"enemies":"Cultist","floor":2.0,"turns":3.0},{"damage":1.0,"enemies":"Small Slimes","floor":3.0,"turns":4.0},{"damage":12.0,"enemies":"Looter","floor":4.0,"turns":3.0},{"damage":15.0,"enemies":"Lagavulin","floor":6.0,"turns":6.0},{"damage":8.0,"enemies":"Gremlin Nob","floor":8.0,"turns":3.0},{"damage":7.0,"enemies":"3 Louse","floor":10.0,"turns":3.0},{"damage":1.0,"enemies":"Blue Slaver","floor":12.0,"turns":4.0},{"damage":0.0,"enemies":"Lagavulin","floor":14.0,"turns":4.0},{"damage":29.0,"enemies":"The Guardian","floor":16.0,"turns":7.0},{"damage":16.0,"enemies":"Spheric Guardian","floor":18.0,"turns":4.0},{"damage":9.0,"enemies":"2 Thieves","floor":21.0,"turns":4.0},{"damage":27.0,"enemies":"Slavers","floor":24.0,"turns":4.0},{"damage":14.0,"enemies":"Centurion and Healer","floor":27.0,"turns":4.0},{"damage":0.0,"enemies":"Gremlin Leader","floor":30.0,"turns":3.0},{"damage":12.0,"enemies":"Shelled Parasite and Fungi","floor":31.0,"turns":5.0},{"damage":27.0,"enemies":"Automaton","floor":33.0,"turns":6.0},{"damage":8.0,"enemies":"3 Shapes","floor":35.0,"turns":14.0},{"damage":11.0,"enemies":"Mind Bloom Boss Battle","floor":36.0,"turns":4.0},{"damage":15.0,"enemies":"3 Darklings","floor":39.0,"turns":4.0},{"damage":0.0,"enemies":"Nemesis","floor":40.0,"turns":3.0},{"damage":27.0,"enemies":"Transient","floor":42.0,"turns":6.0},{"damage":0.0,"enemies":"Jaw Worm Horde","floor":47.0,"turns":1.0},{"damage":46,"enemies":"Awakened One","floor":50,"turns":6},{"damage":32,"enemies":"Time Eater","floor":51,"turns":3}],"seed_played":"1772225299665523171","potions_obtained":[{"floor":1.0,"key":"Weak Potion"},{"floor":3.0,"key":"SteroidPotion"},{"floor":6.0,"key":"Weak Potion"},{"floor":18.0,"key":"EntropicBrew"},{"floor":27.0,"key":"Strength Potion"},{"floor":30.0,"key":"DuplicationPotion"},{"floor":47.0,"key":"SpeedPotion"}],"is_trial":false,"path_per_floor":["M","M","M","M","?","E","R","E","T","M","R","M","$","E","R","B",null,"M","?","$","M","T","R","E","R","T","M","?","R","E","M","R","B",null,"M","?","?","?","M","E","R","M","T","R","$","R","M","$","R","B","B"],"character_chosen":"IRONCLAD","items_purchased":["PreservedInsect","Flex","Membership Card","Exhume"],"campfire_rested":8,"item_purchase_floors":[13,13,45,48],"current_hp_per_floor":[54,48,47,35,35,20,42,34,34,27,49,48,48,48,48,19,61,45,45,45,36,36,58,31,53,53,39,39,61,61,49,49,22,62,54,43,43,43,28,28,50,23,23,47,47,72,74,74,74,28,0,0],"gold":10,"neow_bonus":"BOSS_RELIC","is_daily":false,"chose_seed":false,"campfire_upgraded":2,"win_rate":0.0,"timestamp":1610031752,"path_taken":["M","M","M","M","?","E","R","E","T","M","R","M","$","E","R","BOSS","M","?","$","?","?","R","E","R","T","M","?","R","E","M","R","BOSS","M","?","?","?","M","E","R","M","T","R","?","R","M","$","R","BOSS","BOSS"],"items_purchased_type":["Relic","Card","Relic","Card"],"build_version":"2020-12-22","purchased_purges":4,"victory":false,"max_hp_per_floor":[75,75,75,75,75,75,75,75,75,75,75,75,75,75,75,75,75,75,75,75,75,75,75,75,75,75,75,75,75,75,75,75,75,75,75,75,75,75,75,75,75,75,75,77,77,79,81,81,81,81,81,81],"relic_stats":{"Dream Catcher":3,"Happy Flower":[17],"Singing Bowl":6,"counters":[25,112],"Prayer Wheel":3,"PreservedInsect":165,"Pen Nib":[7],"Bag of Preparation":[38],"Whetstone":["Strike_R","Strike_R"],"obtain_stats":[{"Lantern":6,"Happy Flower":30,"Singing Bowl":43,"Velvet Choker":17,"PreservedInsect":13,"Pen Nib":24,"Bag of Preparation":8,"Whetstone":9,"Bottled Tornado":14,"Burning Blood":0,"SlaversCollar":0,"Anchor":26,"Dream Catcher":40,"Prayer Wheel":36,"Membership Card":45,"Runic Pyramid":34},{"Lantern":5,"Happy Flower":15,"Singing Bowl":22,"Velvet Choker":10,"PreservedInsect":8,"Pen Nib":13,"Bag of Preparation":6,"Whetstone":6,"Bottled Tornado":9,"Burning Blood":0,"SlaversCollar":0,"Anchor":13,"Dream Catcher":21,"Prayer Wheel":19,"Membership Card":22,"Runic Pyramid":17},{"Lantern":20,"Happy Flower":60,"Singing Bowl":102,"Velvet Choker":41,"PreservedInsect":30,"Pen Nib":53,"Bag of Preparation":23,"Whetstone":23,"Bottled Tornado":34,"Burning Blood":0,"SlaversCollar":0,"Anchor":53,"Dream Catcher":96,"Prayer Wheel":89,"Membership Card":102,"Runic Pyramid":71}]},"card_choices":[{"not_picked":["Clash","Rupture"],"picked":"Headbutt","floor":1.0},{"not_picked":["Ghostly Armor","Rage"],"picked":"Sever Soul","floor":2.0},{"not_picked":["Pommel Strike","Armaments","Ghostly Armor"],"picked":"SKIP","floor":3.0},{"not_picked":["Havoc","Rupture"],"picked":"Demon Form","floor":4.0},{"not_picked":["Headbutt","Combust"],"picked":"Thunderclap","floor":6.0},{"not_picked":["Iron Wave","Seeing Red","Armaments"],"picked":"SKIP","floor":8.0},{"not_picked":["Clash","Rupture"],"picked":"Shrug It Off","floor":10.0},{"not_picked":["Evolve","Perfected Strike"],"picked":"Clothesline","floor":12.0},{"not_picked":["Thunderclap","Clash","Barricade"],"picked":"SKIP","floor":14.0},{"not_picked":["Brutality","Exhume"],"picked":"Double Tap","floor":16.0},{"not_picked":["Wild Strike","Anger+1"],"picked":"Shrug It Off","floor":18.0},{"not_picked":["Sword Boomerang","True Grit"],"picked":"Flame Barrier","floor":21.0},{"not_picked":["Uppercut","Dropkick"],"picked":"Limit Break","floor":24.0},{"not_picked":["Thunderclap+1","Flex+1"],"picked":"Whirlwind","floor":27.0},{"not_picked":["Infernal Blade","Pommel Strike"],"picked":"Battle Trance","floor":30.0},{"not_picked":["Clothesline","Pommel Strike","Headbutt+1"],"picked":"SKIP","floor":31.0},{"not_picked":["Exhume","Brutality"],"picked":"Fiend Fire","floor":33.0},{"not_picked":["Headbutt","Iron Wave+1"],"picked":"Twin Strike","floor":35.0},{"not_picked":["Infernal Blade","Pommel Strike"],"picked":"True Grit+1","floor":39.0},{"not_picked":["Pommel Strike","Anger","Infernal Blade"],"picked":"SKIP","floor":39.0},{"not_picked":["True Grit","Dropkick"],"picked":"Disarm","floor":40.0},{"not_picked":["Thunderclap","Second Wind"],"picked":"Limit Break","floor":42.0},{"not_picked":["Thunderclap+1","Whirlwind+1"],"picked":"Sword Boomerang","floor":42.0},{"not_picked":["Havoc","Uppercut+1","Thunderclap"],"picked":"Singing Bowl","floor":44.0},{"not_picked":["Dual Wield+1","True Grit","Combust"],"picked":"Singing Bowl","floor":46.0},{"not_picked":["Ghostly Armor","Entrench","Rupture"],"picked":"Singing Bowl","floor":47.0},{"not_picked":["Heavy Blade+1","Armaments+1"],"picked":"Feel No Pain","floor":47.0}],"player_experience":1099596,"relics_obtained":[{"floor":6.0,"key":"Lantern"},{"floor":8.0,"key":"Bag of Preparation"},{"floor":9.0,"key":"Whetstone"},{"floor":14.0,"key":"Bottled Tornado"},{"floor":24.0,"key":"Pen Nib"},{"floor":26.0,"key":"Anchor"},{"floor":30.0,"key":"Happy Flower"},{"floor":36.0,"key":"Prayer Wheel"},{"floor":40.0,"key":"Dream Catcher"},{"floor":43.0,"key":"Singing Bowl"}],"event_choices":[{"damage_healed":0.0,"max_hp_gain":0.0,"max_hp_loss":0.0,"gold_gain":50.0,"event_name":"Golden Shrine","player_choice":"Pray","floor":5.0,"gold_loss":0.0,"damage_taken":0.0},{"cards_removed":["Strike_R"],"damage_healed":0.0,"max_hp_gain":0.0,"max_hp_loss":0.0,"gold_gain":0.0,"event_name":"Bonfire Elementals","player_choice":"Offered Basic","floor":19.0,"gold_loss":0.0,"damage_taken":0.0},{"damage_healed":0.0,"max_hp_gain":0.0,"max_hp_loss":0.0,"gold_gain":0.0,"event_name":"Ghosts","player_choice":"Ignored","floor":28.0,"gold_loss":0.0,"damage_taken":0.0},{"damage_healed":0.0,"max_hp_gain":0.0,"max_hp_loss":0.0,"gold_gain":0.0,"event_name":"MindBloom","player_choice":"Fight","floor":36.0,"gold_loss":0.0,"damage_taken":0.0},{"cards_removed":["Clothesline"],"damage_healed":0.0,"max_hp_gain":0.0,"max_hp_loss":0.0,"gold_gain":0.0,"event_name":"Falling","player_choice":"Removed Attack","floor":37.0,"gold_loss":0.0,"damage_taken":0.0},{"damage_healed":0.0,"max_hp_gain":0.0,"max_hp_loss":0.0,"gold_gain":0.0,"event_name":"Tomb of Lord Red Mask","player_choice":"Ignored","floor":38.0,"gold_loss":0.0,"damage_taken":0.0}],"is_beta":false,"boss_relics":[{"not_picked":["Coffee Dripper","Philosopher\u0027s Stone"],"picked":"Velvet Choker"},{"not_picked":["Fusion Hammer","Runic Dome"],"picked":"Runic Pyramid"}],"items_purged_floors":[13,20,45,48],"is_endless":false,"potions_floor_spawned":[1,3,6,8,18,27,30,39,42,47],"killed_by":"Time Eater","ascension_level":20}}