{"host":"qrt7o4dq2qslzw13","time":1610037945,"event":{"mods":["AchievementEnabler","BaseMod","Colored Map","Colored Powertips","Minty Spire (QoL Compilation)","Quick Restart","StSLib","SuperFastMode"],"gold_per_floor":[19,19,19,30,30,30,60,60,60,78,92,42,53,63,63,168,218,232,232,232,250,268,303,303,320,320,320,335,14,14,14,14,116,116,135,135,148,148,108,108,128,158,236,247,247,247,247,257,257,257],"floor_reached":51,"playtime":1249,"items_purged":[],"score":772,"play_id":"20fbd1c7-a5a7-4eac-af15-d1a48d2d223b","local_time":"20210107114545","is_ascension_mode":false,"campfire_choices":[{"data":"Inflame","floor":6.0,"key":"SMITH"},{"data":"Cleave","floor":8.0,"key":"SMITH"},{"data":"Whirlwind","floor":15.0,"key":"SMITH"},{"data":"Feed","floor":24.0,"key":"SMITH"},{"data":"Rampage","floor":27.0,"key":"SMITH"},{"floor":30.0,"key":"REST"},{"data":"Limit Break","floor":32.0,"key":"SMITH"},{"data":"The Bomb","floor":40.0,"key":"SMITH"},{"floor":45.0,"key":"REST"},{"floor":47.0,"key":"RECALL"},{"floor":49.0,"key":"REST"}],"circlet_count":0,"master_deck":["Strike_R","Strike_R+1","Strike_R+1","Strike_R","Defend_R","Defend_R","Defend_R","Defend_R","Bash+1","Cleave+1","Inflame+1","Regret","Spot Weakness","Shrug It Off","Heavy Blade+1","Whirlwind+1","Battle Trance","Immolate","Shockwave","Writhe","Rampage+1","Pommel Strike+1","Feed+1","Warcry","Anger","The Bomb+1","Iron Wave","Burning Pact+1","Limit Break+1","Flame Barrier","Shrug It Off","J.A.X.","Limit Break","Pummel+1","Power Through","Apotheosis+1","Forethought","Uppercut+1","Pummel+1","True Grit+1"],"relics":["Burning Blood","Magic Flower","Self Forming Clay","Lantern","Kunai","Tiny House","Blood Vial","Toy Ornithopter","StoneCalendar","Orrery","Mark of Pain","Vajra","Bottled Lightning"],"acts_visited":["Exordium","TheCity","TheBeyond"],"potions_floor_usage":[50,50],"damage_taken":[{"damage":11.0,"enemies":"Jaw Worm","floor":1.0,"turns":2.0},{"damage":4.0,"enemies":"Small Slimes","floor":4.0,"turns":3.0},{"damage":15.0,"enemies":"Gremlin Nob","floor":7.0,"turns":4.0},{"damage":0.0,"enemies":"2 Louse","floor":10.0,"turns":2.0},{"damage":0.0,"enemies":"2 Fungi Beasts","floor":11.0,"turns":3.0},{"damage":0.0,"enemies":"3 Louse","floor":13.0,"turns":2.0},{"damage":7.0,"enemies":"Red Slaver","floor":14.0,"turns":4.0},{"damage":37.0,"enemies":"The Guardian","floor":16.0,"turns":7.0},{"damage":19.0,"enemies":"Spheric Guardian","floor":18.0,"turns":4.0},{"damage":17.0,"enemies":"Shell Parasite","floor":21.0,"turns":4.0},{"damage":4.0,"enemies":"3 Cultists","floor":22.0,"turns":3.0},{"damage":46.0,"enemies":"Gremlin Leader","floor":23.0,"turns":8.0},{"damage":6.0,"enemies":"Snecko","floor":25.0,"turns":4.0},{"damage":24.0,"enemies":"Snake Plant","floor":28.0,"turns":3.0},{"damage":90.0,"enemies":"Automaton","floor":33.0,"turns":9.0},{"damage":24.0,"enemies":"3 Darklings","floor":35.0,"turns":5.0},{"damage":8.0,"enemies":"Orb Walker","floor":37.0,"turns":2.0},{"damage":7.0,"enemies":"Maw","floor":41.0,"turns":6.0},{"damage":61.0,"enemies":"Reptomancer","floor":42.0,"turns":5.0},{"damage":21.0,"enemies":"Jaw Worm Horde","floor":44.0,"turns":6.0},{"damage":48.0,"enemies":"Writhing Mass","floor":48.0,"turns":6.0},{"damage":97,"enemies":"Awakened One","floor":50,"turns":11}],"seed_played":"-1482135501704117284","potions_obtained":[{"floor":4.0,"key":"Strength Potion"},{"floor":11.0,"key":"FearPotion"},{"floor":13.0,"key":"FairyPotion"},{"floor":14.0,"key":"Swift Potion"},{"floor":35.0,"key":"ElixirPotion"},{"floor":42.0,"key":"Regen Potion"},{"floor":44.0,"key":"Dexterity Potion"}],"is_trial":false,"path_per_floor":["M","?","?","M","?","R","E","R","T","M","M","?","M","M","R","B",null,"M","?","?","M","M","E","R","M","T","R","M","$","R","?","R","B",null,"M","?","M","?","?","R","M","E","T","M","R","?","R","M","R","B",null],"character_chosen":"IRONCLAD","items_purchased":["The Bomb","Orrery"],"campfire_rested":3,"item_purchase_floors":[29,29],"current_hp_per_floor":[78,78,62,67,67,67,61,61,61,70,79,79,80,80,80,52,85,75,75,75,70,78,44,44,50,50,50,44,44,70,70,70,48,89,74,74,84,74,74,74,79,30,30,51,78,78,78,48,77,14],"gold":257,"neow_bonus":"ONE_RARE_RELIC","is_daily":false,"chose_seed":false,"campfire_upgraded":7,"win_rate":0.0,"timestamp":1610037945,"path_taken":["M","?","?","M","?","R","E","R","T","M","M","?","M","M","R","BOSS","M","?","?","M","?","E","R","M","T","R","M","$","R","?","R","BOSS","M","?","M","?","?","R","?","E","T","M","R","?","R","M","R","BOSS"],"items_purchased_type":["Card","Relic"],"build_version":"2020-12-22","purchased_purges":0,"victory":true,"max_hp_per_floor":[80,80,80,80,80,80,80,80,80,80,80,80,80,80,80,80,85,85,85,85,85,85,85,85,85,85,85,89,89,89,89,89,89,89,89,89,93,93,93,93,93,93,93,93,93,93,93,97,97,101],"card_choices":[{"not_picked":["Clothesline","True Grit"],"picked":"Cleave","floor":1.0},{"not_picked":["Perfected Strike","Heavy Blade"],"picked":"Inflame","floor":4.0},{"not_picked":["Ghostly Armor","True Grit"],"picked":"Spot Weakness","floor":7.0},{"not_picked":["Carnage","Flex"],"picked":"Shrug It Off","floor":10.0},{"not_picked":["Flex","Perfected Strike"],"picked":"Heavy Blade","floor":11.0},{"not_picked":["Headbutt","Flame Barrier"],"picked":"Whirlwind","floor":13.0},{"not_picked":["Searing Blow","Dark Embrace"],"picked":"Battle Trance","floor":14.0},{"not_picked":["Brutality","Offering"],"picked":"Immolate","floor":16.0},{"not_picked":["Pommel Strike","Twin Strike"],"picked":"Shockwave","floor":17.0},{"not_picked":["Sword Boomerang","Metallicize","Pommel Strike"],"picked":"SKIP","floor":18.0},{"not_picked":["Evolve","Metallicize"],"picked":"Rampage","floor":21.0},{"not_picked":["Entrench+1","Perfected Strike"],"picked":"Pommel Strike+1","floor":22.0},{"not_picked":["Perfected Strike+1","Hemokinesis"],"picked":"Feed","floor":23.0},{"not_picked":["Dropkick","Clash+1"],"picked":"Warcry","floor":25.0},{"not_picked":["Armaments","Flex"],"picked":"Anger","floor":28.0},{"not_picked":["Carnage","Clothesline"],"picked":"Iron Wave","floor":29.0},{"not_picked":["Dark Embrace","Clash"],"picked":"Burning Pact+1","floor":29.0},{"not_picked":["Second Wind","Clothesline"],"picked":"Limit Break","floor":29.0},{"not_picked":["Feel No Pain","Heavy Blade"],"picked":"Flame Barrier","floor":29.0},{"not_picked":["Battle Trance","Heavy Blade"],"picked":"Shrug It Off","floor":29.0},{"not_picked":["Feed","Brutality"],"picked":"Limit Break","floor":33.0},{"not_picked":["True Grit","Flex"],"picked":"Pummel+1","floor":35.0},{"not_picked":["Perfected Strike+1","Feel No Pain+1"],"picked":"Power Through","floor":37.0},{"not_picked":["Flash of Steel","Purity"],"picked":"Apotheosis","floor":38.0},{"not_picked":["Apotheosis","Jack Of All Trades"],"picked":"Chrysalis","floor":38.0},{"not_picked":["Bandage Up","Apotheosis"],"picked":"Forethought","floor":38.0},{"not_picked":["Flex","Warcry+1"],"picked":"Uppercut+1","floor":41.0},{"not_picked":["Clothesline+1","Intimidate"],"picked":"Pummel+1","floor":42.0},{"not_picked":["Clothesline+1","Shockwave+1","Body Slam"],"picked":"SKIP","floor":44.0},{"not_picked":["Ghostly Armor+1","Infernal Blade+1"],"picked":"True Grit+1","floor":48.0}],"player_experience":518817,"relics_obtained":[{"floor":7.0,"key":"Lantern"},{"floor":9.0,"key":"Kunai"},{"floor":23.0,"key":"Toy Ornithopter"},{"floor":26.0,"key":"StoneCalendar"},{"floor":42.0,"key":"Vajra"},{"floor":43.0,"key":"Bottled Lightning"}],"event_choices":[{"damage_healed":0.0,"max_hp_gain":0.0,"max_hp_loss":0.0,"gold_gain":0.0,"event_name":"Living Wall","player_choice":"Grow","floor":2.0,"gold_loss":0.0,"damage_taken":0.0,"cards_upgraded":["Bash"]},{"damage_healed":0.0,"max_hp_gain":0.0,"max_hp_loss":0.0,"gold_gain":0.0,"event_name":"Shining Light","player_choice":"Entered Light","floor":3.0,"gold_loss":0.0,"damage_taken":16.0,"cards_upgraded":["Strike_R","Strike_R"]},{"damage_healed":0.0,"max_hp_gain":0.0,"max_hp_loss":0.0,"gold_gain":0.0,"event_name":"Big Fish","player_choice":"Box","floor":5.0,"gold_loss":0.0,"damage_taken":0.0,"relics_obtained":["Self Forming Clay"],"cards_obtained":["Regret"]},{"cards_removed":["Strike_R"],"damage_healed":0.0,"max_hp_gain":0.0,"max_hp_loss":0.0,"gold_gain":0.0,"event_name":"The Cleric","player_choice":"Card Removal","floor":12.0,"gold_loss":50.0,"damage_taken":0.0},{"damage_healed":0.0,"max_hp_gain":0.0,"max_hp_loss":0.0,"gold_gain":0.0,"event_name":"The Mausoleum","player_choice":"Opened","floor":19.0,"gold_loss":0.0,"damage_taken":0.0,"relics_obtained":["Blood Vial"],"cards_obtained":["Writhe"]},{"damage_healed":0.0,"max_hp_gain":0.0,"max_hp_loss":0.0,"gold_gain":0.0,"event_name":"NoteForYourself","player_choice":"Ignored","floor":20.0,"gold_loss":0.0,"damage_taken":0.0},{"damage_healed":0.0,"max_hp_gain":0.0,"max_hp_loss":0.0,"gold_gain":0.0,"event_name":"Drug Dealer","player_choice":"Obtain J.A.X.","floor":31.0,"gold_loss":0.0,"damage_taken":0.0,"cards_obtained":["J.A.X."]},{"damage_healed":0.0,"max_hp_gain":0.0,"max_hp_loss":0.0,"gold_gain":0.0,"event_name":"Tomb of Lord Red Mask","player_choice":"Ignored","floor":36.0,"gold_loss":0.0,"damage_taken":0.0},{"damage_healed":0.0,"max_hp_gain":0.0,"max_hp_loss":0.0,"gold_gain":0.0,"event_name":"SensoryStone","player_choice":"Memory 3","floor":38.0,"gold_loss":0.0,"damage_taken":10.0},{"damage_healed":0.0,"max_hp_gain":0.0,"max_hp_loss":0.0,"gold_gain":0.0,"event_name":"Designer","player_choice":"Upgrade","floor":39.0,"gold_loss":40.0,"damage_taken":0.0,"cards_upgraded":["Apotheosis"]},{"cards_removed":["Chrysalis"],"damage_healed":0.0,"max_hp_gain":0.0,"max_hp_loss":0.0,"gold_gain":0.0,"event_name":"Falling","player_choice":"Removed Skill","floor":46.0,"gold_loss":0.0,"damage_taken":0.0}],"is_beta":false,"boss_relics":[{"not_picked":["SacredBark","SlaversCollar"],"picked":"Tiny House"},{"not_picked":["Black Star","Runic Dome"],"picked":"Mark of Pain"}],"items_purged_floors":[],"is_endless":false,"potions_floor_spawned":[4,11,13,14,16,18,21,35,42,44],"ascension_level":0}}