{"host":"0ulgfg5uyx5zlmwg","time":1610023397,"event":{"mods":["Act Like it!","BaseMod","BetterRewards","Challenge The Spire","Grow up Mod","Marked Mod","Minty Spire (QoL Compilation)","RumiaBox-露米娅的神秘盒子","Shop Mod","Spicy Shops","StSLib","TestMod","Transform Curses","vexMod","【功能Mod】混沌之环修复补丁","【遗物卡牌】REMEMod","篝火指南"],"gold_per_floor":[111,111,127,1126,1146,1180,1244,725,748,770,770,814,832,862,464,571,571,589,615,67,337,337,363,389,418,418,444,92,50,68,86,86,191,200,219,219,276,1293,1293,1043,1087,739,739,340,456,519,519,567,567,600,600,281,59,151,196],"floor_reached":56,"playtime":4339,"items_purged":["Strike_R","Pain","Normality","Normality","Decay"],"score":1813,"play_id":"a3979c21-1a8c-4b8b-afc0-7a3271940553","local_time":"20210107204317","is_ascension_mode":true,"campfire_choices":[{"data":"Dramatic Entrance","floor":32,"key":"SMITH"},{"floor":49,"key":"RECALL"}],"circlet_count":0,"master_deck":["Double Tap","Disarm","Sword Boomerang+1","Shrug It Off","Rage","testmod-Collector+1","Flex","Sword Boomerang","Adrenaline","Flex","Shrug It Off","Ghostly Armor+1","Secret Technique","Inflame","Flex+1","Shrug It Off+1","Thunderclap","Second Wind+1","Shockwave+1","Dramatic Entrance+1","Reboot+1","Warcry+1","Dark Shackles+1","Adrenaline+1","Heavy Blade+1","Rampage","testmod-Reflect+1","REME_FearOfPain+1","Clash","Wild Strike","Entrench+1","REME_Cut+1","Entrench+1","Body Slam","Sword Boomerang","Anger","Heavy Blade","Second Wind+1","Headbutt+1","Bloodletting+1","Jack Of All Trades+1","Armaments+1","Adrenaline+1","Exhume+1","Reaper","Demon Form+1","Immolate","Brutality+1","Corruption+1","Brutality+1","Immolate","Flex+1","Armaments+1","Twin Strike","Thunderclap","Havoc+1","Demon Form+1","Body Slam"],"relics":["Burning Blood","REME_ComplimentaryCards","testmod-HeartOfDaVinci","SecretRecord","Toy Ornithopter","CeramicFish","testmod-Fortitude","Meat on the Bone","MagicDraw1","REME_ComplimentaryCards","Juzu Bracelet","REME_HandOfSuture","SSSystem","EasyGame_NEW","Membership Card","Gremlin Horn","Nloth\u0027s Gift","testmod-AssaultLearning","Boot","MagicDraw2","Peace Pipe","vexMod:InvisibilityCloak","Toxic Egg 2","testmod-Register","Nuclear Battery","ChaoDraw","TwistedFunnel","Mercury Hourglass","Red Skull","REME_IWantAll","Bag of Preparation","testmod-BalancedPeriapt","Frozen Egg 2","REME_ArchaeologicalTools","Bottled Lightning","testmod-ObsoleteBoomerang","Brimstone","Lantern","Pen Nib","DollysMirror","SumBook","HandDrill","Whetstone"],"acts_visited":["Exordium","TheCity","TheBeyond","TheEnding"],"potions_floor_usage":[2,6,6,14,20,23,48,55,55],"damage_taken":[{"damage":6,"enemies":"Jaw Worm","floor":1,"turns":3},{"damage":0,"enemies":"Small Slimes","floor":3,"turns":3},{"damage":4,"enemies":"2 Louse","floor":5,"turns":2},{"damage":15,"enemies":"Lagavulin","floor":6,"turns":4},{"damage":8,"enemies":"Gremlin Nob","floor":7,"turns":3},{"damage":6,"enemies":"Lots of Slimes","floor":10,"turns":2},{"damage":0,"enemies":"Gremlin Nob","floor":12,"turns":3},{"damage":1,"enemies":"3 Sentries","floor":14,"turns":2},{"damage":118,"enemies":"Hexaghost","floor":16,"turns":5},{"damage":0,"enemies":"Chosen","floor":18,"turns":3},{"damage":0,"enemies":"Shell Parasite","floor":19,"turns":2},{"damage":4,"enemies":"Book of Stabbing","floor":23,"turns":3},{"damage":0,"enemies":"Snecko","floor":24,"turns":2},{"damage":9,"enemies":"Slavers","floor":25,"turns":2},{"damage":0,"enemies":"Book of Stabbing","floor":27,"turns":2},{"damage":0,"enemies":"3 Cultists","floor":31,"turns":1},{"damage":0,"enemies":"Automaton","floor":33,"turns":4},{"damage":0,"enemies":"3 Darklings","floor":35,"turns":2},{"damage":0,"enemies":"2 Orb Walkers","floor":37,"turns":1},{"damage":0,"enemies":"Reptomancer","floor":41,"turns":2},{"damage":0,"enemies":"Nemesis","floor":45,"turns":1},{"damage":0,"enemies":"Orb Walker","floor":46,"turns":1},{"damage":0,"enemies":"4 Shapes","floor":48,"turns":1},{"damage":0,"enemies":"Donu and Deca","floor":50,"turns":1},{"damage":0,"enemies":"Shield and Spear","floor":54,"turns":1},{"damage":7,"enemies":"The Heart","floor":55,"turns":3}],"seed_played":"-8075150577178324645","potions_obtained":[{"floor":2,"key":"EntropicBrew"},{"floor":12,"key":"Energy Potion"},{"floor":14,"key":"FairyPotion"},{"floor":19,"key":"BlessingOfTheForge"},{"floor":25,"key":"EssenceOfSteel"},{"floor":35,"key":"Energy Potion"},{"floor":45,"key":"Fire Potion"},{"floor":46,"key":"Block Potion"},{"floor":48,"key":"Swift Potion"}],"is_trial":false,"path_per_floor":["M","?","M","?","M","E","?","R","T","M","?","E","?","E","R","B",null,"M","M","$","?","?","E","M","E","T","E","R","$","?","M","R","B",null,"M","?","?","?","?","R","E","$","T","$","E","M","?","M","R","B",null,"R","$","E","B",null],"character_chosen":"IRONCLAD","items_purchased":["testmod-Fortitude","Meat on the Bone","testmod-Collector","REME_HandOfSuture","Shrug It Off","SSSystem","Membership Card","Gremlin Horn","testmod-SpacePotion","Secret Technique","vexMod:InvisibilityCloak","Toxic Egg 2","Flex+1","Shrug It Off+1","testmod-Register","Thunderclap","Second Wind+1","Dark Shackles+1","TwistedFunnel","Red Skull","Rampage","REME_IWantAll","Bag of Preparation","testmod-Reflect+1","Frozen Egg 2","REME_FearOfPain+1","Clash","Wild Strike","Entrench+1","REME_ArchaeologicalTools","testmod-ObsoleteBoomerang","Brimstone","Lantern","Jack Of All Trades+1","Armaments+1","Pen Nib","DollysMirror","SumBook","Flex+1","HandDrill","Armaments+1","Twin Strike","Thunderclap"],"campfire_rested":0,"item_purchase_floors":[8,8,8,15,15,15,20,20,20,20,28,28,28,28,28,28,29,40,40,42,42,42,42,44,44,44,44,44,44,44,52,52,52,52,52,52,52,52,53,53,53,53,53],"current_hp_per_floor":[100,110,120,130,140,141,149,159,169,179,189,205,215,230,240,138,260,270,280,290,273,283,300,316,323,333,349,359,369,379,395,405,420,430,440,450,460,470,480,490,500,510,520,530,540,550,560,570,580,590,600,610,620,630,650],"gold":196,"neow_bonus":"REMOVE_CARD","is_daily":false,"chose_seed":false,"campfire_upgraded":1,"win_rate":0.0,"timestamp":1610023397,"path_taken":["M","?","M","?","M","E","?","R","T","?","?","E","?","E","R","BOSS","M","M","?","?","?","E","M","E","T","E","R","?","?","M","R","BOSS","M","?","?","?","?","R","E","?","T","$","E","M","?","M","R","BOSS","R","$","E","BOSS"],"items_purchased_type":["Relic","Relic","Card","Relic","Card","Relic","Relic","Relic","Potion","Card","Relic","Relic","Card","Card","Relic","Card","Card","Card","Relic","Relic","Card","Relic","Relic","Card","Relic","Card","Card","Card","Card","Relic","Relic","Relic","Relic","Card","Card","Relic","Relic","Relic","Card","Relic","Card","Card","Card"],"build_version":"2020-12-22","purchased_purges":5,"victory":true,"max_hp_per_floor":[100,110,120,130,140,150,160,170,180,190,200,210,220,230,240,250,260,270,280,290,300,310,320,330,340,350,360,370,380,390,400,410,420,430,440,450,460,470,480,490,500,510,520,530,540,550,560,570,580,590,600,610,620,630,650],"card_choices":[{"not_picked":["Armaments","Body Slam","Dark Embrace"],"picked":"SKIP","floor":1},{"not_picked":["Cleave","Iron Wave"],"picked":"Disarm","floor":3},{"not_picked":["Wild Strike","Sentinel"],"picked":"Sword Boomerang","floor":5},{"not_picked":["Fire Breathing","Hemokinesis"],"picked":"Shrug It Off","floor":6},{"not_picked":["Shrug It Off","Evolve"],"picked":"Rage","floor":7},{"not_picked":["Heavy Blade","Warcry"],"picked":"Flex","floor":10},{"not_picked":["Warcry","Wild Strike"],"picked":"Sword Boomerang","floor":12},{"not_picked":["Clothesline","REME_ACTH","Disarm"],"picked":"SKIP","floor":14},{"not_picked":["Double Tap","Impervious"],"picked":"Feed","floor":16},{"not_picked":["Havoc","Shrug It Off","Wild Strike"],"picked":"SKIP","floor":18},{"not_picked":["Searing Blow","Warcry+1"],"picked":"Ghostly Armor+1","floor":19},{"not_picked":["Reaper","Berserk","Twin Strike"],"picked":"SKIP","floor":23},{"not_picked":["Carnage","Shockwave"],"picked":"Inflame","floor":24},{"not_picked":["Barricade","REME_FearOfPain","Armaments"],"picked":"SKIP","floor":25},{"not_picked":["Pommel Strike+1","Perfected Strike","Combust"],"picked":"SKIP","floor":27},{"not_picked":["Dropkick+1","Shrug It Off+1","Twin Strike"],"picked":"SKIP","floor":31},{"not_picked":["Thunderclap","Warcry+1","Rupture+1"],"picked":"SKIP","floor":35},{"not_picked":["Carnage+1","Feel No Pain+1"],"picked":"Warcry+1","floor":37},{"not_picked":["REME_Scribble+1","Reckless Charge"],"picked":"Heavy Blade+1","floor":41},{"not_picked":["REME_Cut+1","Entrench+1","Body Slam"],"picked":"Singing Bowl","floor":45},{"not_picked":["Sword Boomerang","Anger","Heavy Blade"],"picked":"Singing Bowl","floor":46},{"not_picked":["Second Wind+1","Headbutt+1","Bloodletting+1"],"picked":"Singing Bowl","floor":48},{"not_picked":["Havoc+1","Demon Form+1","Body Slam"],"picked":"Singing Bowl","floor":54}],"player_experience":478762,"relics_obtained":[{"floor":1,"key":"AddBug"},{"floor":6,"key":"Toy Ornithopter"},{"floor":12,"key":"MagicDraw1"},{"floor":12,"key":"REME_ComplimentaryCards"},{"floor":14,"key":"Juzu Bracelet"},{"floor":23,"key":"testmod-AssaultLearning"},{"floor":25,"key":"Boot"},{"floor":26,"key":"MagicDraw2"},{"floor":27,"key":"Peace Pipe"},{"floor":37,"key":"ChaoDraw"},{"floor":41,"key":"Mercury Hourglass"},{"floor":43,"key":"testmod-BalancedPeriapt"},{"floor":45,"key":"Bottled Lightning"},{"floor":54,"key":"Whetstone"}],"event_choices":[{"damage_healed":0,"gold_gain":999,"player_choice":"Sell","damage_taken":0,"max_hp_gain":0,"max_hp_loss":0,"event_name":"恩洛斯的盘子","floor":4,"relics_lost":["AddBug"],"gold_loss":0},{"damage_healed":0,"gold_gain":30,"player_choice":"Searched \u00273\u0027 times","damage_taken":0,"relics_obtained":["CeramicFish"],"max_hp_gain":0,"max_hp_loss":0,"event_name":"Dead Adventurer","floor":7,"gold_loss":0},{"damage_healed":0,"gold_gain":0,"player_choice":"Swap Relic","damage_taken":0,"relics_obtained":["AddBug"],"max_hp_gain":0,"max_hp_loss":0,"event_name":"给自己的盒子","floor":11,"relics_lost":["testmod-TestBox"],"gold_loss":0},{"damage_healed":0,"gold_gain":0,"player_choice":"1 cards matched","damage_taken":0,"max_hp_gain":0,"max_hp_loss":0,"event_name":"Match and Keep!","floor":13,"gold_loss":0,"cards_obtained":["Flex"]},{"damage_healed":0,"gold_gain":270,"player_choice":"GOLD GOLD GOLD ","damage_taken":27,"max_hp_gain":0,"max_hp_loss":0,"event_name":"Knowing Skull","floor":21,"potions_obtained":[],"gold_loss":0,"cards_obtained":[]},{"damage_healed":0,"gold_gain":0,"player_choice":"Traded Relic","damage_taken":0,"relics_obtained":["Nloth\u0027s Gift"],"max_hp_gain":0,"max_hp_loss":0,"event_name":"N\u0027loth","floor":22,"relics_lost":["AddBug"],"gold_loss":0},{"damage_healed":0,"gold_gain":0,"player_choice":"2 cards matched","damage_taken":0,"max_hp_gain":0,"max_hp_loss":0,"event_name":"Match and Keep!","floor":30,"gold_loss":0,"cards_obtained":["Shockwave","Dramatic Entrance"]},{"cards_removed":["Feed"],"damage_healed":0,"gold_gain":0,"player_choice":"Removed Attack","damage_taken":0,"max_hp_gain":0,"max_hp_loss":0,"event_name":"Falling","floor":36,"gold_loss":0},{"damage_healed":0,"gold_gain":0,"player_choice":"Fight","damage_taken":0,"max_hp_gain":0,"max_hp_loss":0,"event_name":"Mysterious Sphere","floor":37,"gold_loss":0},{"damage_healed":0,"gold_gain":999,"player_choice":"Gold","damage_taken":0,"max_hp_gain":0,"max_hp_loss":0,"event_name":"MindBloom","floor":38,"gold_loss":0,"cards_obtained":["Normality","Normality"]},{"damage_healed":0,"gold_gain":0,"player_choice":"0 cards matched","damage_taken":0,"max_hp_gain":0,"max_hp_loss":0,"event_name":"Match and Keep!","floor":39,"gold_loss":0,"cards_obtained":[]},{"damage_healed":0,"gold_gain":0,"player_choice":"Ignored","damage_taken":0,"max_hp_gain":0,"max_hp_loss":0,"event_name":"Tomb of Lord Red Mask","floor":47,"gold_loss":0}],"is_beta":false,"boss_relics":[{"not_picked":["Philosopher\u0027s Stone","REME_LowDesire"],"picked":"EasyGame_NEW"},{"not_picked":["testmod-Nine","Astrolabe"],"picked":"Nuclear Battery"}],"items_purged_floors":[15,28,40,42,53],"is_endless":false,"potions_floor_spawned":[3,5,12,14,19,25,35,45,46,48],"ascension_level":1}}