{"host":"3498uni0c31c9bdm","time":1610048248,"event":{"mods":["BaseMod","Better Third Choice","Minty Spire (QoL Compilation)","Replay The Spire","StSLib"],"gold_per_floor":[118,134,134,145,160,186,186,204,228,59,59,85,85,102,102,206,206,225,79,79,179,191,218,218,218],"floor_reached":24,"playtime":926,"items_purged":[],"score":305,"play_id":"1a353787-95b7-46f9-b884-0900774f0fd7","local_time":"20210108063728","is_ascension_mode":true,"campfire_choices":[{"floor":7.0,"key":"RECALL"},{"floor":11.0,"key":"REST"}],"circlet_count":0,"master_deck":["Strike_R","Strike_R","Strike_R","Strike_R","Strike_R","Defend_R","Defend_R","Defend_R","Defend_R","Bash","Thunderclap","Carnage","Power Through","Rage","Feel No Pain","Carnage+1","Armaments+1","Fire Breathing","Armaments","True Grit","Double Tap","Cleave","ReplayTheSpireMod:Muscle Training","Blood for Blood+1"],"relics":["Burning Blood","NeowsBlessing","Happy Flower","Medical Kit","Dream Catcher","Fusion Hammer","Vajra","Enchiridion","Regal Pillow"],"acts_visited":["Exordium","TheCity"],"potions_floor_usage":[24],"damage_taken":[{"damage":0.0,"enemies":"2 Louse","floor":1.0,"turns":1.0},{"damage":0.0,"enemies":"Jaw Worm","floor":2.0,"turns":1.0},{"damage":0.0,"enemies":"Cultist","floor":4.0,"turns":1.0},{"damage":11.0,"enemies":"Looter","floor":5.0,"turns":2.0},{"damage":19.0,"enemies":"Gremlin Nob","floor":6.0,"turns":4.0},{"damage":13.0,"enemies":"Blue Slaver","floor":8.0,"turns":4.0},{"damage":1.0,"enemies":"Replay:BlueRogue","floor":12.0,"turns":5.0},{"damage":18.0,"enemies":"Gremlin Gang","floor":14.0,"turns":7.0},{"damage":30.0,"enemies":"Fading Forest","floor":16.0,"turns":11.0},{"damage":16.0,"enemies":"Shell Parasite","floor":18.0,"turns":6.0},{"damage":2.0,"enemies":"2 Thieves","floor":22.0,"turns":4.0},{"damage":59.0,"enemies":"Book of Stabbing","floor":23.0,"turns":6.0},{"damage":22,"enemies":"Sentry and Sphere","floor":24,"turns":5}],"seed_played":"6387823725453611062","potions_obtained":[{"floor":1.0,"key":"Energy Potion"},{"floor":4.0,"key":"BloodPotion"},{"floor":6.0,"key":"BlessingOfTheForge"},{"floor":16.0,"key":"Fruit Juice"},{"floor":23,"key":"Languid Potion"}],"is_trial":false,"path_per_floor":["M","M","?","M","M","E","R","M","T","$","R","E","?","M","R","B",null,"M","$","?","?","M","E","M"],"character_chosen":"IRONCLAD","items_purchased":["Armaments","Medical Kit","Vajra"],"campfire_rested":1,"item_purchase_floors":[10,10,19],"current_hp_per_floor":[78,80,80,80,75,62,62,55,55,55,79,80,80,68,80,61,79,69,69,53,53,57,21,0,0],"gold":218,"neow_bonus":"THREE_ENEMY_KILL","is_daily":false,"chose_seed":false,"campfire_upgraded":0,"win_rate":0.0,"timestamp":1610048248,"path_taken":["M","M","?","M","M","E","R","M","T","$","R","E","?","M","R","BOSS","M","$","?","?","?","E","M"],"items_purchased_type":["Card","Relic","Relic"],"build_version":"2020-12-22","purchased_purges":0,"victory":false,"max_hp_per_floor":[80,80,80,80,80,80,80,80,80,80,80,80,80,80,80,85,85,85,85,85,85,85,85,85,85],"card_choices":[{"not_picked":["Carnage","Replay:Undeath\u0027s Touch"],"picked":"Thunderclap","floor":1.0},{"not_picked":["Sword Boomerang","Defy Death"],"picked":"Carnage","floor":2.0},{"not_picked":["Warcry","Wild Strike"],"picked":"Power Through","floor":4.0},{"not_picked":["Run Through","Body Slam"],"picked":"Rage","floor":5.0},{"not_picked":["Thunderclap","Brutality"],"picked":"Feel No Pain","floor":6.0},{"not_picked":["Headbutt","Rupture"],"picked":"Carnage","floor":8.0},{"not_picked":["Battle Trance","Exhume"],"picked":"Fire Breathing","floor":12.0},{"not_picked":["Perfected Strike","True Grit"],"picked":"Armaments","floor":14.0},{"not_picked":["Power Through","Twin Strike"],"picked":"True Grit","floor":15.0},{"not_picked":["Impervious","Hemogenesis"],"picked":"Double Tap","floor":16.0},{"not_picked":["Dual Wield","Power Through"],"picked":"Cleave","floor":18.0},{"not_picked":["ReplayTheSpireMod:LeadingStrike","Clothesline"],"picked":"ReplayTheSpireMod:Muscle Training","floor":22.0},{"not_picked":["Intimidate","Thunderclap+1"],"picked":"Blood for Blood+1","floor":23}],"player_experience":661860,"relics_obtained":[{"floor":6.0,"key":"Happy Flower"},{"floor":12.0,"key":"Dream Catcher"},{"floor":20.0,"key":"Enchiridion"},{"floor":23,"key":"Regal Pillow"}],"event_choices":[{"damage_healed":0.0,"max_hp_gain":0.0,"max_hp_loss":0.0,"gold_gain":0.0,"event_name":"The Cleric","player_choice":"Leave","floor":3.0,"gold_loss":0.0,"damage_taken":0.0},{"damage_healed":0.0,"max_hp_gain":0.0,"max_hp_loss":0.0,"gold_gain":0.0,"event_name":"Cursed Tome","player_choice":"Obtained Book","floor":20.0,"gold_loss":0.0,"damage_taken":16.0},{"damage_healed":0.0,"max_hp_gain":0.0,"max_hp_loss":0.0,"gold_gain":100.0,"event_name":"Golden Shrine","player_choice":"Pray","floor":21.0,"gold_loss":0.0,"damage_taken":0.0}],"is_beta":false,"boss_relics":[{"not_picked":["SlaversCollar","Runic Dome"],"picked":"Fusion Hammer"}],"items_purged_floors":[],"is_endless":false,"potions_floor_spawned":[1,4,6,8,16,23],"killed_by":"Sentry and Sphere","ascension_level":7}}