{"host":"x52zk6e1f2bye2h7","time":1610049808,"event":{"mods":["AchievementEnabler","BaseMod","Highlight Path","Minty Spire (QoL Compilation)","everything is the same but u backflip on backflip"],"gold_per_floor":[114,129,129,144,159,159,159,334,359,284,299,314,329,344,344,444,444,459,474,489,489,504,504,257,257,257,287,287,251,266,281,281,381,381,396,411,119,134,149,149,479,479,479,479,28,67,82,97,97,97],"floor_reached":51,"playtime":3120,"items_purged":["Doubt"],"score":875,"play_id":"62b6fc40-b446-4a3d-913d-1b4b58b99bb7","local_time":"20210107200328","daily_mods":["SealedDeck","Vintage","Lethality"],"is_ascension_mode":false,"campfire_choices":[{"data":"Nirvana","floor":6,"key":"SMITH"},{"data":"CutThroughFate","floor":15,"key":"SMITH"},{"data":"JustLucky","floor":23,"key":"SMITH"},{"data":"Nirvana","floor":32,"key":"SMITH"},{"data":"Study","floor":40,"key":"SMITH"},{"data":"Wireheading","floor":42,"key":"SMITH"},{"data":"FlyingSleeves","floor":44,"key":"SMITH"},{"data":"Crescendo","floor":49,"key":"SMITH"}],"circlet_count":0,"master_deck":["Protect","EmptyBody","Crescendo+1","EmptyFist","Crescendo","JustLucky+1","CutThroughFate+1","Nirvana+1","Wireheading+1","Nirvana+1","FlyingSleeves+1","J.A.X.+1","FollowUp","Study+1","ConjureBlade+1","ThirdEye+1","Flash of Steel","Protect+1","Halt+1","FlyingSleeves+1"],"relics":["PureWater","TeardropLocket","Shuriken","Bronze Scales","Matryoshka","Vajra","MealTicket","Potion Belt","Mercury Hourglass","Toxic Egg 2","Meat on the Bone","Busted Crown","Incense Burner","Happy Flower","Mummified Hand","Anchor","Membership Card","Question Card","Blood Vial","The Courier","Smiling Mask","HornCleat","SlaversCollar","Ornamental Fan","Lizard Tail","Toy Ornithopter","Juzu Bracelet","Oddly Smooth Stone","Sling","CeramicFish","Bottled Tornado","Old Coin","Pear","Damaru","HandDrill","Gremlin Horn","Lantern","Pantograph","Art of War","Frozen Egg 2","Yang","Mango"],"acts_visited":["Exordium","TheCity","TheBeyond"],"potions_floor_usage":[16,16,50,50],"damage_taken":[{"damage":6,"enemies":"Jaw Worm","floor":1,"turns":2},{"damage":0,"enemies":"2 Louse","floor":2,"turns":2},{"damage":0,"enemies":"Cultist","floor":4,"turns":2},{"damage":0,"enemies":"Looter","floor":5,"turns":1},{"damage":0,"enemies":"Large Slime","floor":11,"turns":2},{"damage":3,"enemies":"Gremlin Gang","floor":12,"turns":2},{"damage":0,"enemies":"3 Louse","floor":13,"turns":2},{"damage":0,"enemies":"Blue Slaver","floor":14,"turns":2},{"damage":8,"enemies":"Hexaghost","floor":16,"turns":5},{"damage":9,"enemies":"Chosen","floor":18,"turns":3},{"damage":3,"enemies":"Spheric Guardian","floor":19,"turns":3},{"damage":0,"enemies":"Centurion and Healer","floor":20,"turns":3},{"damage":0,"enemies":"Snecko","floor":22,"turns":3},{"damage":16,"enemies":"Gremlin Leader","floor":27,"turns":4},{"damage":3,"enemies":"Sentry and Sphere","floor":30,"turns":2},{"damage":19,"enemies":"Centurion and Healer","floor":31,"turns":3},{"damage":6,"enemies":"Automaton","floor":33,"turns":4},{"damage":6,"enemies":"Orb Walker","floor":35,"turns":3},{"damage":24,"enemies":"3 Darklings","floor":36,"turns":3},{"damage":6,"enemies":"Maw","floor":38,"turns":3},{"damage":3,"enemies":"4 Shapes","floor":39,"turns":4},{"damage":8,"enemies":"Reptomancer","floor":41,"turns":3},{"damage":3,"enemies":"Giant Head","floor":46,"turns":4},{"damage":0,"enemies":"Sphere and 2 Shapes","floor":47,"turns":3},{"damage":3,"enemies":"3 Darklings","floor":48,"turns":3},{"damage":48,"enemies":"Time Eater","floor":50,"turns":7}],"seed_played":"8350349167999303424","potions_obtained":[{"floor":2,"key":"BlessingOfTheForge"},{"floor":5,"key":"Strength Potion"},{"floor":11,"key":"Block Potion"},{"floor":16,"key":"LiquidMemories"},{"floor":18,"key":"BlessingOfTheForge"},{"floor":19,"key":"Weak Potion"},{"floor":20,"key":"SteroidPotion"}],"is_trial":false,"path_per_floor":["M","M","$","M","M","R","$","?","T","$","M","M","M","M","R","B",null,"M","M","M","?","M","R","$","?","T","E","?","$","M","M","R","B",null,"M","M","$","M","M","R","E","R","T","R","$","E","M","M","R","B",null],"character_chosen":"WATCHER","items_purchased":["Nirvana","Membership Card","FlyingSleeves","FollowUp","Study","ThirdEye+1","Flash of Steel","Toy Ornithopter","Juzu Bracelet","Oddly Smooth Stone","Sling","Damaru","Protect+1","Halt+1","HandDrill","Gremlin Horn","Lantern","Pantograph","Art of War"],"campfire_rested":0,"item_purchase_floors":[24,24,24,29,29,37,37,37,37,37,37,45,45,45,45,45,45,45,45],"current_hp_per_floor":[66,66,66,66,66,66,66,66,66,72,72,69,69,69,69,61,72,63,60,60,60,60,60,72,72,72,56,56,71,69,52,52,48,72,66,44,59,55,54,54,48,48,58,58,73,72,74,87,87,58],"gold":97,"neow_bonus":"","is_daily":true,"chose_seed":false,"campfire_upgraded":8,"win_rate":0.0,"timestamp":1610049808,"path_taken":["M","M","$","M","M","R","$","?","T","$","M","M","M","M","R","BOSS","M","M","M","?","M","R","$","?","T","E","?","$","?","M","R","BOSS","M","M","$","M","M","R","E","R","T","R","$","E","M","M","R","BOSS"],"items_purchased_type":["Card","Relic","Card","Card","Card","Card","Card","Relic","Relic","Relic","Relic","Relic","Card","Card","Relic","Relic","Relic","Relic","Relic"],"build_version":"2020-12-22","purchased_purges":1,"victory":true,"max_hp_per_floor":[72,72,72,72,72,72,72,72,72,72,72,72,72,72,72,72,72,72,72,72,72,72,72,72,72,72,72,72,72,72,72,72,72,72,72,72,72,72,72,72,72,72,82,82,82,82,82,96,96,96],"card_choices":[{"not_picked":["Blasphemy+1","PathToVictory+1"],"picked":"SKIP","floor":27},{"not_picked":["Alpha+1"],"picked":"ConjureBlade+1","floor":33},{"not_picked":["Crescendo+1","Conclude"],"picked":"SKIP","floor":41},{"not_picked":["InnerPeace+1"],"picked":"FlyingSleeves+1","floor":46}],"player_experience":80757,"relics_obtained":[{"floor":1,"key":"TeardropLocket"},{"floor":2,"key":"Shuriken"},{"floor":4,"key":"Bronze Scales"},{"floor":5,"key":"Matryoshka"},{"floor":9,"key":"Vajra"},{"floor":9,"key":"MealTicket"},{"floor":11,"key":"Potion Belt"},{"floor":12,"key":"Mercury Hourglass"},{"floor":13,"key":"Toxic Egg 2"},{"floor":14,"key":"Meat on the Bone"},{"floor":18,"key":"Incense Burner"},{"floor":19,"key":"Happy Flower"},{"floor":20,"key":"Mummified Hand"},{"floor":22,"key":"Anchor"},{"floor":26,"key":"Question Card"},{"floor":26,"key":"Blood Vial"},{"floor":27,"key":"The Courier"},{"floor":30,"key":"Smiling Mask"},{"floor":31,"key":"HornCleat"},{"floor":35,"key":"Ornamental Fan"},{"floor":36,"key":"Lizard Tail"},{"floor":38,"key":"CeramicFish"},{"floor":39,"key":"Bottled Tornado"},{"floor":41,"key":"Old Coin"},{"floor":43,"key":"Pear"},{"floor":46,"key":"Frozen Egg 2"},{"floor":47,"key":"Yang"},{"floor":48,"key":"Mango"}],"event_choices":[{"damage_healed":0,"gold_gain":175,"player_choice":"AGREE","damage_taken":0,"max_hp_gain":0,"max_hp_loss":0,"event_name":"Liars Game","floor":8,"gold_loss":0,"cards_obtained":["Doubt"]},{"damage_healed":0,"gold_gain":0,"player_choice":"Ignored","damage_taken":0,"max_hp_gain":0,"max_hp_loss":0,"event_name":"Ghosts","floor":21,"gold_loss":0},{"damage_healed":0,"gold_gain":0,"player_choice":"Obtain J.A.X.","damage_taken":0,"max_hp_gain":0,"max_hp_loss":0,"event_name":"Drug Dealer","floor":25,"gold_loss":0,"cards_obtained":["J.A.X."]},{"cards_removed":["EmptyFist"],"damage_healed":0,"gold_gain":0,"player_choice":"Elegance","damage_taken":0,"max_hp_gain":0,"max_hp_loss":0,"event_name":"Back to Basics","floor":28,"gold_loss":0}],"is_beta":false,"boss_relics":[{"not_picked":["Philosopher\u0027s Stone","Sozu"],"picked":"Busted Crown"},{"not_picked":["Velvet Choker","VioletLotus"],"picked":"SlaversCollar"}],"items_purged_floors":[10],"is_endless":false,"potions_floor_spawned":[2,5,11,16,18,19,20,33,35,38,47],"ascension_level":0}}