{"host":"Ceyx","time":1610043054,"event":{"mods":["BaseMod","Beaked The Cultist","Better Third Choice","BetterRewards","Conspire","Downfall","Hermit","Hubris","Infinite Spire","Lobotomy","Minty Spire (QoL Compilation)","Replay The Spire","Shop Mod","StSLib","The Jungle","The Poker Player"],"gold_per_floor":[118,129,129,129,129,164,164,193,193,220,233,245,130,146,227,303,303,320,348,361,388,313,313,328,357,357,375,410,410,421,446,446,517,517,537,537,385,260,272,272,299,299,299,299,329,340,131,131,131,209,209,219,219,219,219,207,235,243,253,304,330,330,330,343,22,22,94,94,106,106,116,123,411,433,433,445,445,454,481,493,493,493,493,511,511,586,586,593,608,634,685,699,730,745,780,833,859,859,879,898,898,898,978,978,992,992,1042,1063,1080,1080,1080,1080,1080,1098,1152,1152,1172,1172,1189,1205,1205,1278,1278,1287,1287,1302,1302,1320,1344,1359,1369,1416,1432,1462,1473,1497,1510,1519,1598,1598,1616,1635,1635,1648,1648,1657,1690,1690,1690,1720,1720,1734,1758,1770,1770,1848,1848,1848,1848,1871,1798],"floor_reached":162,"playtime":11310,"items_purged":["Strike_R","Strike_R","Strike_R","Iron Wave"],"score":8269,"play_id":"7e3432c3-a616-44b0-8220-cc8dc713c012","local_time":"20210108011054","is_ascension_mode":true,"campfire_choices":[{"data":"Abandon","floor":23.0,"key":"SMITH"},{"data":"hubris:Fate","floor":29.0,"key":"SMITH"},{"data":"Offering","floor":32.0,"key":"SMITH"},{"data":"Battle Trance","floor":40.0,"key":"SMITH"},{"data":"hubris:InfiniteBlow+37","floor":42.0,"key":"SMITH"},{"data":"Shrug It Off","floor":44.0,"key":"SMITH"},{"data":"hubris:InfiniteBlow+38","floor":49.0,"key":"SMITH"},{"data":"hubris:InfiniteBlow+75","floor":63,"key":"SMITH"},{"floor":66,"key":"DIG"},{"floor":75,"key":"DIG"},{"data":"hubris:InfiniteBlow+76","floor":102,"key":"SMITH"},{"data":"hubris:InfiniteBlow+77","floor":102,"key":"SMITH"},{"data":"hubris:InfiniteBlow+78","floor":110,"key":"SMITH"},{"data":"hubris:InfiniteBlow+79","floor":110,"key":"SMITH"},{"floor":113,"key":"DIG"},{"floor":121,"key":"DIG"},{"data":"hubris:InfiniteBlow+82","floor":138,"key":"SMITH"},{"data":"hubris:InfiniteBlow+83","floor":138,"key":"SMITH"},{"floor":146,"key":"DIG"},{"floor":148,"key":"DIG"},{"floor":151,"key":"DIG"},{"floor":155,"key":"DIG"},{"data":"hubris:InfiniteBlow+84","floor":158,"key":"SMITH"},{"data":"infinitespire:Collect","floor":158,"key":"SMITH"}],"circlet_count":0,"master_deck":["AscendersBane","conspire:GhostlyDefend","conspire:GhostlyDefend","hubris:InfiniteBlow+85","Headbutt+1","Shrug It Off+1","Shrug It Off","Offering+1","Shrug It Off+1","Abandon+1","Battle Trance+1","hubris:Fate+1","CurseOfTheBell","ReplayTheSpireMod:Splinters","infinitespire:FutureSight","infinitespire:Collect+1","expansioncontent:ManipulateTime","conspire:Banana"],"relics":["Strawberry","Orichalcum","infinitespire:CheckeredPen","Onion Ring","Meat on the Bone","Anchor","Empty Cage","Ginger","Lizard Tail","Ornamental Fan","Replay:WaspNest","Nunchaku","hubris:Reverence","SlaversCollar","Torii","Replay:PocketPolymizer","Mirror","hubris:Icosahedron","Calling Bell","infinitespire:Lucky Rock","hubris:DisguiseKit","StoneCalendar","Ring of Searing","Ring of Misfortune","HornCleat","Blood Vial","hubris:CuriousFeather","Shovel","infinitespire:Eraser","Kintsugi","hubris:NiceRug","Replay:Arrowhead","Lantern","Chemical X","hubris:MysteriousPyramids","Oddly Smooth Stone","Eternal Feather","Replay:Bandana","hubris:Backtick","Bottled Flame","hubris:64BitClover","infinitespire:Golems Mask","Bag of Preparation","conspire:Dentures","ReplayFunnel","hubris:PeanutButter","ReplayTheSpireMod:TigerMarble","hubris:TenFootPole","hubris:ChampionShield","Replay:M_SmolderingBlood","Whetstone","Omamori","Runic Cube","hubris:SlimyHat","Prayer Wheel","Turnip","CeramicFish","Replay:Rubber Ducky","Replay:Bottled Steam","SacredBark","Toy Ornithopter","hubris:Towel","Unceasing Top","ReplayTheSpireMod:Lightbulb","Pet Ghost","Centennial Puzzle","Gremlin Horn","infinitespire:Joker Card","Bag of Marbles","Pen Nib","Busted Crown","conspire:TopHat"],"acts_visited":["Exordium","TheCity","TheBeyond","Exordium","TheCity","TheBeyond","Exordium","Exordium","TheBeyond","TheEnding"],"potions_floor_usage":[120,120,161,161],"damage_taken":[{"damage":10.0,"enemies":"2 Louse","floor":1.0,"turns":4.0},{"damage":8.0,"enemies":"Jaw Worm","floor":2.0,"turns":4.0},{"damage":0.0,"enemies":"Gremlin Nob","floor":6.0,"turns":2.0},{"damage":9.0,"enemies":"3 Sentries","floor":8.0,"turns":7.0},{"damage":0.0,"enemies":"Lagavulin","floor":10.0,"turns":2.0},{"damage":0.0,"enemies":"Small Slimes","floor":11.0,"turns":2.0},{"damage":0.0,"enemies":"2 Fungi Beasts","floor":12.0,"turns":2.0},{"damage":0.0,"enemies":"Looter","floor":14.0,"turns":2.0},{"damage":6.0,"enemies":"Hexaghost","floor":16.0,"turns":2.0},{"damage":0.0,"enemies":"Chosen","floor":18.0,"turns":2.0},{"damage":6.0,"enemies":"conspire:MimicChest","floor":19.0,"turns":2.0},{"damage":2.0,"enemies":"conspire:FuzzyDice","floor":20.0,"turns":5.0},{"damage":0.0,"enemies":"Centurion and Healer","floor":24.0,"turns":2.0},{"damage":32.0,"enemies":"Replay:Snechameleon","floor":25.0,"turns":5.0},{"damage":6.0,"enemies":"Snecko","floor":27.0,"turns":1.0},{"damage":0.0,"enemies":"Nightmare","floor":28.0,"turns":1.0},{"damage":6.0,"enemies":"Chosen and Byrds","floor":30.0,"turns":2.0},{"damage":0.0,"enemies":"conspire:SneckoGhost","floor":31.0,"turns":1.0},{"damage":6.0,"enemies":"Automaton","floor":33.0,"turns":2.0},{"damage":6.0,"enemies":"Orb Walker","floor":35.0,"turns":1.0},{"damage":14.0,"enemies":"3 Darklings","floor":39.0,"turns":4.0},{"damage":0.0,"enemies":"R_Hoarder","floor":41.0,"turns":1.0},{"damage":0.0,"enemies":"beaked:SuperParasite","floor":45.0,"turns":1.0},{"damage":0.0,"enemies":"Sphere and 2 Shapes","floor":46.0,"turns":2.0},{"damage":10,"enemies":"Awakened One","floor":50,"turns":2},{"damage":0,"enemies":"Cultist","floor":52,"turns":1},{"damage":5,"enemies":"Jaw Worm","floor":56,"turns":3},{"damage":0,"enemies":"Lagavulin","floor":57,"turns":1},{"damage":0,"enemies":"Small Slimes","floor":58,"turns":1},{"damage":0,"enemies":"3 Louse","floor":59,"turns":1},{"damage":0,"enemies":"Gremlin Nob","floor":61,"turns":1},{"damage":3,"enemies":"Blue Slaver","floor":64,"turns":1},{"damage":0,"enemies":"Slime Boss","floor":67,"turns":1},{"damage":0,"enemies":"2 Thieves","floor":69,"turns":1},{"damage":0,"enemies":"Chosen","floor":71,"turns":1},{"damage":6,"enemies":"Snake Plant","floor":72,"turns":1},{"damage":0,"enemies":"hubris:Merchant","floor":73,"turns":2},{"damage":0,"enemies":"Book of Stabbing","floor":74,"turns":2},{"damage":5,"enemies":"Chosen and Byrds","floor":76,"turns":2},{"damage":0,"enemies":"Cultist and Chosen","floor":78,"turns":1},{"damage":0,"enemies":"Nightmare","floor":79,"turns":1},{"damage":0,"enemies":"Centurion and Healer","floor":80,"turns":2},{"damage":0,"enemies":"Snecko","floor":84,"turns":1},{"damage":0,"enemies":"Collector","floor":86,"turns":1},{"damage":0,"enemies":"3 Darklings","floor":88,"turns":1},{"damage":2,"enemies":"3 Shapes","floor":89,"turns":2},{"damage":0,"enemies":"Mind Bloom Boss Battle","floor":90,"turns":1},{"damage":3,"enemies":"2 Orb Walkers","floor":91,"turns":1},{"damage":0,"enemies":"Transient","floor":92,"turns":1},{"damage":0,"enemies":"Nightmare","floor":93,"turns":1},{"damage":0,"enemies":"Sphere and 2 Shapes","floor":94,"turns":2},{"damage":0,"enemies":"Giant Head","floor":95,"turns":1},{"damage":0,"enemies":"Reptomancer","floor":97,"turns":1},{"damage":0,"enemies":"Spire Growth","floor":99,"turns":1},{"damage":0,"enemies":"Writhing Mass","floor":100,"turns":1},{"damage":0,"enemies":"Time Eater","floor":103,"turns":1},{"damage":0,"enemies":"2 Louse","floor":105,"turns":2},{"damage":0,"enemies":"Cultist","floor":108,"turns":1},{"damage":0,"enemies":"Jaw Worm","floor":109,"turns":1},{"damage":0,"enemies":"Large Slime","floor":114,"turns":1},{"damage":0,"enemies":"3 Louse","floor":117,"turns":2},{"damage":0,"enemies":"Looter","floor":119,"turns":1},{"damage":34,"enemies":"Nightmare_Alpha","floor":120,"turns":3},{"damage":0,"enemies":"Slime Boss","floor":122,"turns":1},{"damage":0,"enemies":"theJungle:Flameango_and_Byrd","floor":124,"turns":2},{"damage":0,"enemies":"Shell Parasite","floor":126,"turns":1},{"damage":0,"enemies":"theJungle:Lyon","floor":128,"turns":1},{"damage":0,"enemies":"theJungle:2_Phrogs","floor":129,"turns":1},{"damage":0,"enemies":"theJungle:Snecko_Cultist_And_Trap","floor":130,"turns":2},{"damage":0,"enemies":"Nightmare_Alpha","floor":131,"turns":4},{"damage":0,"enemies":"theJungle:SlimyTreeVines","floor":133,"turns":1},{"damage":0,"enemies":"theJungle:MamaSnecko","floor":134,"turns":1},{"damage":0,"enemies":"theJungle:2_Snecko_Cultists","floor":135,"turns":1},{"damage":0,"enemies":"theJungle:2_Phrogs","floor":136,"turns":1},{"damage":0,"enemies":"theJungle:JungleHuntersEncounter","floor":137,"turns":1},{"damage":0,"enemies":"theJungle:FunGuy","floor":139,"turns":1},{"damage":0,"enemies":"Orb Walker","floor":141,"turns":1},{"damage":0,"enemies":"3 Darklings","floor":142,"turns":1},{"damage":0,"enemies":"Spire Growth","floor":144,"turns":1},{"damage":0,"enemies":"Reptomancer","floor":147,"turns":1},{"damage":0,"enemies":"Nemesis","floor":150,"turns":1},{"damage":0,"enemies":"Jaw Worm Horde","floor":152,"turns":2},{"damage":0,"enemies":"Writhing Mass","floor":154,"turns":1},{"damage":0,"enemies":"Time Eater","floor":156,"turns":1},{"damage":0,"enemies":"Shield and Spear","floor":160,"turns":1},{"damage":32,"enemies":"The Heart","floor":161,"turns":6}],"seed_played":"-5411677991213724700","potions_obtained":[{"floor":2.0,"key":"LiquidBronze"},{"floor":8.0,"key":"Guardian:BlockOnCardUsePotion"},{"floor":73,"key":"Block Potion"},{"floor":97,"key":"LiquidMemories"},{"floor":120,"key":"Adrenaline Potion"},{"floor":126,"key":"champ:CounterPotion"}],"is_trial":false,"path_per_floor":["M","M","?","?","?","E","?","E","T","E","M","M","$","M","R","B",null,"M","?","M","?","$","R","M","E","T","M","NM","R","M","E","R","B",null,"M","?","$","$","M","R","E","R","T","R","E","M","$","?","R","B",null,"M","?","?","?","M","E","M","M","T","E","?","R","M","$","R","B",null,"M","?","M","M","$","E","R","M","T","M","NM","M","$","PTL","PTL","M","R","B",null,"M","M","?","?","M","NM","M","E","T","E","?","M","M","?","R","B",null,"M","?","?","M","M","R","PTL","PTL","R","M","T","?","M","?","M","NM","R","B",null,"M","?","M","?","M","E","M","NM","T","M","E","M","E","M","R","B",null,"M","M","?","M","?","R","E","R","T","E","R","M","T","M","R","B",null,"R","$","E","B",null],"character_chosen":"IRONCLAD","items_purchased":["Shrug It Off","Dropkick+1","Shrug It Off","Warcry","Shovel"],"campfire_rested":0,"item_purchase_floors":[13,13,37,47,65],"current_hp_per_floor":[71,69,49,38,38,44,49,46,46,52,58,64,64,70,70,70,83,87,87,87,53,53,53,59,45,45,57,63,63,63,69,69,69,83,83,83,83,83,75,75,81,81,81,81,87,87,87,87,87,83,86,87,87,87,87,87,87,87,87,87,87,87,87,87,87,87,87,87,87,82,87,87,87,87,87,87,87,87,87,87,87,87,87,87,87,87,87,87,87,87,87,87,87,87,87,87,87,87,87,87,87,87,87,87,87,92,92,92,92,92,92,92,92,92,92,92,92,92,92,58,67,69,86,88,92,92,92,92,92,92,92,92,92,92,92,92,92,92,92,92,92,92,92,92,92,92,92,92,92,92,92,93,93,93,93,93,93,93,93,95,64],"gold":1798,"neow_bonus":"RANDOM_COMMON_RELIC","is_daily":false,"chose_seed":false,"campfire_upgraded":16,"win_rate":0.0,"timestamp":1610043054,"path_taken":["M","M","?","?","?","E","?","E","T","E","M","M","?","M","R","BOSS","M","?","?","?","$","R","M","E","T","M","NM","R","M","E","R","BOSS","M","?","?","$","?","R","E","R","T","R","E","M","$","?","R","BOSS","M","?","?","?","M","E","M","M","T","E","?","R","?","$","R","BOSS","M","?","M","M","$","E","R","M","T","M","NM","M","$","PTL","PTL","M","R","BOSS","M","M","?","?","M","NM","M","E","T","E","?","?","M","?","R","BOSS","M","?","?","?","?","R","PTL","PTL","R","M","T","?","M","?","M","NM","R","BOSS","M","?","M","?","?","E","M","NM","T","M","E","M","E","M","R","BOSS","M","M","?","M","?","R","E","R","T","E","R","M","?","M","R","BOSS","R","$","E","BOSS"],"items_purchased_type":["Card","Card","Card","Card","Relic"],"build_version":"2020-12-18","purchased_purges":4,"victory":true,"max_hp_per_floor":[82,82,82,82,82,82,87,87,87,87,87,87,87,87,87,87,87,87,87,87,87,87,87,87,87,87,87,87,87,87,87,87,87,87,87,87,87,87,87,87,87,87,87,87,87,87,87,87,87,87,87,87,87,87,87,87,87,87,87,87,87,87,87,87,87,87,87,87,87,87,87,87,87,87,87,87,87,87,87,87,87,87,87,87,87,87,87,87,87,87,87,87,87,87,87,87,87,87,87,87,87,87,87,87,87,92,92,92,92,92,92,92,92,92,92,92,92,92,92,92,92,92,92,92,92,92,92,92,92,92,92,92,92,92,92,92,92,92,92,92,92,92,92,92,92,92,92,92,92,92,92,93,93,93,93,93,93,93,93,95,96],"card_choices":[{"not_picked":["Rupture","Armaments"],"picked":"ReplayTheSpireMod:Strike From Hell","floor":1.0},{"not_picked":["Perfected Strike","Armaments"],"picked":"Life Link","floor":2.0},{"not_picked":["ReplayTheSpireMod:Chaos Vortex","infinitespire:Fortify"],"picked":"hubris:InfiniteBlow+36","floor":3.0},{"not_picked":["Run Through","Flex","infinitespire:OneForAll"],"picked":"SKIP","floor":6.0},{"not_picked":["Whirlwind","Rampage"],"picked":"Headbutt","floor":8.0},{"not_picked":["ReplayTheSpireMod:Strike From Hell","Shockwave"],"picked":"Shrug It Off","floor":10.0},{"not_picked":["Replay:Undeath\u0027s Touch","Defy Death","Pommel Strike"],"picked":"SKIP","floor":11.0},{"not_picked":["Pommel Strike","Clash"],"picked":"Ghostly Armor","floor":12.0},{"not_picked":["Flex","Entrench"],"picked":"Offering","floor":14.0},{"not_picked":["Shockwave","Rage+1"],"picked":"Shrug It Off+1","floor":18.0},{"not_picked":["Cleave","Flex+1"],"picked":"Abandon","floor":19.0},{"not_picked":["Spot Weakness","hubris:SharpeningStone","Headbutt"],"picked":"SKIP","floor":20.0},{"not_picked":["Spot Weakness","hubris:SharpeningStone"],"picked":"Headbutt","floor":20.0},{"not_picked":["Perfected Strike","Cleave+1","Twin Strike"],"picked":"SKIP","floor":24.0},{"not_picked":["Iron Wave","Feel No Pain"],"picked":"Battle Trance","floor":25.0},{"not_picked":["Combust","hubris:CleavingFinish+1","Wild Strike"],"picked":"SKIP","floor":27.0},{"not_picked":["ReplayTheSpireMod:Haul","infinitespire:Oblivion"],"picked":"hubris:Fate","floor":28.0},{"not_picked":["Berserk","Sever Soul","Twin Strike"],"picked":"SKIP","floor":28.0},{"not_picked":["Fire Breathing+1","Burning Pact","hubris:ReadiedAction"],"picked":"SKIP","floor":30.0},{"not_picked":["Clash","Fire Breathing","Flex"],"picked":"SKIP","floor":31.0},{"not_picked":["Metallicize","Flex","Perfected Strike"],"picked":"SKIP","floor":35.0},{"not_picked":["Sword Boomerang+1","Clothesline"],"picked":"Run Through+1","floor":39.0},{"not_picked":["hubris:ReadiedAction","Headbutt","Heavy Blade"],"picked":"SKIP","floor":41.0},{"not_picked":["Feed","ReplayTheSpireMod:LeadingStrike","Cleave"],"picked":"SKIP","floor":45.0},{"not_picked":["Sword Boomerang+1","Heavy Blade","Warcry"],"picked":"SKIP","floor":46.0},{"not_picked":["Double Tap","hubris:StunningStrike"],"picked":"Corruption","floor":50},{"not_picked":["Shockwave","Wild Strike","Replay:Undeath\u0027s Touch","hermit:Deadeye"],"picked":"SKIP","floor":52},{"not_picked":["Twin Strike","Clash","infinitespire:OneForAll","hermit:HoleUp"],"picked":"SKIP","floor":56},{"not_picked":["Iron Wave","Replay:Many Hands","Shrug It Off","hermit:Enervate"],"picked":"SKIP","floor":57},{"not_picked":["Body Slam","Pommel Strike","Headbutt","hermit:Determination"],"picked":"SKIP","floor":58},{"not_picked":["Run Through","ReplayTheSpireMod:LeadingStrike","Iron Wave","hermit:Combo"],"picked":"SKIP","floor":59},{"not_picked":["hubris:ReadiedAction","Combust","Dual Wield","hermit:LoneWolf"],"picked":"SKIP","floor":61},{"not_picked":["Metallicize","Cleave","Reckless Charge","hermit:ShadowCloak"],"picked":"SKIP","floor":64},{"not_picked":["infinitespire:Menacing","infinitespire:Gouge"],"picked":"infinitespire:FutureSight","floor":69},{"not_picked":["Clash","Dropkick","Iron Wave","hermit:Desperado"],"picked":"SKIP","floor":69},{"not_picked":["Run Through","Body Slam","Iron Wave","hermit:Desperado"],"picked":"SKIP","floor":71},{"not_picked":["Battle Trance","hubris:ReadiedAction+1","Perfected Strike+1","hermit:Dive"],"picked":"SKIP","floor":72},{"not_picked":["Carnage"],"picked":"SKIP","floor":73},{"not_picked":["ReplayTheSpireMod:Strike From Hell"],"picked":"SKIP","floor":73},{"not_picked":["Flame Barrier"],"picked":"SKIP","floor":73},{"not_picked":["Havoc"],"picked":"SKIP","floor":73},{"not_picked":["Combust"],"picked":"SKIP","floor":73},{"not_picked":["Dark Shackles"],"picked":"SKIP","floor":73},{"not_picked":["Chrysalis"],"picked":"SKIP","floor":73},{"not_picked":["Shrug It Off","Armaments","Wild Strike","hermit:DeadOrAlive"],"picked":"SKIP","floor":74},{"not_picked":["Metallicize","Flex","Uppercut+1","hermit:Desperado"],"picked":"SKIP","floor":76},{"not_picked":["Massacre","Twin Strike","Armaments","hermit:Snipe"],"picked":"SKIP","floor":78},{"not_picked":["Twin Strike","Sword Boomerang","Anger","hermit:ShadowCloak"],"picked":"SKIP","floor":79},{"not_picked":["Havoc","Wild Strike","Blood for Blood","hermit:Misfire"],"picked":"SKIP","floor":80},{"not_picked":["ReplayTheSpireMod:Strike From Hell","hubris:ReadiedAction","Hemokinesis","hermit:Desperado"],"picked":"SKIP","floor":84},{"not_picked":["Entrench+1","Warcry","Pommel Strike","hermit:WideOpen"],"picked":"SKIP","floor":88},{"not_picked":["ReplayTheSpireMod:Strike From Hell+1","Clothesline","Abandon","hermit:Glare"],"picked":"SKIP","floor":89},{"not_picked":["Uppercut+1","Wild Strike","Anger+1","hermit:Virtue"],"picked":"SKIP","floor":92},{"not_picked":["Wild Strike","Perfected Strike+1","Combust","hermit:FlashPowder"],"picked":"SKIP","floor":93},{"not_picked":["Flame Barrier+1","ReplayTheSpireMod:Stacked","infinitespire:OneForAll","hermit:Brawl"],"picked":"SKIP","floor":94},{"not_picked":["Run Through","Flex","Offering","hermit:Virtue"],"picked":"SKIP","floor":95},{"not_picked":["Dual Wield+1","Clash","Shrug It Off","hermit:Vantage"],"picked":"SKIP","floor":97},{"not_picked":["Flex","conspire:Charge","Rage","hermit:Dive"],"picked":"SKIP","floor":99},{"not_picked":["Replay:Undeath\u0027s Touch","Clash","Iron Wave+1","hermit:ItchyTrigger"],"picked":"SKIP","floor":100},{"not_picked":["Sever Soul","True Grit","Clash","hermit:Headshot"],"picked":"SKIP","floor":105},{"not_picked":["Clothesline","ReplayTheSpireMod:Strike From Hell","Inflame","hermit:TrackingShot"],"picked":"SKIP","floor":108},{"not_picked":["Feel No Pain","Pummel","Thunderclap","hermit:Headshot"],"picked":"SKIP","floor":109},{"not_picked":["Body Slam","Armaments","ReplayTheSpireMod:Corrosion Curse","hermit:CalledShot"],"picked":"SKIP","floor":114},{"not_picked":["Cleave","Thunderclap","Rage","hermit:Headshot"],"picked":"SKIP","floor":117},{"not_picked":["ReplayTheSpireMod:LeadingStrike","Power Through","Rage","hermit:FromBeyond"],"picked":"SKIP","floor":119},{"not_picked":["WreathOfFlame","Shockwave","Clothesline","hermit:Ricochet"],"picked":"SKIP","floor":120},{"not_picked":["Twin Strike","ReplayReversal","Body Slam","hermit:PistolWhip"],"picked":"SKIP","floor":124},{"not_picked":["Iron Wave","Pommel Strike","Heavy Blade","hermit:Shortfuse"],"picked":"SKIP","floor":126},{"not_picked":["Spot Weakness","Warcry","Havoc","hermit:Desperado"],"picked":"SKIP","floor":128},{"not_picked":["Pommel Strike","Burning Pact","Anger","hermit:CursedWeapon"],"picked":"SKIP","floor":129},{"not_picked":["Anger","Feel No Pain","Shockwave","hermit:FromBeyond"],"picked":"SKIP","floor":130},{"not_picked":["Heavy Blade+1","conspire:ExplosiveBarrier","Flame Barrier","hermit:Dive"],"picked":"SKIP","floor":130},{"not_picked":["infinitespire:FinalStrike","infinitespire:FutureSight"],"picked":"infinitespire:Collect","floor":131},{"not_picked":["Heavy Blade","Rampage","Sword Boomerang","hermit:Dive"],"picked":"SKIP","floor":131},{"not_picked":["Cleave","ReplayTheSpireMod:Corrosion Curse","Shrug It Off","hermit:FlashPowder"],"picked":"SKIP","floor":133},{"not_picked":["Sword Boomerang","Pommel Strike","Twin Strike","hermit:Manifest"],"picked":"SKIP","floor":133},{"not_picked":["Battle Trance","ReplayTheSpireMod:Limb From Limb","Clash","hermit:Feint"],"picked":"SKIP","floor":134},{"not_picked":["Dark Embrace","Dual Wield","conspire:Purge","hermit:Manifest"],"picked":"SKIP","floor":135},{"not_picked":["Massacre","Wild Strike","Evolve","hermit:Horror"],"picked":"SKIP","floor":135},{"not_picked":["Warcry","conspire:HitWhereItHurts","ReplayTheSpireMod:Corrosion Curse","hermit:TakeAim"],"picked":"SKIP","floor":136},{"not_picked":["Iron Wave","Clash","Shrug It Off+1","hermit:Combo"],"picked":"SKIP","floor":137},{"not_picked":["Uppercut+1","Body Slam","Inflame+1","hermit:Misfire"],"picked":"SKIP","floor":137},{"not_picked":["True Grit","ReplayTheSpireMod:Muscle Training","Armaments","hermit:Brawl"],"picked":"SKIP","floor":141},{"not_picked":["Havoc","Massacre","hubris:ReadiedAction","hermit:NoHoldsBarred"],"picked":"SKIP","floor":141},{"not_picked":["Reckless Charge","Inflame","Armaments","hermit:Determination"],"picked":"SKIP","floor":142},{"not_picked":["Headbutt+1","Power Through+1","Wild Strike","hermit:Feint"],"picked":"SKIP","floor":142},{"not_picked":["Offering","Wild Strike","Pummel+1","hermit:Coalescence"],"picked":"SKIP","floor":144},{"not_picked":["Second Wind","Pummel","Clothesline+1","hermit:Misfire"],"picked":"SKIP","floor":144},{"not_picked":["Impervious","Feel No Pain","Evolve+1","hermit:Desperado"],"picked":"SKIP","floor":147},{"not_picked":["Headbutt","Wild Strike","True Grit+1","hermit:CalledShot"],"picked":"SKIP","floor":150},{"not_picked":["Thunderclap","Searing Blow","Pommel Strike+1","hermit:Snipe"],"picked":"SKIP","floor":152},{"not_picked":["Anger+1","Rampage","Abandon","hermit:CursedWeapon"],"picked":"SKIP","floor":152},{"not_picked":["Clothesline","Armaments","Twin Strike+1","hermit:EyeOfTheStorm"],"picked":"SKIP","floor":154},{"not_picked":["conspire:ExplosiveBarrier","Replay:Undeath\u0027s Touch","ReplayTheSpireMod:LeadingStrike","hermit:BodyArmor"],"picked":"SKIP","floor":154},{"not_picked":["Armaments","hermit:LuckOfTheDraw"],"picked":"SKIP","floor":160}],"player_experience":555615,"relics_obtained":[{"floor":6.0,"key":"infinitespire:CheckeredPen"},{"floor":8.0,"key":"Onion Ring"},{"floor":9.0,"key":"Meat on the Bone"},{"floor":10.0,"key":"Anchor"},{"floor":19.0,"key":"Ginger"},{"floor":21.0,"key":"Lizard Tail"},{"floor":25.0,"key":"Ornamental Fan"},{"floor":26.0,"key":"Replay:WaspNest"},{"floor":28.0,"key":"Nunchaku"},{"floor":31.0,"key":"hubris:Reverence"},{"floor":41.0,"key":"Torii"},{"floor":43.0,"key":"Replay:PocketPolymizer"},{"floor":45.0,"key":"Mirror"},{"floor":51,"key":"infinitespire:Lucky Rock"},{"floor":51,"key":"hubris:DisguiseKit"},{"floor":51,"key":"StoneCalendar"},{"floor":54,"key":"Ring of Searing"},{"floor":54,"key":"Ring of Misfortune"},{"floor":57,"key":"HornCleat"},{"floor":60,"key":"Blood Vial"},{"floor":61,"key":"hubris:CuriousFeather"},{"floor":66,"key":"infinitespire:Eraser"},{"floor":73,"key":"Replay:Arrowhead"},{"floor":73,"key":"Lantern"},{"floor":73,"key":"Chemical X"},{"floor":74,"key":"hubris:MysteriousPyramids"},{"floor":75,"key":"Oddly Smooth Stone"},{"floor":77,"key":"Eternal Feather"},{"floor":79,"key":"Replay:Bandana"},{"floor":90,"key":"hubris:64BitClover"},{"floor":91,"key":"infinitespire:Golems Mask"},{"floor":93,"key":"Bag of Preparation"},{"floor":95,"key":"conspire:Dentures"},{"floor":96,"key":"ReplayFunnel"},{"floor":97,"key":"hubris:PeanutButter"},{"floor":108,"key":"ReplayTheSpireMod:TigerMarble"},{"floor":113,"key":"hubris:TenFootPole"},{"floor":115,"key":"hubris:ChampionShield"},{"floor":120,"key":"Whetstone"},{"floor":121,"key":"Omamori"},{"floor":126,"key":"hubris:SlimyHat"},{"floor":129,"key":"Prayer Wheel"},{"floor":131,"key":"Turnip"},{"floor":132,"key":"CeramicFish"},{"floor":134,"key":"Replay:Rubber Ducky"},{"floor":136,"key":"Replay:Bottled Steam"},{"floor":141,"key":"Toy Ornithopter"},{"floor":146,"key":"Unceasing Top"},{"floor":147,"key":"ReplayTheSpireMod:Lightbulb"},{"floor":148,"key":"Pet Ghost"},{"floor":149,"key":"Centennial Puzzle"},{"floor":150,"key":"Gremlin Horn"},{"floor":151,"key":"infinitespire:Joker Card"},{"floor":153,"key":"Bag of Marbles"},{"floor":155,"key":"Pen Nib"},{"floor":160,"key":"conspire:TopHat"}],"event_choices":[{"damage_healed":0.0,"max_hp_gain":0.0,"max_hp_loss":0.0,"gold_gain":0.0,"event_name":"betterThird:BetterScrap","player_choice":"Relic ","floor":4.0,"gold_loss":0.0,"damage_taken":11.0,"cards_obtained":["ReplayGash"]},{"damage_healed":0.0,"max_hp_gain":5.0,"max_hp_loss":0.0,"gold_gain":0.0,"event_name":"Big Fish","player_choice":"Donut","floor":7.0,"gold_loss":0.0,"damage_taken":0.0},{"damage_healed":0.0,"max_hp_gain":0.0,"max_hp_loss":0.0,"gold_gain":0.0,"cards_transformed":["Life Link"],"event_name":"Transmorgrifier","player_choice":"Transformed","floor":36.0,"gold_loss":0.0,"damage_taken":0.0,"cards_obtained":["Iron Wave"]},{"damage_healed":0,"gold_gain":0,"player_choice":"Agree","damage_taken":0,"max_hp_gain":0,"max_hp_loss":0,"event_name":"conspire:LoneGhost","floor":53,"gold_loss":0},{"cards_removed":["ReplayTheSpireMod:Strike From Hell"],"damage_healed":0,"gold_gain":0,"player_choice":"Forget","damage_taken":0,"max_hp_gain":0,"max_hp_loss":0,"event_name":"Living Wall","floor":55,"gold_loss":0},{"cards_removed":["Evolve"],"damage_healed":0,"gold_gain":0,"player_choice":"Offered Uncommon","damage_taken":0,"max_hp_gain":0,"max_hp_loss":0,"event_name":"Bonfire Elementals","floor":62,"gold_loss":0},{"damage_healed":0,"gold_gain":0,"player_choice":"Punched","damage_taken":5,"max_hp_gain":0,"max_hp_loss":0,"event_name":"Designer","floor":70,"gold_loss":0},{"cards_removed":["Warcry"],"damage_healed":0,"gold_gain":0,"player_choice":"Card Removal","damage_taken":0,"max_hp_gain":0,"max_hp_loss":0,"event_name":"Wheel of Change","floor":85,"gold_loss":0},{"damage_healed":0,"gold_gain":0,"player_choice":"Fight","damage_taken":0,"max_hp_gain":0,"max_hp_loss":0,"event_name":"MindBloom","floor":90,"gold_loss":0},{"damage_healed":0,"gold_gain":0,"player_choice":"Fight","damage_taken":0,"max_hp_gain":0,"max_hp_loss":0,"event_name":"Mysterious Sphere","floor":91,"gold_loss":0},{"cards_removed":["Amnesia"],"damage_healed":0,"gold_gain":0,"player_choice":"Purged","damage_taken":0,"max_hp_gain":0,"max_hp_loss":0,"event_name":"Purifier","floor":98,"gold_loss":0},{"cards_removed":["Shrug It Off"],"damage_healed":0,"gold_gain":0,"player_choice":"Removed Skill","damage_taken":0,"max_hp_gain":0,"max_hp_loss":0,"event_name":"Falling","floor":101,"gold_loss":0},{"damage_healed":0,"gold_gain":0,"player_choice":"Donut","damage_taken":0,"max_hp_gain":5,"max_hp_loss":0,"event_name":"Big Fish","floor":106,"gold_loss":0},{"damage_healed":0,"gold_gain":50,"player_choice":"Pray","damage_taken":0,"max_hp_gain":0,"max_hp_loss":0,"event_name":"Golden Shrine","floor":107,"gold_loss":0},{"damage_healed":0,"gold_gain":0,"player_choice":"Ignored","damage_taken":1172,"max_hp_gain":0,"max_hp_loss":0,"event_name":"betterThird:BetterSerpent","floor":118,"gold_loss":0},{"damage_healed":0,"gold_gain":0,"player_choice":"Forge","damage_taken":0,"max_hp_gain":0,"max_hp_loss":0,"event_name":"Accursed Blacksmith","floor":127,"gold_loss":0,"cards_upgraded":["hubris:InfiniteBlow"]}],"is_beta":true,"boss_relics":[{"not_picked":["hubris:ScarierMask","Replay:Wanted Poster"],"picked":"Empty Cage"},{"not_picked":["Tiny House","ReplayTheSpireMod:SealedPack"],"picked":"SlaversCollar"},{"not_picked":["Replay:Fungal Core","Velvet Choker"],"picked":"Calling Bell"},{"not_picked":["Mark of Pain","ChewingGum"],"picked":"Kintsugi"},{"not_picked":["Cursed Key","SacredBark"],"picked":"hubris:Backtick"},{"not_picked":["Ring of Chaos","conspire:SlowCooker","conspire:RunicOctahedron"]},{"not_picked":["ReplayTheSpireMod:DimensionalGlitch","Mark of Pain"],"picked":"Runic Cube"},{"not_picked":["Runic Dome","Fusion Hammer"],"picked":"SacredBark"},{"not_picked":["hubris:VirtuousBlindfold","ReplayTheSpireMod:SealedPack"],"picked":"Busted Crown"}],"items_purged_floors":[22,37,38,47],"is_endless":true,"potions_floor_spawned":[2,8,11,18,25,28,33,39,41,46,56,57,58,59,69,71,72,79,84,88,95,97,99,100,108,117,119,120,126,128,131,135,137,142,144,147,154,156,160],"ascension_level":16}}