{"host":"0u21swshytqr30ym","time":1610039508,"event":{"mods":["2.2 Compatiblity","Act Like it!","BaseMod","Better Third Choice","ChefMod","Colored Map","Conspire","Hallownest","Hermit","Minty Spire (QoL Compilation)","Rare Cards Sparkle","StSLib","The Bug Knight","The Spell Scribe","Wandering Minibosses"],"gold_per_floor":[111,111,62,82,82,82,95,121,121,121,135,135,151,195,195,298,298,318,318,339,339,53,53,97,97,97,117,117,226,75,175,175,175,175],"floor_reached":33,"playtime":2204,"items_purged":["HollowMod:QuickDashStart"],"score":296,"play_id":"0cb4ab0b-609b-47be-9fd6-221f9d0d9e45","local_time":"20210107151148","is_ascension_mode":true,"campfire_choices":[{"data":"HollowMod:DashSlash","floor":6,"key":"SMITH"},{"data":"HollowMod:SoulSplash","floor":10,"key":"SMITH"},{"data":"HollowMod:QuirrelsAssistance","floor":12,"key":"SMITH"},{"data":"HollowMod:VengefulSpirit","floor":15,"key":"SMITH"},{"data":"HollowMod:MantisMark","floor":23,"key":"SMITH"},{"data":"HollowMod:SlysStrikes","floor":25,"key":"SMITH"},{"data":"HollowMod:CycloneSlash","floor":32,"key":"SMITH"}],"circlet_count":0,"master_deck":["HollowMod:NailStrikeStart","HollowMod:NailStrikeStart","HollowMod:NailStrikeStart","HollowMod:NailStrikeStart","HollowMod:QuickDashStart","HollowMod:QuickDashStart","HollowMod:FocusHealStart","HollowMod:PogoStrike","HollowMod:DashSlash+1","HollowMod:SharpenedNail","HollowMod:HowlingWraiths","HollowMod:MonomonsArchive","HollowMod:SoulSplash+1","HollowMod:QuirrelsAssistance+1","HollowMod:VengefulSpirit+1","HollowMod:QuirrelsAssistance","HollowMod:DashSlash+1","HollowMod:PerfectDash+1","HollowMod:MantisMark+1","HollowMod:SlysStrikes+1","HollowMod:CycloneSlash+1"],"relics":["HollowMod:VesselMask","Ginger","Hallownest:DreamNailRelic","FossilizedHelix","Bottled Lightning","CeramicFish","conspire:RoyalGoblet","MutagenicStrength","HandDrill","Letter Opener","White Beast Statue","Nilry\u0027s Codex","Calipers","Pear","Juzu Bracelet"],"acts_visited":["Hallownest:Greenpath","TheCity"],"potions_floor_usage":[13,18,18,29,33],"damage_taken":[{"damage":3,"enemies":"Hallownest:2_Baldur","floor":1,"turns":4},{"damage":0,"enemies":"Hallownest:2_MossCreeps","floor":4,"turns":6},{"damage":0,"enemies":"2_ Uuma","floor":7,"turns":5},{"damage":8,"enemies":"Hallownest:eliteMossKnight","floor":8,"turns":8},{"damage":0,"enemies":"Hallownest:monsterFoolEater","floor":11,"turns":4},{"damage":1,"enemies":"Hallownest:2_Tiktiks_1_Baldur_1_Crawlid","floor":13,"turns":4},{"damage":3,"enemies":"Hallownest:eliteVengeflyKing","floor":14,"turns":6},{"damage":55,"enemies":"Hallownest:BossBrokenVessel","floor":16,"turns":13},{"damage":10,"enemies":"3 Byrds","floor":18,"turns":5},{"damage":0,"enemies":"Shell Parasite","floor":20,"turns":5},{"damage":3,"enemies":"HollowMod:Nosk","floor":24,"turns":5},{"damage":16,"enemies":"Snake Plant","floor":27,"turns":3},{"damage":1,"enemies":"Colosseum Slavers","floor":29,"turns":3},{"damage":11,"enemies":"Colosseum Nobs","floor":29,"turns":5},{"damage":45,"enemies":"Automaton","floor":33,"turns":8}],"seed_played":"4732281101247545136","potions_obtained":[{"floor":1,"key":"EssenceOfSteel"},{"floor":8,"key":"Weak Potion"},{"floor":14,"key":"Dexterity Potion"},{"floor":16,"key":"SkillPotion"},{"floor":27,"key":"SkillPotion"},{"floor":29,"key":"PowerPotion"}],"is_trial":false,"path_per_floor":["M","?","$","M","?","R","M","E","T","R","M","R","M","E","R","B",null,"M","?","M","?","$","R","E","R","T","M","?","?","$","?","R","B"],"character_chosen":"THE_BUGKNIGHT","items_purchased":["HollowMod:SharpenedNail","HandDrill","HollowMod:MantisMark","Juzu Bracelet"],"campfire_rested":0,"item_purchase_floors":[3,22,22,30],"current_hp_per_floor":[51,51,51,63,63,63,73,67,67,67,73,73,72,69,69,14,75,65,65,65,65,65,65,68,68,68,52,36,34,34,34,34,0,0],"gold":175,"neow_bonus":"ONE_RARE_RELIC","is_daily":false,"chose_seed":false,"campfire_upgraded":7,"win_rate":0.0,"timestamp":1610039508,"path_taken":["M","?","$","?","?","R","M","E","T","R","M","R","M","E","R","BOSS","M","?","M","?","$","R","E","R","T","?","?","?","?","?","R","BOSS"],"items_purchased_type":["Card","Relic","Card","Relic"],"build_version":"2020-12-22","purchased_purges":1,"victory":false,"max_hp_per_floor":[75,75,75,75,75,75,75,75,75,75,75,75,75,75,75,75,75,75,75,75,75,75,75,75,75,75,75,75,85,85,85,85,85,85],"card_choices":[{"not_picked":["HollowMod:VengefulSpirit","HollowMod:SiblingsShadow"],"picked":"HollowMod:DashSlash","floor":1},{"not_picked":["HollowMod:HuntersJournal","HollowMod:CloakDash"],"picked":"HollowMod:HowlingWraiths","floor":4},{"not_picked":["HollowMod:NewJinnsSoul","HollowMod:HuntersJournal"],"picked":"HollowMod:MonomonsArchive","floor":7},{"not_picked":["HollowMod:InfectedAttack","HollowMod:MothsMistake"],"picked":"HollowMod:SoulSplash","floor":8},{"not_picked":["HollowMod:BaldurShell","HollowMod:GoodIntentions"],"picked":"HollowMod:QuirrelsAssistance","floor":11},{"not_picked":["HollowMod:CoiledNail","HollowMod:InfectedAttack"],"picked":"HollowMod:VengefulSpirit","floor":13},{"not_picked":["HollowMod:NewInfectedGuardian","HollowMod:InfectedAttack"],"picked":"HollowMod:QuirrelsAssistance","floor":14},{"not_picked":["HollowMod:MonarchWings+1","HollowMod:SharpenedShadows+1"],"picked":"HollowMod:DashSlash+1","floor":18},{"not_picked":["HollowMod:VengefulVoid+1","HollowMod:SoulSplash"],"picked":"HollowMod:PerfectDash+1","floor":20},{"not_picked":["HollowMod:ShadowDash","HollowMod:BlackTendrils"],"picked":"HollowMod:SlysStrikes","floor":24},{"not_picked":["HollowMod:SharpenedNail","HollowMod:TaintedHusks+1","HollowMod:HeavyBlow+1"],"picked":"SKIP","floor":27},{"not_picked":["HollowMod:VengefulVoid","HollowMod:Grubsong"],"picked":"HollowMod:CycloneSlash","floor":29}],"player_experience":351964,"relics_obtained":[{"floor":8,"key":"FossilizedHelix"},{"floor":9,"key":"Bottled Lightning"},{"floor":14,"key":"CeramicFish"},{"floor":24,"key":"Letter Opener"},{"floor":26,"key":"White Beast Statue"},{"floor":28,"key":"Nilry\u0027s Codex"},{"floor":29,"key":"Calipers"},{"floor":29,"key":"Pear"}],"event_choices":[{"damage_healed":0,"gold_gain":0,"player_choice":"Inject Mutagens","damage_taken":0,"relics_obtained":["MutagenicStrength"],"max_hp_gain":0,"max_hp_loss":0,"event_name":"Drug Dealer","floor":19,"gold_loss":0},{"cards_removed":["HollowMod:QuickDashStart"],"damage_healed":0,"gold_gain":0,"player_choice":"Card Removal","damage_taken":0,"max_hp_gain":0,"max_hp_loss":0,"event_name":"Wheel of Change","floor":21,"gold_loss":0},{"damage_healed":0,"gold_gain":0,"player_choice":"Obtained Book","damage_taken":16,"max_hp_gain":0,"max_hp_loss":0,"event_name":"Cursed Tome","floor":28,"gold_loss":0},{"damage_healed":0,"gold_gain":0,"player_choice":"Fight","damage_taken":0,"max_hp_gain":0,"max_hp_loss":0,"event_name":"Colosseum","floor":29,"gold_loss":0},{"damage_healed":0,"gold_gain":0,"player_choice":"Fought Nobs","damage_taken":0,"max_hp_gain":0,"max_hp_loss":0,"event_name":"Colosseum","floor":29,"gold_loss":0},{"damage_healed":0,"gold_gain":100,"player_choice":"Pray","damage_taken":0,"max_hp_gain":0,"max_hp_loss":0,"event_name":"Golden Shrine","floor":31,"gold_loss":0}],"is_beta":false,"boss_relics":[{"not_picked":["Runic Dome","Velvet Choker"],"picked":"conspire:RoyalGoblet"}],"items_purged_floors":[22],"is_endless":false,"potions_floor_spawned":[1,8,14,16,27,29,29],"killed_by":"Automaton","ascension_level":2}}