{"host":"2he95iptrbxkejc1","time":1610021190,"event":{"mods":["AchievementEnabler","BaseMod","Colored Powertips","Downfall","Hermit","Infinite Spire","Marisa????????","Minty Spire (QoL Compilation)","Random Character Mod","Replay The Spire","StSLib","Td1madao Mod","The Cursed","The Disciple","The Hierophant","The Marked","The Mystic","The Necromancer","The Poker Player","The Runesmith","The Servant 0.9.4"],"gold_per_floor":[99,99,99,99,99,99,99,99],"floor_reached":6,"playtime":338,"items_purged":[],"score":30,"play_id":"2d4b37f9-3066-45d1-be3e-eb3d35129fb3","local_time":"20210107120630","is_ascension_mode":false,"campfire_choices":[{"floor":1,"key":"RECALL"}],"circlet_count":0,"master_deck":["hexamod:Strike","hexamod:Strike","hexamod:Strike","hexamod:Strike","hexamod:Defend","hexamod:Defend","hexamod:Defend","hexamod:Defend","hexamod:Sear","hexamod:Float","hexamod:AdvancingGuard","hexamod:Hexaguard"],"relics":["hexamod:SpiritBrand","downfall:HeartsMalice","Du-Vu Doll"],"acts_visited":["Exordium"],"potions_floor_usage":[],"damage_taken":[{"damage":0,"enemies":"Jaw Worm","floor":2,"turns":1},{"damage":0,"enemies":"Cultist","floor":3,"turns":1},{"damage":0,"enemies":"2 Louse","floor":4,"turns":1},{"damage":37,"enemies":"3 Sentries","floor":6,"turns":8}],"seed_played":"1341873626302284894","potions_obtained":[],"is_trial":false,"path_per_floor":["R","M","M","M","?","E"],"character_chosen":"THE_SPIRIT","items_purchased":[],"campfire_rested":0,"item_purchase_floors":[],"current_hp_per_floor":[70,70,70,70,37,0,0,0],"gold":99,"neow_bonus":"THREE_ENEMY_KILL","is_daily":false,"chose_seed":false,"campfire_upgraded":0,"win_rate":0.0,"timestamp":1610021190,"path_taken":["R","M","M","M","?","E"],"items_purchased_type":[],"build_version":"2020-12-22","purchased_purges":0,"victory":false,"max_hp_per_floor":[70,70,70,70,70,70,70,70],"card_choices":[{"not_picked":["hexamod:HauntingEcho","hexamod:GhostLash","hexamod:ExtraCrispy"],"picked":"SKIP","floor":2},{"not_picked":["hexamod:InspiringFlames","hexamod:Haunt"],"picked":"hexamod:AdvancingGuard","floor":3},{"not_picked":["hexamod:ChargedBarrage","hexamod:ExtraCrispy"],"picked":"hexamod:Hexaguard","floor":4}],"player_experience":82905,"relics_obtained":[],"event_choices":[{"damage_healed":0,"gold_gain":0,"player_choice":"Success","damage_taken":33,"relics_obtained":["Du-Vu Doll"],"max_hp_gain":0,"max_hp_loss":0,"event_name":"Scrap Ooze","floor":5,"gold_loss":0}],"is_beta":false,"boss_relics":[],"items_purged_floors":[],"is_endless":false,"potions_floor_spawned":[],"killed_by":"3 Sentries","ascension_level":0}}