{"host":"9d9dhukr2jywmy0f","time":1610001336,"event":{"mods":["2.2 Compatiblity","Alarm Clock","BaseMod","Bestiary","Block Reminder","Colored Map","Colored Powertips","Curses Come First","DeckTracker","Highlight Path","Key Reminder","Keyboard Shortcuts","Minty Spire (QoL Compilation)","Quick Restart","Rare Cards Sparkle","Relic Sorter","Relic Stats","Spire Birthday Party","StSLib","SuperFastMode","Synergy Search","The Blackbeard","Unceasing Turn Reminder","Unknown Chances"],"gold_per_floor":[114,114,132,147,72,72,372,372,396,414,444,458,485,503,503,600,600,617,436,436,461,336,336,392,392,419,452,50,95,152,181,181,309,309,343,343,13,55,97,97,142,142,142,177,277,288,343,383,383,413,413,413,4,64,94],"floor_reached":56,"playtime":3271,"items_purged":["blackbeard:BlackbeardStrike","blackbeard:BlackbeardStrike","blackbeard:BlackbeardDefend","blackbeard:BlackbeardDefend","blackbeard:BlackbeardDefend","blackbeard:BlackbeardStrike"],"score":1329,"play_id":"6a212eff-75cf-4a18-ba7a-af8c908befd7","local_time":"20210107143536","is_ascension_mode":false,"campfire_choices":[{"data":"blackbeard:Cutlass","floor":6.0,"key":"SMITH"},{"data":"blackbeard:BeatUp","floor":8.0,"key":"SMITH"},{"data":"blackbeard:CatONineTails","floor":15.0,"key":"SMITH"},{"data":"blackbeard:Bandana","floor":23.0,"key":"SMITH"},{"data":"blackbeard:WeaponMastery","floor":25.0,"key":"SMITH"},{"data":"blackbeard:PiratesWill","floor":32.0,"key":"SMITH"},{"data":"blackbeard:Salvager","floor":40,"key":"SMITH"},{"data":"blackbeard:SwordDance","floor":42,"key":"SMITH"},{"floor":49,"key":"RECALL"},{"data":"blackbeard:Spear","floor":52,"key":"SMITH"}],"circlet_count":0,"master_deck":["blackbeard:BlackbeardStrike+1","blackbeard:IntimidatingStrike+1","blackbeard:BlackbeardDefend","blackbeard:Cutlass+1","blackbeard:BeatUp+1","blackbeard:DelayedPain","blackbeard:PiratesWill+1","blackbeard:CatONineTails+1","blackbeard:SwordDance+1","blackbeard:WeaponMastery+1","blackbeard:Spear+1","blackbeard:Bandana+1","blackbeard:DelayedPain","blackbeard:Fencing+1","blackbeard:DeadlyArsenal","blackbeard:AgileStrike+1","blackbeard:Salvager+1","blackbeard:WiseDefense+1","blackbeard:GoldenDefense+1","blackbeard:GoldenRain+1","blackbeard:PiratesWill+1","blackbeard:PiratesWill+1","blackbeard:AgileStrike+1","blackbeard:AgileStrike+1","blackbeard:Spear"],"relics":["blackbeard:LoadTheCannons","NeowsBlessing","Old Coin","Pen Nib","Kunai","Bag of Preparation","Runic Dome","Enchiridion","Whetstone","blackbeard:Penknife","Molten Egg 2","Pear","SlaversCollar","Torii","Medical Kit","Pantograph","The Courier","Lantern"],"acts_visited":["Exordium","TheCity","TheBeyond","TheEnding"],"potions_floor_usage":[47,55,55,55],"damage_taken":[{"damage":0.0,"enemies":"Cultist","floor":1.0,"turns":1.0},{"damage":0.0,"enemies":"Small Slimes","floor":3.0,"turns":1.0},{"damage":0.0,"enemies":"2 Louse","floor":4.0,"turns":1.0},{"damage":1.0,"enemies":"Exordium Thugs","floor":10.0,"turns":4.0},{"damage":0.0,"enemies":"Lagavulin","floor":11.0,"turns":7.0},{"damage":1.0,"enemies":"Exordium Wildlife","floor":12.0,"turns":3.0},{"damage":5.0,"enemies":"3 Sentries","floor":13.0,"turns":7.0},{"damage":3.0,"enemies":"Red Slaver","floor":14.0,"turns":3.0},{"damage":25.0,"enemies":"Slime Boss","floor":16.0,"turns":9.0},{"damage":7.0,"enemies":"2 Thieves","floor":18.0,"turns":4.0},{"damage":12.0,"enemies":"Book of Stabbing","floor":24.0,"turns":4.0},{"damage":0.0,"enemies":"Shell Parasite","floor":27.0,"turns":4.0},{"damage":0.0,"enemies":"Centurion and Healer","floor":29.0,"turns":3.0},{"damage":5.0,"enemies":"Gremlin Leader","floor":30.0,"turns":4.0},{"damage":0.0,"enemies":"Snake Plant","floor":31.0,"turns":2.0},{"damage":6.0,"enemies":"Automaton","floor":33.0,"turns":5.0},{"damage":0.0,"enemies":"Orb Walker","floor":35.0,"turns":2.0},{"damage":0.0,"enemies":"3 Darklings","floor":38.0,"turns":4.0},{"damage":9.0,"enemies":"Spire Growth","floor":39.0,"turns":2.0},{"damage":1,"enemies":"Maw","floor":41,"turns":4},{"damage":1,"enemies":"Jaw Worm Horde","floor":44,"turns":3},{"damage":0,"enemies":"Sphere and 2 Shapes","floor":46,"turns":2},{"damage":0,"enemies":"Reptomancer","floor":47,"turns":3},{"damage":0,"enemies":"Spire Growth","floor":48,"turns":4},{"damage":15,"enemies":"Awakened One","floor":50,"turns":5},{"damage":0,"enemies":"Shield and Spear","floor":54,"turns":2},{"damage":7,"enemies":"The Heart","floor":55,"turns":4}],"seed_played":"835662989329497044","potions_obtained":[{"floor":1.0,"key":"BlessingOfTheForge"},{"floor":11.0,"key":"SteroidPotion"},{"floor":12.0,"key":"CultistPotion"},{"floor":16.0,"key":"Strength Potion"},{"floor":24.0,"key":"blackbeard:RumPotion"},{"floor":30.0,"key":"LiquidMemories"},{"floor":44,"key":"DistilledChaos"}],"is_trial":false,"path_per_floor":["M","?","M","M","$","R","?","R","T","M","E","M","E","M","R","B",null,"M","$","?","T","$","R","E","R","T","M","$","M","E","M","R","B",null,"M","T","$","M","M","R","M","R","T","M","?","M","E","M","R","B",null,"R","$","E","B",null],"character_chosen":"BLACKBEARD_CLASS","items_purchased":["blackbeard:Bandana","Molten Egg 2","Medical Kit","blackbeard:AgileStrike+1","blackbeard:AgileStrike+1","Lantern","Swift Potion"],"campfire_rested":0,"item_purchase_floors":[19,28,37,53,53,53,53],"current_hp_per_floor":[75,75,75,75,75,75,72,72,72,71,71,70,65,62,62,37,75,68,68,52,52,52,52,40,40,40,40,40,40,45,45,45,39,85,85,85,85,85,76,76,75,75,75,74,74,74,74,74,74,70,85,85,85,85,78],"gold":94,"neow_bonus":"THREE_ENEMY_KILL","is_daily":false,"chose_seed":false,"campfire_upgraded":9,"win_rate":0.0,"timestamp":1610001336,"path_taken":["M","?","?","M","$","R","?","R","T","M","E","M","E","M","R","BOSS","M","$","?","?","?","R","E","R","T","M","$","M","E","M","R","BOSS","M","?","$","M","M","R","M","R","T","M","?","?","E","M","R","BOSS","R","$","E","BOSS"],"items_purchased_type":["Card","Relic","Relic","Card","Card","Relic","Potion"],"build_version":"2020-11-30","purchased_purges":6,"victory":true,"max_hp_per_floor":[75,75,75,75,75,75,75,75,75,75,75,75,75,75,75,75,75,75,75,75,75,75,75,75,75,75,75,75,75,85,85,85,85,85,85,85,85,85,85,85,85,85,85,85,85,85,85,85,85,85,85,85,85,85,85],"relic_stats":{"Torii":7,"counters":[27,97],"Pantograph":11,"Pen Nib":[20],"Bag of Preparation":[40],"Kunai":[29],"Whetstone":["blackbeard:IntimidatingStrike","blackbeard:BlackbeardStrike"],"Medical Kit":[2],"obtain_stats":[{"Lantern":53,"Pear":30,"NeowsBlessing":0,"blackbeard:Penknife":24,"Torii":36,"blackbeard:LoadTheCannons":0,"Enchiridion":20,"Pen Nib":9,"The Courier":47,"Bag of Preparation":13,"Whetstone":21,"Medical Kit":37,"Old Coin":7,"keyreminder:keyreminder":24,"Runic Dome":17,"SlaversCollar":34,"Pantograph":43,"Molten Egg 2":28,"Kunai":11},{"Lantern":25,"Pear":14,"NeowsBlessing":0,"blackbeard:Penknife":11,"Torii":17,"blackbeard:LoadTheCannons":0,"Enchiridion":10,"Pen Nib":3,"The Courier":23,"Bag of Preparation":7,"Whetstone":10,"Medical Kit":17,"Old Coin":3,"keyreminder:keyreminder":11,"Runic Dome":9,"SlaversCollar":16,"Pantograph":20,"Molten Egg 2":12,"Kunai":5},{"Lantern":91,"Pear":55,"NeowsBlessing":0,"blackbeard:Penknife":44,"Torii":64,"blackbeard:LoadTheCannons":0,"Enchiridion":40,"Pen Nib":3,"The Courier":82,"Bag of Preparation":24,"Whetstone":40,"Medical Kit":64,"Old Coin":3,"keyreminder:keyreminder":44,"Runic Dome":36,"SlaversCollar":62,"Pantograph":74,"Molten Egg 2":48,"Kunai":14}]},"card_choices":[{"not_picked":["blackbeard:Scrap","blackbeard:ArmorUp"],"picked":"blackbeard:BeatUp","floor":1.0},{"not_picked":["blackbeard:WiseDefense","blackbeard:Sharpening","blackbeard:DoubleCannonball"],"picked":"SKIP","floor":3.0},{"not_picked":["blackbeard:JollyRoger","blackbeard:GoldenDefense","blackbeard:CannonBarrage"],"picked":"SKIP","floor":4.0},{"not_picked":["blackbeard:Shrapnel","blackbeard:Fencing"],"picked":"blackbeard:DelayedPain","floor":10.0},{"not_picked":["blackbeard:WiseDefense","blackbeard:Recklessness"],"picked":"blackbeard:PiratesWill","floor":11.0},{"not_picked":["blackbeard:GoldenDefense","blackbeard:Rum"],"picked":"blackbeard:CatONineTails","floor":12.0},{"not_picked":["blackbeard:PiratesWill","blackbeard:WiseDefense"],"picked":"blackbeard:SwordDance","floor":13.0},{"not_picked":["blackbeard:ReapersScythe","blackbeard:Upgrade","blackbeard:TacticalRetreat"],"picked":"SKIP","floor":14.0},{"not_picked":["blackbeard:BoostMorale","blackbeard:PirateStrength"],"picked":"blackbeard:WeaponMastery","floor":16.0},{"not_picked":["blackbeard:Scrap","blackbeard:Fencing"],"picked":"blackbeard:Spear","floor":18.0},{"not_picked":["blackbeard:DoubleCannonball","blackbeard:Sharpening"],"picked":"blackbeard:DelayedPain","floor":24.0},{"not_picked":["blackbeard:GoldenStrike+1","blackbeard:ReapersScythe"],"picked":"blackbeard:Fencing+1","floor":27.0},{"not_picked":["blackbeard:SwordDance","blackbeard:CatONineTails"],"picked":"blackbeard:DeadlyArsenal","floor":29.0},{"not_picked":["blackbeard:PiratesWill","blackbeard:Lifeboat","blackbeard:Sharpening"],"picked":"SKIP","floor":30.0},{"not_picked":["blackbeard:CloakAndCannonball","blackbeard:FishingNets"],"picked":"blackbeard:AgileStrike+1","floor":31.0},{"not_picked":["blackbeard:BountyHunter+1","blackbeard:UndeadForm"],"picked":"blackbeard:Salvager","floor":33.0},{"not_picked":["blackbeard:Anchor","blackbeard:TacticalRetreat+1"],"picked":"blackbeard:WiseDefense+1","floor":35.0},{"not_picked":["blackbeard:PirateHook+1","blackbeard:WiseDefense"],"picked":"blackbeard:GoldenDefense+1","floor":38.0},{"not_picked":["blackbeard:Fencing","blackbeard:WeaponProficiency","blackbeard:FieryDefense"],"picked":"SKIP","floor":39},{"not_picked":["blackbeard:Revenge+1","blackbeard:Toast+1","blackbeard:WeaponProficiency+1"],"picked":"SKIP","floor":41},{"not_picked":["blackbeard:RearmingStrike+1","blackbeard:BeatUp+1"],"picked":"blackbeard:GoldenRain+1","floor":44},{"not_picked":["blackbeard:DelayedPain+1","blackbeard:Toast"],"picked":"blackbeard:PiratesWill+1","floor":46},{"not_picked":["blackbeard:Murder+1","blackbeard:PowderKeg","blackbeard:Upgrade+1"],"picked":"SKIP","floor":47},{"not_picked":["blackbeard:BlindAttacks+1","blackbeard:ChaoticDefense"],"picked":"blackbeard:PiratesWill+1","floor":48},{"not_picked":["blackbeard:Dagger","blackbeard:BeatUp+1"],"picked":"blackbeard:Spear","floor":54}],"player_experience":792608,"relics_obtained":[{"floor":9.0,"key":"Pen Nib"},{"floor":11.0,"key":"Kunai"},{"floor":13.0,"key":"Bag of Preparation"},{"floor":20.0,"key":"Enchiridion"},{"floor":21.0,"key":"Whetstone"},{"floor":24.0,"key":"blackbeard:Penknife"},{"floor":30.0,"key":"Pear"},{"floor":36.0,"key":"Torii"},{"floor":43,"key":"Pantograph"},{"floor":47,"key":"The Courier"}],"event_choices":[{"damage_healed":0.0,"max_hp_gain":0.0,"max_hp_loss":0.0,"gold_gain":0.0,"event_name":"Transmorgrifier","player_choice":"Ignored","floor":2.0,"gold_loss":0.0,"damage_taken":0.0},{"damage_healed":0.0,"max_hp_gain":0.0,"max_hp_loss":0.0,"gold_gain":0.0,"event_name":"Scrap Ooze","player_choice":"Success","floor":7.0,"gold_loss":0.0,"damage_taken":3.0,"relics_obtained":["Old Coin"]},{"damage_healed":0.0,"max_hp_gain":0.0,"max_hp_loss":0.0,"gold_gain":0.0,"event_name":"Cursed Tome","player_choice":"Obtained Book","floor":20.0,"gold_loss":0.0,"damage_taken":16.0},{"damage_healed":0,"gold_gain":100,"player_choice":"Pray","damage_taken":0,"max_hp_gain":0,"max_hp_loss":0,"event_name":"Golden Shrine","floor":45,"gold_loss":0}],"is_beta":false,"boss_relics":[{"not_picked":["Runic Pyramid","SacredBark"],"picked":"Runic Dome"},{"not_picked":["Fusion Hammer","Pandora\u0027s Box"],"picked":"SlaversCollar"}],"items_purged_floors":[5,19,22,28,37,53],"is_endless":false,"potions_floor_spawned":[1,11,12,16,24,27,30,31,35,41,44,46,54],"ascension_level":0}}