{"host":"omv42op7s93bjjql","time":1610057286,"event":{"mods":["BaseMod","Colored Map","Colored Powertips","DeckTracker","Keyboard Shortcuts","Minty Spire (QoL Compilation)","StSLib","SuperFastMode"],"gold_per_floor":[110,110,85,45,58,83,94,94,94,121,121,140,140,165,165,239,239,257,257,182,70,86,121,138,168,168,194,211,33,33,52,52,52,52],"floor_reached":33,"playtime":1075,"items_purged":["Strike_B","Strike_B"],"score":696,"play_id":"66dcc4aa-6a6b-4643-9f38-52fa98647fd1","local_time":"20210108070806","is_ascension_mode":true,"campfire_choices":[{"data":"Coolheaded","floor":8,"key":"SMITH"},{"data":"Biased Cognition","floor":11,"key":"SMITH"},{"floor":13,"key":"REST"},{"data":"Defragment","floor":15,"key":"SMITH"},{"floor":30,"key":"REST"},{"data":"Sunder","floor":32,"key":"SMITH"}],"circlet_count":0,"master_deck":["AscendersBane","Strike_B","Defend_B","Defend_B","Defend_B","Defend_B","Zap","Dualcast","Doom and Gloom","Coolheaded+1","Ball Lightning","Capacitor","Compile Driver","Biased Cognition+1","Skim","Defragment+1","Multi-Cast","Cold Snap","Sunder+1","BootSequence+1","Storm+1","Blizzard","Heatsinks","Chaos"],"relics":["Cracked Core","NeowsBlessing","Pear","Toy Ornithopter","Omamori","Anchor","Snecko Eye","PreservedInsect","StrikeDummy","Peace Pipe","Eternal Feather"],"acts_visited":["Exordium","TheCity"],"potions_floor_usage":[10,14,27,27,33],"damage_taken":[{"damage":0,"enemies":"2 Louse","floor":1,"turns":1},{"damage":0,"enemies":"Cultist","floor":5,"turns":1},{"damage":0,"enemies":"3 Sentries","floor":6,"turns":1},{"damage":2,"enemies":"Jaw Worm","floor":7,"turns":3},{"damage":38,"enemies":"Lagavulin","floor":10,"turns":5},{"damage":14,"enemies":"Exordium Wildlife","floor":12,"turns":3},{"damage":21,"enemies":"Gremlin Nob","floor":14,"turns":4},{"damage":24,"enemies":"Hexaghost","floor":16,"turns":8},{"damage":18,"enemies":"3 Byrds","floor":18,"turns":5},{"damage":10,"enemies":"2 Thieves","floor":22,"turns":4},{"damage":17,"enemies":"Book of Stabbing","floor":23,"turns":5},{"damage":5,"enemies":"Snake Plant","floor":24,"turns":3},{"damage":26,"enemies":"Gremlin Leader","floor":25,"turns":6},{"damage":10,"enemies":"Book of Stabbing","floor":27,"turns":4},{"damage":17,"enemies":"Snecko","floor":28,"turns":6},{"damage":9,"enemies":"Centurion and Healer","floor":31,"turns":7},{"damage":55,"enemies":"Automaton","floor":33,"turns":8}],"seed_played":"-4070472268688547927","potions_obtained":[{"floor":4,"key":"BlessingOfTheForge"},{"floor":4,"key":"FairyPotion"},{"floor":12,"key":"FearPotion"},{"floor":23,"key":"Fire Potion"},{"floor":25,"key":"Fire Potion"},{"floor":27,"key":"Ancient Potion"},{"floor":28,"key":"Dexterity Potion"}],"is_trial":false,"path_per_floor":["M","?","$","?","M","E","M","R","T","E","R","M","R","E","R","B",null,"M","?","?","$","M","E","M","E","T","E","M","$","R","M","R","B"],"character_chosen":"DEFECT","items_purchased":["Coolheaded","Sunder","Heatsinks"],"campfire_rested":2,"item_purchase_floors":[3,21,29],"current_hp_per_floor":[64,69,69,69,69,79,77,77,77,44,44,30,55,39,39,15,68,50,50,50,50,40,23,18,25,25,25,8,8,45,36,48,0,0],"gold":52,"neow_bonus":"THREE_ENEMY_KILL","is_daily":false,"chose_seed":false,"campfire_upgraded":4,"win_rate":0.0,"timestamp":1610057286,"path_taken":["M","?","$","?","?","E","M","R","T","E","R","M","R","E","R","BOSS","M","?","?","$","M","E","M","E","T","E","M","$","R","M","R","BOSS"],"items_purchased_type":["Card","Card","Card"],"build_version":"2020-12-22","purchased_purges":2,"victory":false,"max_hp_per_floor":[71,76,76,76,76,86,86,86,86,86,86,86,86,86,86,86,86,86,86,86,86,86,86,86,86,86,86,86,86,86,86,86,86,86],"card_choices":[{"not_picked":["Streamline","Tempest"],"picked":"Doom and Gloom","floor":1},{"not_picked":["Turbo","Barrage"],"picked":"Ball Lightning","floor":5},{"not_picked":["Coolheaded","Conserve Battery"],"picked":"Capacitor","floor":6},{"not_picked":["Steam","Cold Snap"],"picked":"Compile Driver","floor":7},{"not_picked":["Rip and Tear","Ball Lightning"],"picked":"Biased Cognition","floor":10},{"not_picked":["Steam","Beam Cell"],"picked":"Skim","floor":12},{"not_picked":["Double Energy","Stack"],"picked":"Defragment","floor":14},{"not_picked":["Amplify","All For One"],"picked":"Multi-Cast","floor":16},{"not_picked":["Ball Lightning+1","Sweeping Beam"],"picked":"Cold Snap","floor":18},{"not_picked":["Rebound+1","Stack+1","Ball Lightning+1"],"picked":"SKIP","floor":22},{"not_picked":["Fission","Compile Driver"],"picked":"BootSequence+1","floor":23},{"not_picked":["Steam","Compile Driver","Redo"],"picked":"SKIP","floor":24},{"not_picked":["Steam","Compile Driver","Coolheaded"],"picked":"SKIP","floor":25},{"not_picked":["Hologram","Machine Learning"],"picked":"Storm+1","floor":27},{"not_picked":["Conserve Battery","Barrage"],"picked":"Blizzard","floor":28},{"not_picked":["Genetic Algorithm","Hologram"],"picked":"Chaos","floor":31}],"player_experience":852888,"relics_obtained":[{"floor":6,"key":"Pear"},{"floor":9,"key":"Toy Ornithopter"},{"floor":10,"key":"Omamori"},{"floor":14,"key":"Anchor"},{"floor":23,"key":"PreservedInsect"},{"floor":25,"key":"StrikeDummy"},{"floor":26,"key":"Peace Pipe"},{"floor":27,"key":"Eternal Feather"}],"event_choices":[{"damage_healed":0,"gold_gain":0,"player_choice":"Donut","damage_taken":0,"max_hp_gain":5,"max_hp_loss":0,"event_name":"Big Fish","floor":2,"gold_loss":0},{"damage_healed":0,"gold_gain":0,"player_choice":"Bought 3 Potions","damage_taken":0,"max_hp_gain":0,"max_hp_loss":0,"event_name":"The Woman in Blue","floor":4,"gold_loss":0},{"damage_healed":0,"gold_gain":0,"player_choice":"Ignored","damage_taken":0,"max_hp_gain":0,"max_hp_loss":0,"event_name":"Ghosts","floor":19,"gold_loss":0},{"cards_removed":["Strike_B"],"damage_healed":0,"gold_gain":0,"player_choice":"Gave Gold","damage_taken":0,"max_hp_gain":0,"max_hp_loss":0,"event_name":"Beggar","floor":20,"gold_loss":75}],"is_beta":false,"boss_relics":[{"not_picked":["Coffee Dripper","Sozu"],"picked":"Snecko Eye"}],"items_purged_floors":[21,29],"is_endless":false,"potions_floor_spawned":[5,7,12,23,25,27,28],"killed_by":"Automaton","ascension_level":20}}