{"host":"o5or1zybx7au40zl","time":1610053537,"event":{"mods":["Act Like it!","BaseMod","Better Third Choice","Conspire","Dota2Spire","Hubris","Minty Spire (QoL Compilation)","Replay The Spire","StSLib"],"gold_per_floor":[112,112,123,123,139,139,174,449,449,449,469,495,511,528,528,627,627,627,627,627,204,204,204,204,204,204,204,204,204,204,204,204],"floor_reached":31,"playtime":975,"items_purged":["Regret"],"score":271,"play_id":"4aaa0b68-4cb2-4d4f-b17b-6a00db22c28d","local_time":"20210107220537","is_ascension_mode":false,"campfire_choices":[{"floor":6,"key":"RECALL"},{"data":"Chill","floor":10,"key":"SMITH"},{"floor":15,"key":"REST"},{"floor":23,"key":"REST"}],"circlet_count":0,"master_deck":["Strike_B","Strike_B","Strike_B","Strike_B","Defend_B","Defend_B","Defend_B","Defend_B","Zap","Dualcast","Blizzard","Glacier+1","Cold Snap","Chill+1","Capacitor","Creative AI","Biased Cognition","Apotheosis","Static Discharge","ReplaySolidLightProjector","Blind","Echo Form","ReplayTheSpireMod:System Scan+1","Time Bomb","conspire:SharedLibrary","Stack+1","Blizzard+1"],"relics":["Cracked Core","NeowsBlessing","Dota2Spire:AghanimScepter","hubris:TenFootPole","Ectoplasm","BargainBundle","Dota2Spire:PhaseBoots","Prayer Wheel","hubris:BottledRain","Du-Vu Doll"],"acts_visited":["Exordium","TheCity"],"potions_floor_usage":[1,31],"damage_taken":[{"damage":0,"enemies":"Jaw Worm","floor":1,"turns":1},{"damage":0,"enemies":"Cultist","floor":3,"turns":1},{"damage":0,"enemies":"Small Slimes","floor":5,"turns":1},{"damage":6,"enemies":"3 Sentries","floor":7,"turns":10},{"damage":3,"enemies":"2 Fungi Beasts","floor":11,"turns":3},{"damage":21,"enemies":"Lagavulin","floor":12,"turns":11},{"damage":2,"enemies":"Exordium Thugs","floor":13,"turns":6},{"damage":4,"enemies":"Lots of Slimes","floor":14,"turns":3},{"damage":18,"enemies":"Slime Boss","floor":16,"turns":6},{"damage":4,"enemies":"3 Byrds","floor":18,"turns":6},{"damage":16,"enemies":"Chosen","floor":20,"turns":8},{"damage":16,"enemies":"Centurion and Healer","floor":22,"turns":7},{"damage":12,"enemies":"Snecko","floor":24,"turns":6},{"damage":14,"enemies":"conspire:HollyBat","floor":25,"turns":7},{"damage":6,"enemies":"conspire:Head Lice","floor":27,"turns":4},{"damage":13,"enemies":"Sentry and Sphere","floor":28,"turns":7},{"damage":9,"enemies":"Centurion and Healer","floor":30,"turns":8},{"damage":9,"enemies":"Shelled Parasite and Fungi","floor":31,"turns":2}],"seed_played":"-1710990185829060545","potions_obtained":[{"floor":1,"key":"Fruit Juice"},{"floor":2,"key":"Toxic Potion"},{"floor":2,"key":"SneckoOil"},{"floor":2,"key":"Regen Potion"},{"floor":16,"key":"DuplicationPotion"},{"floor":20,"key":"PotionOfCapacity"}],"is_trial":false,"path_per_floor":["M","?","M","?","M","R","E","?","T","R","M","E","M","M","R","B",null,"M","?","M","$","M","R","M","M","T","E","M","?","M","M"],"character_chosen":"DEFECT","items_purchased":["BargainBundle","Apotheosis","Dota2Spire:PhaseBoots","Static Discharge","ReplaySolidLightProjector","Ancient Potion","Blind"],"campfire_rested":2,"item_purchase_floors":[21,21,21,21,21,21,21],"current_hp_per_floor":[80,80,80,80,80,80,74,74,74,74,71,50,48,44,68,50,80,76,71,55,55,39,64,52,38,38,32,19,18,9,0,0],"gold":204,"neow_bonus":"THREE_ENEMY_KILL","is_daily":false,"chose_seed":false,"campfire_upgraded":1,"win_rate":0.0,"timestamp":1610053537,"path_taken":["M","?","?","?","M","R","E","?","T","R","?","E","?","M","R","BOSS","M","?","M","$","M","R","M","M","T","E","M","?","?","M"],"items_purchased_type":["Relic","Card","Relic","Card","Card","Potion","Card"],"build_version":"2020-12-22","purchased_purges":1,"victory":false,"max_hp_per_floor":[80,80,80,80,80,80,80,80,80,80,80,80,80,80,80,80,80,80,85,85,85,85,85,85,85,85,85,85,85,85,85,85],"card_choices":[{"not_picked":["Reinforced Body","Rebound"],"picked":"Blizzard","floor":1},{"not_picked":["Skim","Sweeping Beam"],"picked":"Glacier","floor":3},{"not_picked":["ReplayGash","Barrage"],"picked":"Cold Snap","floor":5},{"not_picked":["Meteor Strike","Panic Button"],"picked":"Chill","floor":7},{"not_picked":["Turbo","Redo"],"picked":"Capacitor","floor":11},{"not_picked":["Cold Snap","ReplayTheSpireMod:System Scan"],"picked":"Creative AI","floor":12},{"not_picked":["Rebound","Redo","Conserve Battery"],"picked":"SKIP","floor":13},{"not_picked":["Sweeping Beam","Turbo","Coolheaded"],"picked":"SKIP","floor":14},{"not_picked":["Hyperbeam","ReplayRNGCard"],"picked":"Biased Cognition","floor":16},{"not_picked":["Go for the Eyes+1","Gash","Redo"],"picked":"SKIP","floor":18},{"not_picked":["Stack","Hello World","Compile Driver"],"picked":"SKIP","floor":20},{"not_picked":["hubris:PowerSurge+1","Stack"],"picked":"ReplayTheSpireMod:Fabricate Wheel","floor":22},{"not_picked":["Barrage","Compile Driver"],"picked":"ReplayTheSpireMod:System Scan+1","floor":24},{"not_picked":["Gash","Leap"],"picked":"Time Bomb","floor":24},{"not_picked":["Turbo","ReplayGash+1"],"picked":"conspire:SharedLibrary","floor":25},{"not_picked":["Streamline+1","Hologram","Beam Cell"],"picked":"SKIP","floor":25},{"not_picked":["Darkness+1","Barrage"],"picked":"Stack+1","floor":27},{"not_picked":["Streamline","Reinforced Body+1","Conserve Battery"],"picked":"SKIP","floor":28},{"not_picked":["ReplayTheSpireMod:GoodbyeWorld+1","Redo","Multi-Cast"],"picked":"SKIP","floor":28},{"not_picked":["Gash+1","Fusion"],"picked":"Blizzard+1","floor":30},{"not_picked":["Panic Button","Redo","FTL+1"],"picked":"SKIP","floor":30}],"player_experience":927495,"relics_obtained":[{"floor":7,"key":"Dota2Spire:AghanimScepter"},{"floor":12,"key":"hubris:TenFootPole"},{"floor":26,"key":"hubris:BottledRain"},{"floor":27,"key":"Du-Vu Doll"}],"event_choices":[{"damage_healed":0,"gold_gain":0,"player_choice":"Got Potions","damage_taken":0,"max_hp_gain":0,"max_hp_loss":0,"event_name":"Lab","floor":2,"gold_loss":0},{"damage_healed":0,"gold_gain":275,"player_choice":"Desecrate","damage_taken":0,"max_hp_gain":0,"max_hp_loss":0,"event_name":"Golden Shrine","floor":8,"gold_loss":0,"cards_obtained":["Regret"]},{"damage_healed":0,"gold_gain":0,"player_choice":"Shed Blood","damage_taken":20,"max_hp_gain":5,"max_hp_loss":0,"event_name":"Forgotten Altar","floor":19,"gold_loss":0},{"damage_healed":0,"gold_gain":0,"player_choice":"Punched","damage_taken":3,"max_hp_gain":0,"max_hp_loss":0,"event_name":"Designer","floor":29,"gold_loss":0}],"is_beta":false,"boss_relics":[{"not_picked":["ChewingGum","Velvet Choker"],"picked":"Ectoplasm"}],"items_purged_floors":[21],"is_endless":false,"potions_floor_spawned":[1,5,16,18,20,22,27],"killed_by":"Shelled Parasite and Fungi","ascension_level":0}}