{"host":"hgkb2zpbo2dcws21","time":1610028278,"event":{"mods":["AchievementEnabler","BaseMod","Colored Map","Colored Powertips","Custom Start","DeckTracker","KOR Keyword Fix","Minty Spire (QoL Compilation)","Relic Stats","StSLib","SuperFastMode"],"gold_per_floor":[10,10,24,24,39,39,73,73,99,99,137,168,148,73,73,73,73],"floor_reached":16,"playtime":274,"items_purged":["Strike_P"],"score":196,"play_id":"93ef0a1b-5cf8-4751-b36d-7d7690d2d34f","local_time":"20210107230438","is_ascension_mode":true,"campfire_choices":[{"data":"Alpha","floor":6,"key":"SMITH"},{"floor":8,"key":"REST"},{"data":"Eruption","floor":10,"key":"SMITH"},{"floor":15,"key":"REST"}],"circlet_count":0,"master_deck":["AscendersBane","Strike_P","Strike_P","Strike_P","Defend_P","Defend_P","Defend_P","Defend_P","Eruption+1","Vigilance","Alpha+1","Wireheading","Swivel","JustLucky","EmptyBody","Adaptation"],"relics":["PureWater","Golden Idol","Orichalcum","Bronze Scales","Mango","Odd Mushroom"],"acts_visited":["Exordium"],"potions_floor_usage":[16],"damage_taken":[{"damage":8,"enemies":"2 Louse","floor":1,"turns":3},{"damage":0,"enemies":"Small Slimes","floor":3,"turns":3},{"damage":1,"enemies":"Cultist","floor":5,"turns":4},{"damage":40,"enemies":"Gremlin Nob","floor":7,"turns":5},{"damage":14,"enemies":"Lagavulin","floor":11,"turns":5},{"damage":27,"enemies":"The Mushroom Lair","floor":12,"turns":4},{"damage":69,"enemies":"Slime Boss","floor":16,"turns":3}],"seed_played":"-5017010944495043286","potions_obtained":[{"floor":5,"key":"Weak Potion"},{"floor":11,"key":"Block Potion"},{"floor":13,"key":"Regen Potion"}],"is_trial":false,"path_per_floor":["M","?","M","$","M","R","E","R","T","R","E","?","?","$","R","B"],"character_chosen":"WATCHER","items_purchased":[],"campfire_rested":2,"item_purchase_floors":[],"current_hp_per_floor":[53,53,53,53,52,52,12,30,30,30,30,3,3,3,25,0,0],"gold":73,"neow_bonus":"THREE_RARE_CARDS","is_daily":false,"chose_seed":false,"campfire_upgraded":2,"win_rate":0.0,"timestamp":1610028278,"path_taken":["M","?","M","$","M","R","E","R","T","R","E","?","?","$","R","BOSS"],"items_purchased_type":[],"build_version":"2020-12-22","purchased_purges":1,"victory":false,"max_hp_per_floor":[68,62,62,62,62,62,62,62,62,62,76,76,76,76,76,76,76],"relic_stats":{"counters":[7,27],"Golden Idol":27,"Bronze Scales":[21],"Orichalcum":[42],"obtain_stats":[{"Golden Idol":2,"Bronze Scales":9,"Mango":11,"PureWater":0,"Orichalcum":7,"Odd Mushroom":12},{"Golden Idol":1,"Bronze Scales":4,"Mango":5,"PureWater":0,"Orichalcum":4,"Odd Mushroom":6},{"Golden Idol":3,"Bronze Scales":15,"Mango":20,"PureWater":0,"Orichalcum":15,"Odd Mushroom":24}]},"card_choices":[{"not_picked":["Judgement","Blasphemy"],"picked":"Alpha","floor":0},{"not_picked":["JustLucky","Consecrate"],"picked":"Wireheading","floor":1},{"not_picked":["FlyingSleeves","PathToVictory"],"picked":"Swivel","floor":3},{"not_picked":["FollowUp","PathToVictory"],"picked":"JustLucky","floor":5},{"not_picked":["WindmillStrike","Consecrate"],"picked":"EmptyBody","floor":7},{"not_picked":["FollowUp","FlyingSleeves","Swivel"],"picked":"SKIP","floor":11},{"not_picked":["Nirvana","BattleHymn"],"picked":"Adaptation","floor":12}],"player_experience":1132311,"relics_obtained":[{"floor":7,"key":"Orichalcum"},{"floor":9,"key":"Bronze Scales"},{"floor":11,"key":"Mango"},{"floor":12,"key":"Odd Mushroom"}],"event_choices":[{"damage_healed":0,"gold_gain":0,"player_choice":"Lose Max HP","damage_taken":0,"relics_obtained":["Golden Idol"],"max_hp_gain":0,"max_hp_loss":6,"event_name":"Golden Idol","floor":2,"gold_loss":0},{"damage_healed":0,"gold_gain":0,"player_choice":"Fought Mushrooms","damage_taken":0,"max_hp_gain":0,"max_hp_loss":0,"event_name":"Mushrooms","floor":12,"gold_loss":0},{"damage_healed":0,"gold_gain":0,"player_choice":"Bought 1 Potion","damage_taken":0,"max_hp_gain":0,"max_hp_loss":0,"event_name":"The Woman in Blue","floor":13,"gold_loss":0}],"is_beta":false,"boss_relics":[],"items_purged_floors":[14],"is_endless":false,"potions_floor_spawned":[5,11],"killed_by":"Slime Boss","ascension_level":17}}