{"host":"sygfylmorsvdndbx","time":1610060333,"event":{"mods":["AchievementEnabler","BaseMod","Minty Spire (QoL Compilation)","Quick Restart","Relic Stats"],"gold_per_floor":[117,292,292,60,80,115,115,129,155,165,165,165,165,183,183,279,279,296,315,326,345,356,390,390,218,218,218,218,218,249,104,104,202,202,216,230,48,58,58,58,88,88,114,114,131,148,23,73,73,73],"floor_reached":51,"playtime":8835,"items_purged":["Doubt","Strike_B","Normality"],"score":690,"play_id":"e4c3bb71-0232-49bc-aed9-6a09c0714a54","local_time":"20210107175853","is_ascension_mode":false,"campfire_choices":[{"data":"Zap","floor":7,"key":"SMITH"},{"data":"Dualcast","floor":11,"key":"SMITH"},{"data":"Ball Lightning","floor":13,"key":"SMITH"},{"data":"Coolheaded","floor":15,"key":"SMITH"},{"data":"Hologram","floor":24,"key":"SMITH"},{"floor":27,"key":"REST"},{"data":"Fission","floor":32,"key":"SMITH"},{"data":"Seek","floor":40,"key":"SMITH"},{"data":"Storm","floor":42,"key":"SMITH"},{"data":"Amplify","floor":49,"key":"SMITH"}],"circlet_count":0,"master_deck":["Defend_B","Defend_B","Zap+1","Dualcast+1","Storm+1","Ball Lightning+1","Darkness","Coolheaded+1","Biased Cognition+1","Seek+1","Loop+1","Lockon+1","Undo+1","Hologram+1","Amplify+1","Loop+1","Fission+1","Skim","Seek","Self Repair+1","Coolheaded","Panache+1","Hologram+1","Machine Learning+1","Auto Shields+1","Consume+1"],"relics":["Empty Cage","Runic Capacitor","Centennial Puzzle","Bag of Marbles","Frozen Egg 2","Cursed Key","White Beast Statue","Sundial","Toy Ornithopter","DataDisk","Runic Dome","Ancient Tea Set","Turnip"],"acts_visited":["Exordium","TheCity","TheBeyond"],"potions_floor_usage":[16,22,23,30,33,36,46,48],"damage_taken":[{"damage":0,"enemies":"2 Louse","floor":1,"turns":2},{"damage":2,"enemies":"Small Slimes","floor":5,"turns":4},{"damage":21,"enemies":"Lagavulin","floor":6,"turns":7},{"damage":0,"enemies":"Cultist","floor":8,"turns":3},{"damage":1,"enemies":"Exordium Thugs","floor":10,"turns":3},{"damage":6,"enemies":"Red Slaver","floor":14,"turns":4},{"damage":8,"enemies":"The Guardian","floor":16,"turns":6},{"damage":6,"enemies":"3 Byrds","floor":18,"turns":3},{"damage":0,"enemies":"Chosen","floor":19,"turns":3},{"damage":5,"enemies":"Centurion and Healer","floor":20,"turns":5},{"damage":3,"enemies":"Chosen and Byrds","floor":21,"turns":3},{"damage":3,"enemies":"Snake Plant","floor":22,"turns":3},{"damage":29,"enemies":"Slavers","floor":23,"turns":3},{"damage":11,"enemies":"Book of Stabbing","floor":30,"turns":4},{"damage":11,"enemies":"Collector","floor":33,"turns":5},{"damage":8,"enemies":"Orb Walker","floor":35,"turns":3},{"damage":7,"enemies":"3 Darklings","floor":36,"turns":3},{"damage":0,"enemies":"Spire Growth","floor":38,"turns":2},{"damage":9,"enemies":"Nemesis","floor":41,"turns":3},{"damage":15,"enemies":"Writhing Mass","floor":45,"turns":2},{"damage":19,"enemies":"Maw","floor":46,"turns":3},{"damage":0,"enemies":"Mind Bloom Boss Battle","floor":48,"turns":2},{"damage":20,"enemies":"Donu and Deca","floor":50,"turns":3}],"seed_played":"4200483575347476673","potions_obtained":[{"floor":1,"key":"Dexterity Potion"},{"floor":6,"key":"Swift Potion"},{"floor":8,"key":"SmokeBomb"},{"floor":16,"key":"Ancient Potion"},{"floor":19,"key":"Dexterity Potion"},{"floor":21,"key":"Strength Potion"},{"floor":22,"key":"ColorlessPotion"},{"floor":30,"key":"FocusPotion"},{"floor":33,"key":"Block Potion"},{"floor":35,"key":"Regen Potion"},{"floor":36,"key":"CultistPotion"},{"floor":41,"key":"Swift Potion"},{"floor":46,"key":"SkillPotion"},{"floor":48,"key":"SneckoOil"}],"is_trial":false,"path_per_floor":["M","?","?","$","M","E","R","M","T","M","R","T","R","M","R","B",null,"M","M","M","M","M","E","R","$","T","R","?","?","E","$","R","B",null,"M","M","$","M","?","R","E","R","T","$","M","M","$","?","R","B",null],"character_chosen":"DEFECT","items_purchased":["Runic Capacitor","Loop+1","DataDisk","Panache+1"],"campfire_rested":1,"item_purchase_floors":[4,25,31,37],"current_hp_per_floor":[75,75,75,75,73,52,52,52,52,51,51,51,51,45,45,37,75,69,69,64,61,58,29,29,29,29,51,51,51,40,40,40,34,75,67,75,75,75,75,75,75,75,75,75,60,56,56,71,71,51],"gold":73,"neow_bonus":"BOSS_RELIC","is_daily":false,"chose_seed":false,"campfire_upgraded":9,"win_rate":0.0,"timestamp":1610060333,"path_taken":["M","?","?","$","M","E","R","?","T","M","R","?","R","?","R","BOSS","M","M","M","M","M","E","R","$","T","R","?","?","E","?","R","BOSS","M","M","$","M","?","R","E","R","T","?","M","?","$","?","R","BOSS"],"items_purchased_type":["Relic","Card","Relic","Card"],"build_version":"2020-12-22","purchased_purges":3,"victory":true,"max_hp_per_floor":[75,75,75,75,75,75,75,75,75,75,75,75,75,75,75,75,75,75,75,75,75,75,75,75,75,75,75,75,75,75,75,75,75,75,75,75,75,75,75,75,75,75,75,75,75,75,75,75,75,75],"relic_stats":{"Centennial Puzzle":[48],"counters":[23,77],"Sundial":[2],"Turnip":[0],"Cursed Key":2,"obtain_stats":[{"Runic Capacitor":4,"Frozen Egg 2":12,"Empty Cage":0,"Cursed Key":17,"Ancient Tea Set":41,"White Beast Statue":23,"Runic Dome":34,"Centennial Puzzle":6,"DataDisk":31,"Sundial":26,"Turnip":48,"Bag of Marbles":9,"Cracked Core":0,"Toy Ornithopter":30},{"Runic Capacitor":1,"Frozen Egg 2":5,"Empty Cage":0,"Cursed Key":7,"Ancient Tea Set":19,"White Beast Statue":13,"Runic Dome":15,"Centennial Puzzle":3,"DataDisk":14,"Sundial":13,"Turnip":22,"Bag of Marbles":4,"Cracked Core":0,"Toy Ornithopter":14},{"Runic Capacitor":2,"Frozen Egg 2":19,"Empty Cage":0,"Cursed Key":29,"Ancient Tea Set":68,"White Beast Statue":48,"Runic Dome":57,"Centennial Puzzle":13,"DataDisk":52,"Sundial":48,"Turnip":75,"Bag of Marbles":16,"Cracked Core":0,"Toy Ornithopter":52}],"Toy Ornithopter":20},"card_choices":[{"not_picked":["Ball Lightning","Leap"],"picked":"Storm","floor":1},{"not_picked":["Compile Driver","Darkness"],"picked":"Ball Lightning","floor":5},{"not_picked":["Conserve Battery","Reprogram"],"picked":"Darkness","floor":6},{"not_picked":["Leap","Rip and Tear","Go for the Eyes"],"picked":"SKIP","floor":8},{"not_picked":["Auto Shields","Compile Driver"],"picked":"Coolheaded","floor":10},{"not_picked":["Cold Snap","Steam Power"],"picked":"Biased Cognition+1","floor":14},{"not_picked":["Multi-Cast","Meteor Strike"],"picked":"Seek","floor":16},{"not_picked":["Sweeping Beam","Redo"],"picked":"Loop+1","floor":18},{"not_picked":["Chaos","Gash"],"picked":"Lockon+1","floor":19},{"not_picked":["Hologram","Go for the Eyes+1"],"picked":"Undo+1","floor":20},{"not_picked":["Compile Driver","Rebound"],"picked":"Hologram","floor":21},{"not_picked":["Streamline","Sweeping Beam","Barrage"],"picked":"SKIP","floor":22},{"not_picked":["Meteor Strike","Double Energy"],"picked":"Amplify","floor":23},{"not_picked":["Leap","Rebound"],"picked":"Skim","floor":30},{"not_picked":["Amplify","Hyperbeam"],"picked":"Seek","floor":33},{"not_picked":["Steam","Conserve Battery+1"],"picked":"Self Repair+1","floor":35},{"not_picked":["Conserve Battery","Leap"],"picked":"Coolheaded","floor":36},{"not_picked":["Double Energy","Gash"],"picked":"Hologram+1","floor":38},{"not_picked":["Consume+1","Skim"],"picked":"Machine Learning+1","floor":41},{"not_picked":["Ball Lightning+1","Self Repair+1","Streamline"],"picked":"SKIP","floor":45},{"not_picked":["Hologram","Reprogram+1"],"picked":"Auto Shields+1","floor":46},{"not_picked":["Compile Driver","Chill"],"picked":"Consume+1","floor":48}],"player_experience":212603,"relics_obtained":[{"floor":6,"key":"Centennial Puzzle"},{"floor":9,"key":"Bag of Marbles"},{"floor":12,"key":"Frozen Egg 2"},{"floor":23,"key":"White Beast Statue"},{"floor":26,"key":"Sundial"},{"floor":30,"key":"Toy Ornithopter"},{"floor":41,"key":"Ancient Tea Set"},{"floor":48,"key":"Turnip"}],"event_choices":[{"damage_healed":0,"gold_gain":175,"player_choice":"AGREE","damage_taken":0,"max_hp_gain":0,"max_hp_loss":0,"event_name":"Liars Game","floor":2,"gold_loss":0,"cards_obtained":["Doubt"]},{"cards_removed":["Defend_B"],"damage_healed":0,"gold_gain":0,"player_choice":"Offered Basic","damage_taken":0,"max_hp_gain":0,"max_hp_loss":0,"event_name":"Bonfire Elementals","floor":3,"gold_loss":0},{"damage_healed":0,"gold_gain":0,"cards_transformed":["Doubt","Strike_B"],"player_choice":"Became Test Subject","damage_taken":0,"max_hp_gain":0,"max_hp_loss":0,"event_name":"Drug Dealer","floor":28,"gold_loss":0,"cards_obtained":["Normality","Fission"]},{"cards_removed":["Normality"],"damage_healed":0,"gold_gain":0,"player_choice":"Elegance","damage_taken":0,"max_hp_gain":0,"max_hp_loss":0,"event_name":"Back to Basics","floor":29,"gold_loss":0},{"cards_removed":["Defend_B"],"damage_healed":0,"gold_gain":0,"player_choice":"Card Removal","damage_taken":0,"max_hp_gain":0,"max_hp_loss":0,"event_name":"Wheel of Change","floor":39,"gold_loss":0},{"damage_healed":0,"gold_gain":0,"player_choice":"Fight","damage_taken":0,"max_hp_gain":0,"max_hp_loss":0,"event_name":"MindBloom","floor":48,"gold_loss":0}],"is_beta":false,"boss_relics":[{"not_picked":["Sozu","Pandora\u0027s Box"],"picked":"Cursed Key"},{"not_picked":["Inserter","Calling Bell"],"picked":"Runic Dome"}],"items_purged_floors":[4,25,47],"is_endless":false,"potions_floor_spawned":[1,6,8,16,19,21,22,30,33,35,36,38,41,45,46,48],"ascension_level":0}}