{"host":"sav7uxregyirlf69","time":1610035722,"event":{"mods":["AchievementEnabler","BaseMod","Colored Map","DeckTracker","Keyboard Shortcuts","Minty Spire (QoL Compilation)","READ ME - Guardian Mod","StSLib","SuperFastMode"],"gold_per_floor":[112,112,123,198,210,239,239,252,252,262,275,68,68,80,80,80,80],"floor_reached":16,"playtime":337,"items_purged":["Gash"],"score":208,"play_id":"c665b3aa-4369-4395-9496-c8a0aab18703","local_time":"20210108010842","is_ascension_mode":true,"campfire_choices":[{"data":"Defragment","floor":7,"key":"SMITH"},{"floor":15,"key":"REST"}],"circlet_count":0,"master_deck":["AscendersBane","Zap","Dualcast","Electrodynamics","Thunder Strike","Cold Snap","Cold Snap","BootSequence","Conserve Battery","Hologram","Glacier","Defragment+1","Consume","Self Repair+1","Turbo","Undo"],"relics":["Pandora\u0027s Box","Bottled Tornado","Frozen Egg 2"],"acts_visited":["Exordium"],"potions_floor_usage":[6,16,16],"damage_taken":[{"damage":2,"enemies":"Jaw Worm","floor":1,"turns":3},{"damage":0,"enemies":"Small Slimes","floor":3,"turns":2},{"damage":4,"enemies":"Cultist","floor":5,"turns":4},{"damage":32,"enemies":"Gremlin Nob","floor":6,"turns":5},{"damage":0,"enemies":"2 Fungi Beasts","floor":8,"turns":3},{"damage":11,"enemies":"Looter","floor":10,"turns":3},{"damage":0,"enemies":"Gremlin Gang","floor":11,"turns":2},{"damage":5,"enemies":"3 Louse","floor":14,"turns":2},{"damage":29,"enemies":"Hexaghost","floor":16,"turns":16}],"seed_played":"-4161721198652160358","potions_obtained":[{"floor":1,"key":"Block Potion"},{"floor":14,"key":"LiquidMemories"}],"is_trial":false,"path_per_floor":["M","?","M","?","M","E","R","M","T","M","M","$","?","M","R","B"],"character_chosen":"DEFECT","items_purchased":["Undo","Block Potion"],"campfire_rested":1,"item_purchase_floors":[12,12],"current_hp_per_floor":[62,67,67,56,52,20,20,20,20,9,9,9,9,4,26,0,0],"gold":80,"neow_bonus":"BOSS_RELIC","is_daily":false,"chose_seed":false,"campfire_upgraded":1,"win_rate":0.0,"timestamp":1610035722,"path_taken":["M","?","M","?","M","E","R","M","T","M","?","?","?","M","R","BOSS"],"items_purchased_type":["Card","Potion"],"build_version":"2020-12-22","purchased_purges":1,"victory":false,"max_hp_per_floor":[71,76,76,76,76,76,76,76,76,76,76,76,76,76,76,76,76],"card_choices":[{"not_picked":["Darkness","Melter","Go for the Eyes"],"picked":"SKIP","floor":1},{"not_picked":["Ball Lightning","Consume","Double Energy"],"picked":"SKIP","floor":3},{"not_picked":["Streamline","Defragment"],"picked":"Glacier","floor":5},{"not_picked":["Auto Shields","Fission"],"picked":"Defragment","floor":6},{"not_picked":["Gash","Rebound"],"picked":"Consume","floor":8},{"not_picked":["Steam","Sunder"],"picked":"Self Repair+1","floor":10},{"not_picked":["Ball Lightning","Rebound"],"picked":"Turbo","floor":11},{"not_picked":["Undo","Rip and Tear","Sweeping Beam"],"picked":"SKIP","floor":14}],"player_experience":1186300,"relics_obtained":[{"floor":6,"key":"Bottled Tornado"},{"floor":9,"key":"Frozen Egg 2"}],"event_choices":[{"damage_healed":0,"gold_gain":0,"player_choice":"Donut","damage_taken":0,"max_hp_gain":5,"max_hp_loss":0,"event_name":"Big Fish","floor":2,"gold_loss":0},{"damage_healed":0,"gold_gain":75,"player_choice":"Gather Gold","damage_taken":11,"max_hp_gain":0,"max_hp_loss":0,"event_name":"World of Goop","floor":4,"gold_loss":0},{"damage_healed":0,"gold_gain":0,"player_choice":"Ignored","damage_taken":0,"max_hp_gain":0,"max_hp_loss":0,"event_name":"Golden Wing","floor":13,"gold_loss":0}],"is_beta":false,"boss_relics":[],"items_purged_floors":[12],"is_endless":false,"potions_floor_spawned":[1,14],"killed_by":"Hexaghost","ascension_level":20}}