{"host":"9709z2dy8v1s63sm","time":1610028936,"event":{"mods":["AchievementEnabler","BaseMod","Minty Spire (QoL Compilation)","StSLib","SuperFastMode"],"gold_per_floor":[109,109,125,125,144,144,178,178,178,189,189,189],"floor_reached":11,"playtime":413,"items_purged":[],"score":95,"play_id":"64767fe1-81dd-4d7f-acdc-91d627eeec09","local_time":"20210107231536","is_ascension_mode":true,"campfire_choices":[{"data":"Bash","floor":6,"key":"SMITH"}],"circlet_count":0,"master_deck":["Strike_R","Strike_R+1","Strike_R","Strike_R","Defend_R","Defend_R","Defend_R","Defend_R","Bash+1","Offering","Wild Strike+1","Shrug It Off","Battle Trance"],"relics":["Burning Blood","Mercury Hourglass","Molten Egg 2"],"acts_visited":["Exordium"],"potions_floor_usage":[],"damage_taken":[{"damage":12.0,"enemies":"2 Louse","floor":1.0,"turns":3.0},{"damage":2,"enemies":"Jaw Worm","floor":3,"turns":3},{"damage":5,"enemies":"Small Slimes","floor":5,"turns":3},{"damage":25,"enemies":"3 Sentries","floor":7,"turns":10},{"damage":9,"enemies":"Exordium Wildlife","floor":10,"turns":4},{"damage":10,"enemies":"Gremlin Nob","floor":11,"turns":2}],"seed_played":"3001384298130908839","potions_obtained":[{"floor":3,"key":"EssenceOfSteel"},{"floor":5,"key":"ElixirPotion"}],"is_trial":false,"path_per_floor":["M","?","M","?","M","R","E","?","T","M","E"],"character_chosen":"IRONCLAD","items_purchased":[],"campfire_rested":0,"item_purchase_floors":[],"current_hp_per_floor":[45,29,33,38,39,39,20,13,13,10,0,0],"gold":189,"neow_bonus":"THREE_RARE_CARDS","is_daily":false,"chose_seed":false,"campfire_upgraded":1,"win_rate":0.0,"timestamp":1610028936,"path_taken":["M","?","M","?","M","R","E","?","T","M","E"],"items_purchased_type":[],"build_version":"2020-12-22","purchased_purges":0,"victory":false,"max_hp_per_floor":[80,80,80,85,85,85,85,85,85,85,85,85],"card_choices":[{"not_picked":["Brutality","Double Tap"],"picked":"Offering","floor":0.0},{"not_picked":["Perfected Strike","Clothesline"],"picked":"Wild Strike","floor":1},{"not_picked":["Clash","True Grit"],"picked":"Shrug It Off","floor":3},{"not_picked":["Havoc","Warcry","Carnage"],"picked":"SKIP","floor":5},{"not_picked":["Infernal Blade","Pommel Strike","Entrench"],"picked":"SKIP","floor":7},{"not_picked":["Blood for Blood+1","Cleave+1"],"picked":"Battle Trance","floor":10}],"player_experience":46937,"relics_obtained":[{"floor":7,"key":"Mercury Hourglass"},{"floor":9,"key":"Molten Egg 2"}],"event_choices":[{"damage_healed":0,"gold_gain":0,"player_choice":"Entered Light","damage_taken":16,"max_hp_gain":0,"max_hp_loss":0,"event_name":"Shining Light","floor":2,"gold_loss":0,"cards_upgraded":["Wild Strike","Strike_R"]},{"damage_healed":0,"gold_gain":0,"player_choice":"Donut","damage_taken":0,"max_hp_gain":5,"max_hp_loss":0,"event_name":"Big Fish","floor":4,"gold_loss":0},{"cards_removed":["Strike_R"],"damage_healed":0,"gold_gain":0,"player_choice":"Card Removal","damage_taken":7,"max_hp_gain":0,"max_hp_loss":0,"event_name":"Golden Wing","floor":8,"gold_loss":0}],"is_beta":false,"boss_relics":[],"items_purged_floors":[],"is_endless":false,"potions_floor_spawned":[3,5],"killed_by":"Gremlin Nob","ascension_level":6}}