{"host":"dhv3u8yhd2rnugsp","time":1610055153,"event":{"mods":["BaseMod","Block Reminder","Colored Map","Googly Eyes","Highlight Path","Minty Spire (QoL Compilation)","Permanent Neow","Quick Restart","Random Character Button","StSLib"],"gold_per_floor":[119,129,129,145,164,164,193,193,245,245,279,348,423,434,434,532,532,546,546,546,177,177,218,233,233,283,322,322,347,358,375,375,488,488,499,13,27,46,46,46,73,83,83,115,130,160,160,180,180,180],"floor_reached":51,"playtime":1962,"items_purged":["Strike_P","Defend_P+1"],"score":1703,"play_id":"801e44fb-c8b3-4516-b928-997115689396","local_time":"20210107153233","is_ascension_mode":true,"campfire_choices":[{"data":"Eruption","floor":6,"key":"SMITH"},{"data":"MentalFortress","floor":8,"key":"SMITH"},{"data":"WheelKick","floor":10,"key":"SMITH"},{"data":"Tantrum","floor":15,"key":"SMITH"},{"floor":25,"key":"REST"},{"data":"Wallop","floor":32,"key":"SMITH"},{"floor":40,"key":"REST"},{"floor":47,"key":"REST"},{"floor":49,"key":"REST"}],"circlet_count":0,"master_deck":["AscendersBane","Defend_P+1","Eruption+1","ClearTheMind+1","WheelKick+1","MentalFortress+1","Evaluate+1","Tantrum+1","Scrawl+1","Conclude+1","FlurryOfBlows+1","LessonLearned+1","Wallop+1","Halt+1","Meditate+1","DeusExMachina+1","Flash of Steel+1"],"relics":["Empty Cage","TeardropLocket","Nunchaku","Bag of Preparation","Runic Pyramid","Vajra","Sling","CeramicFish","Happy Flower","Regal Pillow","Mercury Hourglass","Sozu","Incense Burner","The Courier","Ornamental Fan","Orichalcum","StrikeDummy"],"acts_visited":["Exordium","TheCity","TheBeyond"],"potions_floor_usage":[11,16,18,29,31,33],"damage_taken":[{"damage":2,"enemies":"Jaw Worm","floor":1,"turns":4},{"damage":1,"enemies":"Cultist","floor":2,"turns":4},{"damage":0,"enemies":"Small Slimes","floor":4,"turns":5},{"damage":4,"enemies":"Looter","floor":5,"turns":3},{"damage":24,"enemies":"Lagavulin","floor":7,"turns":6},{"damage":6,"enemies":"3 Sentries","floor":11,"turns":8},{"damage":0,"enemies":"Large Slime","floor":14,"turns":4},{"damage":0,"enemies":"Slime Boss","floor":16,"turns":2},{"damage":11,"enemies":"2 Thieves","floor":18,"turns":3},{"damage":14,"enemies":"Book of Stabbing","floor":23,"turns":3},{"damage":0,"enemies":"Spheric Guardian","floor":24,"turns":2},{"damage":0,"enemies":"Gremlin Leader","floor":27,"turns":3},{"damage":0,"enemies":"Slavers","floor":29,"turns":2},{"damage":3,"enemies":"Centurion and Healer","floor":30,"turns":3},{"damage":0,"enemies":"Snake Plant","floor":31,"turns":1},{"damage":30,"enemies":"Automaton","floor":33,"turns":3},{"damage":0,"enemies":"3 Darklings","floor":35,"turns":2},{"damage":0,"enemies":"3 Shapes","floor":37,"turns":2},{"damage":0,"enemies":"Writhing Mass","floor":38,"turns":3},{"damage":0,"enemies":"Nemesis","floor":41,"turns":1},{"damage":0,"enemies":"Sphere and 2 Shapes","floor":42,"turns":3},{"damage":0,"enemies":"Reptomancer","floor":44,"turns":2},{"damage":0,"enemies":"Spire Growth","floor":45,"turns":2},{"damage":37,"enemies":"Nemesis","floor":46,"turns":3},{"damage":0,"enemies":"3 Darklings","floor":48,"turns":1},{"damage":0,"enemies":"Time Eater","floor":50,"turns":5}],"seed_played":"3335363356710911061","potions_obtained":[{"floor":7,"key":"EssenceOfSteel"},{"floor":11,"key":"SteroidPotion"},{"floor":16,"key":"Energy Potion"},{"floor":18,"key":"Fire Potion"},{"floor":24,"key":"Regen Potion"},{"floor":30,"key":"Strength Potion"}],"is_trial":false,"path_per_floor":["M","M","?","M","M","R","E","R","T","R","E","?","?","M","R","B",null,"M","?","?","$","?","E","M","R","T","E","?","E","M","M","R","B",null,"M","$","M","M","?","R","E","M","T","E","M","E","R","M","R","B",null],"character_chosen":"WATCHER","items_purchased":["Vajra","Sling","Flash of Steel","Incense Burner"],"campfire_rested":4,"item_purchase_floors":[21,21,36,36],"current_hp_per_floor":[63,62,62,62,58,58,34,34,34,34,28,28,17,17,17,17,58,47,47,47,47,47,33,33,54,54,54,54,59,56,56,56,26,61,61,61,61,61,61,72,72,72,72,72,72,35,71,71,72,72],"gold":180,"neow_bonus":"BOSS_RELIC","is_daily":false,"chose_seed":false,"campfire_upgraded":5,"win_rate":0.0,"timestamp":1610055153,"path_taken":["M","M","?","?","M","R","E","R","T","R","E","?","?","M","R","BOSS","M","?","?","$","?","E","M","R","T","E","?","E","?","M","R","BOSS","M","$","M","M","?","R","E","M","T","E","M","E","R","M","R","BOSS"],"items_purchased_type":["Relic","Relic","Card","Relic"],"build_version":"2020-12-22","purchased_purges":2,"victory":true,"max_hp_per_floor":[72,72,72,72,72,72,72,72,72,72,72,72,72,72,72,72,72,72,72,72,72,72,72,72,72,72,72,72,72,72,72,72,72,72,72,72,72,72,72,72,72,72,72,72,72,72,72,72,72,72],"card_choices":[{"not_picked":["Protect","JustLucky"],"picked":"ClearTheMind","floor":1},{"not_picked":["Crescendo","Prostrate","PathToVictory"],"picked":"SKIP","floor":2},{"not_picked":["Fasting2","Prostrate","Worship"],"picked":"SKIP","floor":4},{"not_picked":["SignatureMove","Prostrate"],"picked":"WheelKick","floor":5},{"not_picked":["LikeWater","Brilliance"],"picked":"MentalFortress","floor":7},{"not_picked":["Prostrate","Pray"],"picked":"Evaluate","floor":11},{"not_picked":["Prostrate","Adaptation"],"picked":"Tantrum","floor":14},{"not_picked":["DevaForm","Establishment"],"picked":"Scrawl","floor":16},{"not_picked":["EmptyBody","Consecrate"],"picked":"Conclude+1","floor":18},{"not_picked":["FollowUp","Wireheading"],"picked":"Halt","floor":23},{"not_picked":["Adaptation","FollowUp","BowlingBash"],"picked":"SKIP","floor":24},{"not_picked":["EmptyBody","Weave"],"picked":"Meditate+1","floor":27},{"not_picked":["EmptyFist","Crescendo","BowlingBash"],"picked":"SKIP","floor":29},{"not_picked":["PathToVictory+1","Halt","FollowUp"],"picked":"SKIP","floor":30},{"not_picked":["Evaluate","Meditate","MentalFortress+1"],"picked":"SKIP","floor":31},{"not_picked":["Devotion","Blasphemy"],"picked":"DeusExMachina","floor":33},{"not_picked":["FearNoEvil","Protect","FlyingSleeves+1"],"picked":"SKIP","floor":35},{"not_picked":["Prostrate","Vengeance","BowlingBash+1"],"picked":"SKIP","floor":37},{"not_picked":["ClearTheMind","FlyingSleeves","FollowUp+1"],"picked":"SKIP","floor":38},{"not_picked":["Devotion","EmptyFist+1","BowlingBash"],"picked":"SKIP","floor":41},{"not_picked":["EmptyFist","JustLucky","Nirvana+1"],"picked":"SKIP","floor":42},{"not_picked":["BattleHymn","Weave","Evaluate"],"picked":"SKIP","floor":44},{"not_picked":["EmptyMind","EmptyBody","SignatureMove+1"],"picked":"SKIP","floor":45},{"not_picked":["EmptyFist","Nirvana","Tantrum"],"picked":"SKIP","floor":46},{"not_picked":["Tantrum","EmptyFist","Devotion"],"picked":"SKIP","floor":48}],"player_experience":1617453,"relics_obtained":[{"floor":7,"key":"TeardropLocket"},{"floor":9,"key":"Nunchaku"},{"floor":11,"key":"Bag of Preparation"},{"floor":23,"key":"CeramicFish"},{"floor":26,"key":"Happy Flower"},{"floor":27,"key":"Regal Pillow"},{"floor":29,"key":"Mercury Hourglass"},{"floor":41,"key":"The Courier"},{"floor":43,"key":"Ornamental Fan"},{"floor":44,"key":"Orichalcum"},{"floor":46,"key":"StrikeDummy"}],"event_choices":[{"damage_healed":0,"gold_gain":0,"player_choice":"Bought 0 Potions","damage_taken":0,"max_hp_gain":0,"max_hp_loss":0,"event_name":"The Woman in Blue","floor":3,"gold_loss":0},{"damage_healed":0,"gold_gain":69,"player_choice":"Gained Gold","damage_taken":0,"max_hp_gain":0,"max_hp_loss":0,"event_name":"Golden Wing","floor":12,"gold_loss":0},{"damage_healed":0,"gold_gain":75,"player_choice":"Gather Gold","damage_taken":11,"max_hp_gain":0,"max_hp_loss":0,"event_name":"World of Goop","floor":13,"gold_loss":0},{"damage_healed":0,"gold_gain":0,"player_choice":"Read","damage_taken":0,"max_hp_gain":0,"max_hp_loss":0,"event_name":"The Library","floor":19,"gold_loss":0,"cards_obtained":["FlurryOfBlows"]},{"damage_healed":0,"gold_gain":0,"player_choice":"Ignored","damage_taken":0,"max_hp_gain":0,"max_hp_loss":0,"event_name":"Ghosts","floor":20,"gold_loss":0},{"damage_healed":0,"gold_gain":0,"cards_transformed":["Strike_P","Strike_P"],"player_choice":"Became Test Subject","damage_taken":0,"max_hp_gain":0,"max_hp_loss":0,"event_name":"Drug Dealer","floor":22,"gold_loss":0,"cards_obtained":["LessonLearned","Wallop"]},{"cards_removed":["Defend_P"],"damage_healed":0,"gold_gain":0,"player_choice":"Elegance","damage_taken":0,"max_hp_gain":0,"max_hp_loss":0,"event_name":"Back to Basics","floor":28,"gold_loss":0},{"cards_removed":["Vigilance"],"damage_healed":0,"gold_gain":0,"player_choice":"Removed Skill","damage_taken":0,"max_hp_gain":0,"max_hp_loss":0,"event_name":"Falling","floor":39,"gold_loss":0}],"is_beta":false,"boss_relics":[{"not_picked":["Coffee Dripper","Snecko Eye"],"picked":"Runic Pyramid"},{"not_picked":["Tiny House","Runic Dome"],"picked":"Sozu"}],"items_purged_floors":[21,36],"is_endless":false,"potions_floor_spawned":[7,11,16,18,24,27,30,38,41,45,48],"ascension_level":12}}