{"host":"z9x5nldzhmx4jdfi","time":1610044715,"event":{"mods":["2.2 Compatiblity","BaseMod","Better Altar","Better Match","Better Note","Better Sensory Stone","Better Third Choice","BetterRewards","Block Reminder","Card Filter","Colored Powertips","Infinite Spire","Jorbs\u0027s Wanderer Trilogy","Minty Spire (QoL Compilation)","Relic Filter","StSLib","Td1madao Mod","The Animator","The Servant 0.9.4","Wandering Minibosses"],"gold_per_floor":[121,135,60,83,53,53,87,105,105,105,125,125,157,175,175,252,252,279,279,291,306,321,321,321,321],"floor_reached":24,"playtime":2107,"items_purged":["animator:Strike"],"score":420,"play_id":"08211302-13a5-41b2-9dde-d8b7ca03e3f0","local_time":"20210107123835","is_ascension_mode":true,"campfire_choices":[{"data":"animator:Shigure","floor":6.0,"key":"SMITH"},{"data":"animator:Mikaela","floor":10.0,"key":"SMITH"},{"data":"animator:Bozes","floor":15.0,"key":"SMITH"},{"data":"animator:Albedo","floor":23.0,"key":"SMITH"}],"circlet_count":0,"master_deck":["AscendersBane","animator:Strike_OwariNoSeraph","animator:Defend_OwariNoSeraph","animator:Strike","animator:Defend","animator:Defend","animator:Defend","animator:Shinoa","animator:Mikaela+1","animator:Shigure+1","animator:Shinoa","animator:Konayuki","animator:Togame","animator:Bozes+1","animator:Yuuichirou","animator:Albedo+1","animator:Mitsuba","Decay","animator:KrulTepes"],"relics":["animator:LivingPicture","animator:TheMissingPiece","Lantern","Blue Candle","Bag of Preparation","SlaversCollar"],"acts_visited":["Exordium","TheCity"],"potions_floor_usage":[],"damage_taken":[{"damage":0.0,"enemies":"2 Louse","floor":1.0,"turns":3.0},{"damage":0.0,"enemies":"Cultist","floor":2.0,"turns":3.0},{"damage":1.0,"enemies":"Jaw Worm","floor":4.0,"turns":8.0},{"damage":5.0,"enemies":"3 Sentries","floor":7.0,"turns":12.0},{"damage":1.0,"enemies":"3 Louse","floor":8.0,"turns":4.0},{"damage":7.0,"enemies":"Large Slime","floor":11.0,"turns":9.0},{"damage":17.0,"enemies":"Gremlin Nob","floor":13.0,"turns":4.0},{"damage":0.0,"enemies":"Looter","floor":14.0,"turns":3.0},{"damage":7.0,"enemies":"Hexaghost","floor":16.0,"turns":9.0},{"damage":28.0,"enemies":"3 Byrds","floor":18.0,"turns":8.0},{"damage":12.0,"enemies":"Spheric Guardian","floor":20.0,"turns":7.0},{"damage":15.0,"enemies":"Snake Plant","floor":21.0,"turns":4.0},{"damage":9.0,"enemies":"3 Cultists","floor":22.0,"turns":6.0},{"damage":34,"enemies":"Slavers","floor":24,"turns":6}],"seed_played":"-4396714180394399600","potions_obtained":[{"floor":1.0,"key":"PowerPotion"},{"floor":5.0,"key":"PowerPotion"},{"floor":7.0,"key":"PowerPotion"},{"floor":14.0,"key":"Swift Potion"},{"floor":16.0,"key":"SneckoOil"},{"floor":18.0,"key":"FairyPotion"}],"is_trial":false,"path_per_floor":["M","M","$","M","?","R","E","M","T","R","M","?","E","M","R","B",null,"M","?","M","M","M","R","E"],"character_chosen":"THE_ANIMATOR","items_purchased":[],"campfire_rested":0,"item_purchase_floors":[],"current_hp_per_floor":[60,60,60,59,59,59,55,54,54,54,47,40,23,24,24,17,55,27,27,15,37,29,29,0,0],"gold":321,"neow_bonus":"TEN_PERCENT_HP_BONUS","is_daily":false,"chose_seed":false,"campfire_upgraded":4,"win_rate":0.0,"timestamp":1610044715,"path_taken":["M","M","$","M","?","R","E","M","T","R","?","?","E","M","R","BOSS","M","?","M","M","M","R","E"],"items_purchased_type":[],"build_version":"2020-12-22","purchased_purges":1,"victory":false,"max_hp_per_floor":[66,66,66,66,66,66,67,67,67,67,67,67,67,68,68,68,68,68,68,68,68,69,69,69,69],"card_choices":[{"not_picked":["animator:WinryRockbell","animator:Mitsuba"],"picked":"animator:Shigure","floor":1.0},{"not_picked":["animator:Tyuule","animator:Witch"],"picked":"animator:Shinoa","floor":2.0},{"not_picked":["animator:YaoHaDucy","animator:TukaLunaMarceau"],"picked":"animator:Konayuki","floor":4.0},{"not_picked":["animator:Azekura","animator:Konayuki"],"picked":"animator:Togame","floor":7.0},{"not_picked":["animator:Melzalgald","animator:MumenRider","animator:PandorasActor"],"picked":"SKIP","floor":8.0},{"not_picked":["animator:SilverFang","animator:TukaLunaMarceau"],"picked":"animator:Bozes","floor":11.0},{"not_picked":["animator:Witch","animator:MaesHughes","animator:PinaCoLada"],"picked":"SKIP","floor":13.0},{"not_picked":["animator:Mitsuba","animator:Mikaela"],"picked":"animator:Yuuichirou","floor":14.0},{"not_picked":["animator:Boros","animator:PinaCoLada"],"picked":"animator:Albedo","floor":16.0},{"not_picked":["animator:Witch","animator:Azekura"],"picked":"animator:Mitsuba","floor":18.0},{"not_picked":["animator:ZankiKiguchi","animator:HighElfArcher","animator:Entoma"],"picked":"SKIP","floor":20.0},{"not_picked":["animator:Shichika","animator:Kuribayashi+1","animator:ElricAlphonse"],"picked":"SKIP","floor":21.0},{"not_picked":["animator:Yuuichirou","animator:Mikaela"],"picked":"animator:KrulTepes","floor":22.0}],"player_experience":1493176,"relics_obtained":[{"floor":7.0,"key":"Lantern"},{"floor":9.0,"key":"Blue Candle"},{"floor":13.0,"key":"Bag of Preparation"}],"event_choices":[{"damage_healed":0.0,"max_hp_gain":0.0,"max_hp_loss":0.0,"gold_gain":0.0,"event_name":"The Woman in Blue","player_choice":"Bought 2 Potions","floor":5.0,"gold_loss":0.0,"damage_taken":0.0},{"cards_removed":["animator:Strike"],"damage_healed":0.0,"max_hp_gain":0.0,"max_hp_loss":0.0,"gold_gain":0.0,"event_name":"Golden Wing","player_choice":"Card Removal","floor":12.0,"gold_loss":0.0,"damage_taken":7.0},{"damage_healed":0.0,"max_hp_gain":0.0,"max_hp_loss":0.0,"gold_gain":0.0,"event_name":"Wheel of Change","player_choice":"Cursed","floor":19.0,"gold_loss":0.0,"damage_taken":0.0,"cards_obtained":["Decay"]}],"is_beta":false,"boss_relics":[{"not_picked":["Sozu","animator:RacePiece"],"picked":"SlaversCollar"}],"items_purged_floors":[3],"is_endless":false,"potions_floor_spawned":[1,7,8,14,16,18],"killed_by":"Slavers","ascension_level":20}}