{"host":"fxh4234sf5pb3xr6","time":1610025684,"event":{"mods":["AchievementEnabler","BaseMod","Colored Map","Colored Powertips","Minty Spire (QoL Compilation)","Rare Cards Sparkle","StSLib"],"gold_per_floor":[15,34,34,44,44,69,69,96,96,125,143,143,68,84,84,186,186,198,210,227,227,227,227,227],"floor_reached":23,"playtime":1204,"items_purged":["Strike_B"],"score":264,"play_id":"ec7dfcba-17f0-4b8e-b948-f1f8ff503aa5","local_time":"20210107082124","is_ascension_mode":true,"campfire_choices":[{"data":"Discovery","floor":7,"key":"SMITH"},{"floor":12,"key":"REST"},{"floor":15,"key":"REST"}],"circlet_count":0,"master_deck":["Zap","Dualcast","Redo","White Noise+1","Melter","Discovery+1","Rainbow","Conserve Battery","BootSequence","Self Repair","Rainbow","Heatsinks","Gash","Force Field","Storm"],"relics":["Cracked Core","Du-Vu Doll","StoneCalendar","CaptainsWheel","Omamori","Pandora\u0027s Box","Necronomicon","NlothsMask"],"acts_visited":["Exordium","TheCity"],"potions_floor_usage":[11,11,23,23],"damage_taken":[{"damage":2,"enemies":"Jaw Worm","floor":1,"turns":4},{"damage":6,"enemies":"2 Louse","floor":2,"turns":2},{"damage":0,"enemies":"Cultist","floor":4,"turns":3},{"damage":25,"enemies":"Lagavulin","floor":6,"turns":5},{"damage":10,"enemies":"3 Sentries","floor":8,"turns":9},{"damage":7,"enemies":"Lagavulin","floor":10,"turns":5},{"damage":0,"enemies":"Exordium Thugs","floor":11,"turns":3},{"damage":14,"enemies":"Lots of Slimes","floor":14,"turns":3},{"damage":14,"enemies":"Slime Boss","floor":16,"turns":7},{"damage":0,"enemies":"Spheric Guardian","floor":18,"turns":2},{"damage":7,"enemies":"Shell Parasite","floor":19,"turns":5},{"damage":27,"enemies":"Snecko","floor":20,"turns":6},{"damage":34,"enemies":"Book of Stabbing","floor":23,"turns":5}],"seed_played":"5795251235633241586","potions_obtained":[{"floor":2,"key":"Energy Potion"},{"floor":6,"key":"Explosive Potion"},{"floor":10,"key":"Fire Potion"},{"floor":18,"key":"BlessingOfTheForge"},{"floor":20,"key":"FocusPotion"}],"is_trial":false,"path_per_floor":["M","M","?","M","?","E","R","E","T","E","M","R","$","M","R","B",null,"M","M","M","?","?","E"],"character_chosen":"DEFECT","items_purchased":[],"campfire_rested":2,"item_purchase_floors":[],"current_hp_per_floor":[73,67,67,67,67,42,42,32,32,25,25,47,47,33,55,41,67,67,67,47,31,31,0,0],"gold":227,"neow_bonus":"REMOVE_TWO","is_daily":false,"chose_seed":false,"campfire_upgraded":1,"win_rate":0.0,"timestamp":1610025684,"path_taken":["M","M","?","M","?","E","R","E","T","E","?","R","?","M","R","BOSS","M","M","?","?","?","E"],"items_purchased_type":[],"build_version":"2020-12-22","purchased_purges":1,"victory":false,"max_hp_per_floor":[75,75,75,75,75,75,75,75,75,75,75,75,75,75,75,75,75,75,75,75,75,75,75,75],"card_choices":[{"not_picked":["Hologram","Heatsinks"],"picked":"Redo","floor":1},{"not_picked":["BootSequence","Glacier"],"picked":"White Noise","floor":2},{"not_picked":["Compile Driver","Cold Snap"],"picked":"Melter","floor":4},{"not_picked":["Sweeping Beam","Go for the Eyes"],"picked":"Rainbow","floor":6},{"not_picked":["Gash","Blizzard"],"picked":"Conserve Battery","floor":8},{"not_picked":["Beam Cell","Reboot","Cold Snap"],"picked":"SKIP","floor":10},{"not_picked":["Sweeping Beam","Turbo","Coolheaded"],"picked":"SKIP","floor":11},{"not_picked":["Reprogram","Hologram","Storm"],"picked":"SKIP","floor":14},{"not_picked":["Doom and Gloom+1","Rip and Tear+1"],"picked":"Force Field","floor":18},{"not_picked":["Turbo+1","Compile Driver+1"],"picked":"Storm","floor":19},{"not_picked":["Recycle","Beam Cell","Steam"],"picked":"SKIP","floor":20}],"player_experience":329785,"relics_obtained":[{"floor":6,"key":"Du-Vu Doll"},{"floor":8,"key":"StoneCalendar"},{"floor":9,"key":"CaptainsWheel"},{"floor":10,"key":"Omamori"},{"floor":21,"key":"Necronomicon"}],"event_choices":[{"damage_healed":0,"gold_gain":0,"player_choice":"Grow","damage_taken":0,"max_hp_gain":0,"max_hp_loss":0,"event_name":"Living Wall","floor":3,"gold_loss":0,"cards_upgraded":["White Noise"]},{"damage_healed":0,"gold_gain":0,"player_choice":"1 cards matched","damage_taken":0,"max_hp_gain":0,"max_hp_loss":0,"event_name":"Match and Keep!","floor":5,"gold_loss":0,"cards_obtained":["Discovery"]},{"damage_healed":0,"gold_gain":0,"player_choice":"Obtained Book","damage_taken":16,"max_hp_gain":0,"max_hp_loss":0,"event_name":"Cursed Tome","floor":21,"gold_loss":0},{"damage_healed":0,"gold_gain":0,"player_choice":"Trade","damage_taken":0,"relics_obtained":["NlothsMask"],"max_hp_gain":0,"max_hp_loss":0,"event_name":"FaceTrader","floor":22,"gold_loss":0}],"is_beta":false,"boss_relics":[{"not_picked":["Fusion Hammer","Philosopher\u0027s Stone"],"picked":"Pandora\u0027s Box"}],"items_purged_floors":[13],"is_endless":false,"potions_floor_spawned":[2,6,10,18,20],"killed_by":"Book of Stabbing","ascension_level":5}}