{"host":"hve1dyh1ly81yl9f","time":1610040364,"event":{"mods":["BaseMod","Colored Map","DeckTracker","Highlight Path","Keyboard Shortcuts","Minty Spire (QoL Compilation)","Permanent Neow","Quick Restart","StSLib","SuperFastMode"],"gold_per_floor":[12,31,50,66,79,106,106,106,106],"floor_reached":8,"playtime":291,"items_purged":[],"score":100,"play_id":"496bd4f1-9d3a-4b83-af6d-700596eb3934","local_time":"20210108022604","is_ascension_mode":true,"campfire_choices":[],"circlet_count":0,"master_deck":["Strike_R","Strike_R","Strike_R","Strike_R","Strike_R","Defend_R","Defend_R","Defend_R","Defend_R","Bash","Clash","Sever Soul","Inflame","Reaper"],"relics":["Burning Blood","Torii","Omamori"],"acts_visited":["Exordium"],"potions_floor_usage":[8],"damage_taken":[{"damage":7.0,"enemies":"2 Louse","floor":1.0,"turns":3.0},{"damage":7.0,"enemies":"Jaw Worm","floor":2.0,"turns":2.0},{"damage":12.0,"enemies":"Small Slimes","floor":3.0,"turns":3.0},{"damage":8.0,"enemies":"3 Louse","floor":4.0,"turns":3.0},{"damage":16.0,"enemies":"Lots of Slimes","floor":5.0,"turns":3.0},{"damage":65.0,"enemies":"3 Sentries","floor":6.0,"turns":9.0},{"damage":25,"enemies":"Gremlin Nob","floor":8,"turns":3}],"seed_played":"6883933082199862367","potions_obtained":[{"floor":2.0,"key":"SpeedPotion"},{"floor":5.0,"key":"PowerPotion"}],"is_trial":false,"path_per_floor":["M","M","M","M","M","E","?","E"],"character_chosen":"IRONCLAD","items_purchased":[],"campfire_rested":0,"item_purchase_floors":[],"current_hp_per_floor":[95,94,88,86,76,27,15,0,0],"gold":106,"neow_bonus":"TWENTY_PERCENT_HP_BONUS","is_daily":false,"chose_seed":false,"campfire_upgraded":0,"win_rate":0.0,"timestamp":1610040364,"path_taken":["M","M","M","M","M","E","?","E"],"items_purchased_type":[],"build_version":"2020-12-22","purchased_purges":0,"victory":false,"max_hp_per_floor":[96,96,96,96,96,96,96,96,96],"card_choices":[{"not_picked":["Bloodletting","Heavy Blade"],"picked":"Clash","floor":1.0},{"not_picked":["Pommel Strike","Disarm","Uppercut"],"picked":"SKIP","floor":2.0},{"not_picked":["Spot Weakness","Anger"],"picked":"Sever Soul","floor":3.0},{"not_picked":["Cleave","Body Slam"],"picked":"Inflame","floor":4.0},{"not_picked":["Armaments","Flex"],"picked":"Reaper","floor":5.0},{"not_picked":["Body Slam","Dropkick","Dark Embrace"],"picked":"SKIP","floor":6.0}],"player_experience":296342,"relics_obtained":[{"floor":6.0,"key":"Torii"}],"event_choices":[{"damage_healed":0.0,"max_hp_gain":0.0,"max_hp_loss":0.0,"gold_gain":0.0,"event_name":"Scrap Ooze","player_choice":"Success","floor":7.0,"gold_loss":0.0,"damage_taken":12.0,"relics_obtained":["Omamori"]}],"is_beta":false,"boss_relics":[],"items_purged_floors":[],"is_endless":false,"potions_floor_spawned":[2,5],"killed_by":"Gremlin Nob","ascension_level":5}}