{"host":"6wux4armhsntp4yb","time":1610041615,"event":{"mods":["BaseMod","Colored Map","DeckTracker","Minty Spire (QoL Compilation)","Relic Stats"],"gold_per_floor":[360,119,119,119,137,137,168,168,168,168,183,183,198,0,0,0,0],"floor_reached":16,"playtime":738,"items_purged":[],"score":196,"play_id":"f941264e-dd84-45c5-9dc2-56cb47df33a9","local_time":"20210108024655","is_ascension_mode":true,"campfire_choices":[{"data":"Noxious Fumes","floor":6.0,"key":"SMITH"},{"data":"Neutralize","floor":8.0,"key":"SMITH"},{"data":"Dash","floor":10.0,"key":"SMITH"},{"data":"Apotheosis","floor":15.0,"key":"SMITH"}],"circlet_count":0,"master_deck":["AscendersBane","Strike_G","Strike_G","Strike_G","Strike_G","Strike_G","Defend_G","Defend_G","Defend_G","Defend_G+1","Defend_G+1","Survivor","Neutralize+1","Noxious Fumes+1","Dash+1","Tactician","Acrobatics","Dagger Spray","Apotheosis+1"],"relics":["Ring of the Snake","Blood Vial","War Paint","Pantograph","Shuriken"],"acts_visited":["Exordium"],"potions_floor_usage":[16,16],"damage_taken":[{"damage":16.0,"enemies":"Jaw Worm","floor":1.0,"turns":8.0},{"damage":0.0,"enemies":"2 Louse","floor":5.0,"turns":3.0},{"damage":36.0,"enemies":"Gremlin Nob","floor":7.0,"turns":5.0},{"damage":0.0,"enemies":"Cultist","floor":11.0,"turns":4.0},{"damage":5.0,"enemies":"Large Slime","floor":13.0,"turns":6.0},{"damage":28,"enemies":"Hexaghost","floor":16,"turns":9}],"seed_played":"6245640479076957399","potions_obtained":[{"floor":1.0,"key":"SteroidPotion"},{"floor":7.0,"key":"Dexterity Potion"},{"floor":11.0,"key":"BlessingOfTheForge"}],"is_trial":false,"path_per_floor":["M","$","?","?","M","R","E","R","T","R","M","?","M","$","R","B"],"character_chosen":"THE_SILENT","items_purchased":["Blood Vial","Noxious Fumes","Apotheosis"],"campfire_rested":0,"item_purchase_floors":[2,2,14],"current_hp_per_floor":[43,43,43,43,45,45,11,11,11,11,13,4,1,1,1,0,0],"gold":0,"neow_bonus":"TWO_FIFTY_GOLD","is_daily":false,"chose_seed":false,"campfire_upgraded":4,"win_rate":0.0,"timestamp":1610041615,"path_taken":["M","$","?","?","M","R","E","R","T","R","?","?","?","?","R","BOSS"],"items_purchased_type":["Relic","Card","Card"],"build_version":"2020-12-22","purchased_purges":0,"victory":false,"max_hp_per_floor":[60,60,60,60,60,60,60,60,60,60,60,60,60,60,60,60,60],"relic_stats":{"Blood Vial":10,"counters":[6,35],"Shuriken":[6],"Pantograph":25,"War Paint":["Defend_G","Defend_G"],"obtain_stats":[{"Blood Vial":2,"Shuriken":9,"Pantograph":7,"War Paint":4,"Ring of the Snake":0},{"Blood Vial":1,"Shuriken":3,"Pantograph":3,"War Paint":1,"Ring of the Snake":0},{"Blood Vial":8,"Shuriken":16,"Pantograph":16,"War Paint":8,"Ring of the Snake":0}],"Ring of the Snake":[12]},"card_choices":[{"not_picked":["Distraction","Flying Knee"],"picked":"Sucker Punch","floor":1.0},{"not_picked":["Outmaneuver","Dodge and Roll"],"picked":"Dash","floor":5.0},{"not_picked":["Quick Slash","Finisher"],"picked":"Tactician","floor":7.0},{"not_picked":["Slice","Crippling Poison"],"picked":"Acrobatics","floor":11.0},{"not_picked":["Deflect","Sucker Punch"],"picked":"Dagger Spray","floor":13.0}],"player_experience":5745139,"relics_obtained":[{"floor":7.0,"key":"Pantograph"},{"floor":9.0,"key":"Shuriken"}],"event_choices":[{"damage_healed":0.0,"max_hp_gain":0.0,"max_hp_loss":0.0,"gold_gain":0.0,"event_name":"Scrap Ooze","player_choice":"Fled","floor":3.0,"gold_loss":0.0,"damage_taken":0.0},{"cards_removed":["Sucker Punch"],"damage_healed":0.0,"max_hp_gain":0.0,"max_hp_loss":0.0,"gold_gain":0.0,"event_name":"WeMeetAgain","player_choice":"Gave Card","floor":4.0,"gold_loss":0.0,"damage_taken":0.0,"relics_obtained":["War Paint"]},{"damage_healed":0.0,"max_hp_gain":0.0,"max_hp_loss":0.0,"gold_gain":0.0,"event_name":"Wheel of Change","player_choice":"Damaged","floor":12.0,"gold_loss":0.0,"damage_taken":9.0}],"is_beta":false,"boss_relics":[],"items_purged_floors":[],"is_endless":false,"potions_floor_spawned":[1,7,11],"killed_by":"Hexaghost","ascension_level":20}}