{"host":"jvd5k9mqzerszifx","time":1610006380,"event":{"mods":["AchievementEnabler","Act Like it!","BaseMod","Conspire","Downfall","Gensokyo","Hallownest","Lobotomy","Minty Spire (QoL Compilation)","MostiFishMod","Replay The Spire","Reworked Bosses","Spicy Shops","StSLib","The Factory","The Jungle","【功能Mod】聪明的最终Boss"],"gold_per_floor":[64,64,102,102,102,160,160,214,214,214,242,242,6,30,30,236,236,272,272,296,332,282,282,402,428,592,622,734,734,836,894,918,1144,1168,1262,1286,62,162,200,200,286,286,448,564,640,18,18,56,56,62,62,62,4,66,130],"floor_reached":56,"playtime":4048,"items_purged":[],"score":2212,"play_id":"958e5c03-f0db-4cd4-8ae6-57b9c9af9c9c","local_time":"20210107155940","is_ascension_mode":true,"campfire_choices":[{"data":"Dagger Spray","floor":7,"key":"SMITH"},{"data":"Dagger Spray","floor":7,"key":"SMITH"},{"data":"Blur","floor":7,"key":"SMITH"},{"data":"Burst","floor":7,"key":"SMITH"},{"data":"Noxious Fumes","floor":7,"key":"SMITH"},{"data":"Expertise","floor":7,"key":"SMITH"},{"data":"Bouncing Flask","floor":7,"key":"SMITH"},{"data":"Bouncing Flask","floor":7,"key":"SMITH"},{"data":"Catalyst","floor":7,"key":"SMITH"},{"data":"A Thousand Cuts","floor":7,"key":"SMITH"},{"data":"Poisoned Stab","floor":7,"key":"SMITH"},{"data":"Deflect","floor":7,"key":"SMITH"},{"data":"Calculated Gamble","floor":7,"key":"SMITH"},{"data":"A Thousand Cuts+1","floor":7,"key":"PURGE"},{"data":"Terror","floor":7,"key":"SMITH"},{"floor":7,"key":"REST"},{"floor":7,"key":"REST"},{"data":"Flying Knee","floor":12,"key":"SMITH"},{"data":"Noxious Fumes","floor":12,"key":"SMITH"},{"data":"Backflip","floor":12,"key":"SMITH"},{"floor":12,"key":"RECALL"},{"floor":12,"key":"REST"},{"data":"conspire:Banana","floor":15,"key":"SMITH"},{"data":"Backflip","floor":15,"key":"SMITH"},{"data":"Panache","floor":15,"key":"SMITH"},{"data":"PiercingWail","floor":15,"key":"SMITH"},{"floor":15,"key":"REST"},{"data":"Storm of Steel","floor":23,"key":"SMITH"},{"data":"Calculated Gamble","floor":23,"key":"SMITH"},{"data":"Prepared","floor":23,"key":"SMITH"},{"data":"conspire:SpireCoStock","floor":23,"key":"SMITH"},{"floor":23,"key":"REST"},{"data":"Deflect","floor":29,"key":"SMITH"},{"data":"Endless Agony","floor":29,"key":"SMITH"},{"floor":29,"key":"REST"},{"data":"MostiFishMod:VineMother","floor":32,"key":"SMITH"},{"data":"Acrobatics","floor":32,"key":"SMITH"},{"floor":32,"key":"REST"},{"data":"Adrenaline","floor":40,"key":"SMITH"},{"data":"expansioncontent:DonusPower","floor":40,"key":"SMITH"},{"data":"MostiFishMod:Kaleido","floor":40,"key":"SMITH"},{"data":"Panacea","floor":40,"key":"SMITH"},{"data":"Discovery","floor":40,"key":"SMITH"},{"data":"Well Laid Plans","floor":40,"key":"SMITH"},{"floor":40,"key":"REST"},{"data":"Outmaneuver","floor":47,"key":"SMITH"},{"data":"Prepared","floor":47,"key":"SMITH"},{"data":"MostiFishMod:KingOfFree","floor":47,"key":"SMITH"},{"floor":47,"key":"REST"},{"data":"MostiFishMod:AdrenalineArouse","floor":49,"key":"PURGE"},{"data":"MostiFishMod:Kaleido+1","floor":49,"key":"PURGE"},{"data":"Acrobatics","floor":49,"key":"SMITH"},{"data":"Night Terror","floor":49,"key":"SMITH"},{"floor":52,"key":"REST"}],"circlet_count":0,"master_deck":["AscendersBane","Blur+1","Blur+1","Burst+1","Noxious Fumes+1","Expertise+1","Bouncing Flask+1","Bouncing Flask+1","Catalyst+1","Terror+1","Poisoned Stab+1","Deflect+1","Calculated Gamble+1","Flying Knee+1","Noxious Fumes+1","Backflip+1","conspire:Banana+1","Backflip+1","PiercingWail+1","Calculated Gamble+1","MostiFishMod:PerfectParry+1","Prepared+1","conspire:SpireCoStock+1","Deflect+1","Backstab+1","Endless Agony+1","Bane+1","MostiFishMod:VineMother+1","Acrobatics+1","Adrenaline+1","MostiFishMod:PreservedThorns+1","expansioncontent:DonusPower+1","Panacea+1","Discovery+1","Well Laid Plans+1","Slice+1","Outmaneuver+1","Blade Dance+1","Prepared+1","MostiFishMod:KingOfFree+1","Acrobatics+1","Poisoned Stab","Prepared","ReplayTheSpireMod:Shiv Toss"],"relics":["Ring of the Snake","Peace Pipe","Ginger","Turnip","Unceasing Top","Omamori","Ice Cream","The Specimen","The Courier","Medical Kit","WingedGreaves","DaveBox","Hallownest:StagBellRelic1","SynthV:TestCard","Hallownest:DreamNailRelic","Nunchaku","Happy Flower","ReplayTheSpireMod:Lightbulb","Sozu","Divine Protection","Singing Bowl","Centennial Puzzle","MawBank","JellyFishMachine","BirthdayGift-Tetrahedron","ReplayTheSpireMod:ShopPack","ReplayTheSpireMod:Shallot","Thread and Needle","Garlic","InkBottle","Guardian:PocketSentry","Replay:PocketPolymizer","Bag of Marbles","Bronze Scales","SynthV","ReplayTheSpireMod:Ring of Sloth","ReplayTheSpireMod:Ring of Exchange","Dead Branch"],"acts_visited":["Hallownest:Greenpath","TheCity","TheBeyond","TheEnding"],"potions_floor_usage":[3,25,27],"damage_taken":[{"damage":11,"enemies":"Hallownest:2_Baldur","floor":1,"turns":3},{"damage":8,"enemies":"Hallownest:2_MossCreeps","floor":3,"turns":3},{"damage":12,"enemies":"Hallownest:eliteVengeflyKing","floor":6,"turns":6},{"damage":9,"enemies":"Hallownest:eliteMossKnight","floor":8,"turns":3},{"damage":0,"enemies":"Hallownest:monsterHuskWarrior","floor":11,"turns":2},{"damage":0,"enemies":"Hallownest:1_Ooma_and_2_Uuma","floor":14,"turns":4},{"damage":18,"enemies":"Hallownest:BossBrokenVessel","floor":16,"turns":4},{"damage":0,"enemies":"Shell Parasite","floor":18,"turns":2},{"damage":14,"enemies":"conspire:FuzzyDice","floor":20,"turns":3},{"damage":0,"enemies":"Snecko","floor":21,"turns":3},{"damage":17,"enemies":"Book of Stabbing","floor":24,"turns":4},{"damage":4,"enemies":"Shelled Parasite and Fungi","floor":25,"turns":2},{"damage":0,"enemies":"Snake Plant","floor":27,"turns":2},{"damage":0,"enemies":"Replay:Snechameleon","floor":28,"turns":2},{"damage":6,"enemies":"Book of Stabbing","floor":30,"turns":3},{"damage":0,"enemies":"Cultist and Chosen","floor":31,"turns":4},{"damage":9,"enemies":"bossMod:newChamp","floor":33,"turns":7},{"damage":0,"enemies":"3 Darklings","floor":35,"turns":3},{"damage":0,"enemies":"Mind Bloom Boss Battle","floor":38,"turns":2},{"damage":0,"enemies":"Orb Walker","floor":39,"turns":1},{"damage":0,"enemies":"Reptomancer","floor":41,"turns":2},{"damage":0,"enemies":"R_Hoarder","floor":44,"turns":4},{"damage":0,"enemies":"Jaw Worm Horde","floor":45,"turns":2},{"damage":0,"enemies":"3 Darklings","floor":48,"turns":1},{"damage":0,"enemies":"bossMod:newShapes","floor":50,"turns":3},{"damage":0,"enemies":"Shield and Spear","floor":54,"turns":2},{"damage":0,"enemies":"The Heart","floor":55,"turns":3}],"seed_played":"-5163214609967086415","potions_obtained":[{"floor":1,"key":"SteroidPotion"},{"floor":8,"key":"Fire Potion"},{"floor":11,"key":"Fire Potion"},{"floor":16,"key":"SmokeBomb"}],"is_trial":false,"path_per_floor":["M","?","M","?","T","E","R","E","T","?","M","R","$","M","R","B",null,"M","?","M","M","?","R","E","M","T","M","E","R","E","M","R","B",null,"M","?","$","?","M","R","E","?","T","E","M","$","R","M","R","B",null,"R","$","E","B",null],"character_chosen":"THE_SILENT","items_purchased":["conspire:Banana","Backflip","Panache","BirthdayGift-Tetrahedron","ReplayTheSpireMod:ShopPack","expansioncontent:DonusPower","ReplayTheSpireMod:Shallot","Replay:PocketPolymizer","Bag of Marbles","MostiFishMod:KingOfFree","Bronze Scales","SynthV","Prepared"],"campfire_rested":10,"item_purchase_floors":[13,13,13,37,37,37,37,46,46,46,46,46,53],"current_hp_per_floor":[52,52,44,44,44,32,70,61,61,61,61,70,70,71,71,55,69,71,75,63,65,65,79,64,60,60,60,62,83,79,81,87,80,87,89,89,89,91,93,95,97,97,97,99,101,101,101,101,101,103,103,103,103,105,107],"gold":130,"neow_bonus":"RANDOM_EVENT","is_daily":false,"chose_seed":false,"campfire_upgraded":40,"win_rate":0.0,"timestamp":1610006380,"path_taken":["M","?","?","?","?","E","R","E","T","?","?","R","$","M","R","BOSS","M","?","M","?","?","R","E","M","T","M","E","R","E","M","R","BOSS","M","?","$","?","M","R","E","?","T","E","?","$","R","M","R","BOSS","R","$","E","BOSS"],"items_purchased_type":["Card","Card","Card","Relic","Relic","Card","Relic","Relic","Relic","Card","Relic","Relic","Card"],"build_version":"2020-12-22","purchased_purges":0,"victory":true,"max_hp_per_floor":[70,70,70,70,70,70,70,70,70,70,70,70,70,71,71,73,73,75,75,77,79,79,79,81,81,81,81,83,83,85,87,87,89,89,91,91,91,93,95,95,97,97,97,99,101,101,101,101,101,103,103,103,103,105,107],"card_choices":[{"not_picked":["Expertise","Deadly Poison"],"picked":"Poisoned Stab","floor":1},{"not_picked":["Underhanded Strike","Distraction","Cloak And Dagger","Flying Knee"],"picked":"Deflect","floor":3},{"not_picked":["Sucker Punch","Outmaneuver","Masterful Stab","Deflect"],"picked":"Calculated Gamble","floor":6},{"not_picked":["MostiFishMod:ThornCasing","Deflect","Malaise","Draining Mist"],"picked":"Flying Knee","floor":8},{"not_picked":["PiercingWail","Poisoned Stab","Hidden Blade","Dodge and Roll"],"picked":"Backflip","floor":11},{"not_picked":["Dagger Throw","Terror","Heel Hook","ReplayTheSpireMod:Speed Training"],"picked":"PiercingWail","floor":14},{"not_picked":["Unload","Burst","Corpse Explosion","Malaise"],"picked":"Storm of Steel","floor":16},{"not_picked":["Flechettes","MostiFishMod:PoisonShield+1","Heel Hook","Catalyst"],"picked":"Calculated Gamble","floor":18},{"not_picked":["PiercingWail","Hidden Blade","Poisoned Stab+1","Underhanded Strike"],"picked":"MostiFishMod:PerfectParry+1","floor":20},{"not_picked":["Deflect+1","PiercingWail","Expertise","MostiFishMod:PerfectParry"],"picked":"Prepared","floor":21},{"not_picked":["Dagger Throw+1","MostiFishMod:Wind","Blade Dance+1","Infinite Blades"],"picked":"Deflect","floor":24},{"not_picked":["Hidden Blade","PiercingWail","Distraction+1","Cloak And Dagger"],"picked":"Backstab+1","floor":25},{"not_picked":["Deadly Poison","Tactician","Skewer","Poisoned Stab"],"picked":"Endless Agony","floor":27},{"not_picked":["Slice","Draining Mist","MostiFishMod:SpreadingSpore","Outmaneuver"],"picked":"Bane+1","floor":28},{"not_picked":["Predator","Deadly Poison","Bane+1","Poisoned Stab"],"picked":"MostiFishMod:VineMother","floor":30},{"not_picked":["Predator","ReplayTheSpireMod:Tripwire","Underhanded Strike","Deflect"],"picked":"Acrobatics","floor":31},{"not_picked":["MostiFishMod:FullyArmed","MostiFishMod:Opportunism","Tools of the Trade","Night Terror"],"picked":"Adrenaline","floor":33},{"not_picked":["MostiFishMod:InvigoratingSolution","Slice+1","Dodge and Roll+1","Acrobatics+1"],"picked":"MostiFishMod:PreservedThorns+1","floor":35},{"not_picked":["Midas Touch","MostiFishMod:Mottled","MostiFishMod:BrokenBlackCloak","Chrysalis"],"picked":"MostiFishMod:Kaleido","floor":37},{"not_picked":["expansioncontent:FaceSlap","Swift Strike","Panache","Magnetism"],"picked":"Panacea","floor":37},{"not_picked":["Forethought","conspire:Banana","expansioncontent:PrepareCrush","MostiFishMod:SupremeArchaeology"],"picked":"Discovery","floor":37},{"not_picked":["MostiFishMod:PerfectParry","Dagger Throw+1","Backflip+1","Infinite Blades+1"],"picked":"Well Laid Plans","floor":38},{"not_picked":["Blade Dance+1","MostiFishMod:Dislodge","MostiFishMod:PreservedThorns","Bane+1"],"picked":"Slice+1","floor":39},{"not_picked":["MostiFishMod:PoisonShield","Prepared","Bane","Accuracy+1"],"picked":"Outmaneuver","floor":41},{"not_picked":["Bane+1","conspire:DoublingDagger+1","Bullet Time","Quick Slash"],"picked":"Blade Dance+1","floor":44},{"not_picked":["Quick Slash","Cloak And Dagger+1","ReplayTheSpireMod:Shiv Toss+1","Deflect+1"],"picked":"Prepared","floor":45},{"not_picked":["Dagger Throw+1","All Out Attack+1","Quick Slash+1","Prepared"],"picked":"Acrobatics","floor":48},{"not_picked":["Prepared","Crippling Poison+1","MostiFishMod:PerfectParry","Blur"],"picked":"ReplayTheSpireMod:Shiv Toss","floor":54}],"player_experience":169265,"relics_obtained":[{"floor":1,"key":"SynthV:TestCard"},{"floor":6,"key":"Nunchaku"},{"floor":8,"key":"Happy Flower"},{"floor":9,"key":"ReplayTheSpireMod:Lightbulb"},{"floor":24,"key":"Divine Protection"},{"floor":26,"key":"Singing Bowl"},{"floor":28,"key":"Centennial Puzzle"},{"floor":30,"key":"MawBank"},{"floor":38,"key":"Thread and Needle"},{"floor":41,"key":"Garlic"},{"floor":43,"key":"InkBottle"},{"floor":44,"key":"Guardian:PocketSentry"},{"floor":49,"key":"ReplayTheSpireMod:Ring of Sloth"},{"floor":49,"key":"ReplayTheSpireMod:Ring of Exchange"},{"floor":54,"key":"Dead Branch"}],"event_choices":[{"damage_healed":4,"gold_gain":0,"player_choice":"Full Heal","damage_taken":0,"max_hp_gain":0,"max_hp_loss":0,"event_name":"Wheel of Change","floor":19,"gold_loss":0},{"damage_healed":0,"gold_gain":0,"player_choice":"Invest 1","damage_taken":0,"max_hp_gain":0,"max_hp_loss":0,"event_name":"conspire:Investor","floor":22,"gold_loss":0},{"damage_healed":0,"gold_gain":0,"player_choice":"Ignored","damage_taken":0,"max_hp_gain":0,"max_hp_loss":0,"event_name":"Tomb of Lord Red Mask","floor":36,"gold_loss":0},{"damage_healed":0,"gold_gain":0,"player_choice":"Fight","damage_taken":0,"max_hp_gain":0,"max_hp_loss":0,"event_name":"MindBloom","floor":38,"gold_loss":0},{"cards_removed":["Panache"],"damage_healed":0,"gold_gain":0,"player_choice":"Removed Power","damage_taken":0,"max_hp_gain":0,"max_hp_loss":0,"event_name":"Falling","floor":42,"gold_loss":0}],"is_beta":false,"boss_relics":[{"not_picked":["Ectoplasm","ChewingGum"],"picked":"Sozu"},{"not_picked":["ReplayTheSpireMod:DimensionalGlitch","EE1DDrone"],"picked":"JellyFishMachine"}],"items_purged_floors":[],"is_endless":false,"potions_floor_spawned":[1,8,11,16,20,27,28,33,35,38,41,44],"ascension_level":10}}