{"host":"wwy36mgtdouptwjr","time":1610006976,"event":{"mods":["AchievementEnabler","Aspiration","BaseMod","Better Third Choice","BetterRewards","Colored Map","Colored Powertips","Downfall","Hermit","Highlight Path","Hubris","Marisa????????","Minty Spire (QoL Compilation)","Replay The Spire","StSLib","Td1madao Mod","The Cursed","The Necromancer","The Servant 0.9.4"],"gold_per_floor":[114,114,114,134,153,196,196,229,229,265,265,12,30,43,43,167,167,185,185,185,199,224,224,264,136,160,198,223,223,243,259,259,259,259],"floor_reached":33,"playtime":4009,"items_purged":[],"score":372,"play_id":"e5031881-e275-42f1-b7da-9bf6b3c26fc0","local_time":"20210107110936","is_ascension_mode":true,"campfire_choices":[{"data":"Distraction","floor":7,"key":"SMITH"},{"data":"expansioncontent:StudyTheSpire","floor":23,"key":"SMITH"},{"floor":29,"key":"REST"},{"floor":32,"key":"DIG"}],"circlet_count":0,"master_deck":["Strike_G","Strike_G","Strike_G","Strike_G","Strike_G","Defend_G","Defend_G","Defend_G","Defend_G","Defend_G","Survivor","Neutralize","Caltrops","Injury","Quick Slash","Infinite Blades","Distraction+1","Poisoned Stab","Prepared+1","Leg Sweep","Flying Knee","expansioncontent:StudyTheSpire+1","Well Laid Plans","Blur","Bane","Terror","Deadly Poison","ReplayTheSpireMod:Necrosis","Concentrate+1","Deadly Poison","Reflex","Outmaneuver+1","Blade Dance+1","Sucker Punch","Die Die Die","expansioncontent:Collect","Fluid Movement","Pot Of Greed","Pot Of Greed","Pot Of Greed","Pot Of Greed","Infinite Blades","Flying Knee","Draining Mist","Footwork","Catalyst","Adrenaline","Caltrops+1"],"relics":["Ring of the Snake","Golden Idol","Prayer Wheel","Nunchaku","Bird Faced Urn","StoneCalendar","Singing Bowl","hubris:Towel","hubris:ScarierMask","Incense Burner","Bronze Scales","Grinning Jar","Replay:Baseball"],"acts_visited":["Exordium","TheCity"],"potions_floor_usage":[8,8,16,18,24,27,31,33],"damage_taken":[{"damage":0,"enemies":"Cultist","floor":1,"turns":4},{"damage":0,"enemies":"Small Slimes","floor":4,"turns":5},{"damage":3,"enemies":"Jaw Worm","floor":5,"turns":4},{"damage":16,"enemies":"Replay:BlueRogue","floor":6,"turns":7},{"damage":16,"enemies":"Gremlin Nob","floor":8,"turns":4},{"damage":11,"enemies":"Lagavulin","floor":10,"turns":7},{"damage":16,"enemies":"Large Slime","floor":13,"turns":7},{"damage":1,"enemies":"Lots of Slimes","floor":14,"turns":7},{"damage":11,"enemies":"The Guardian","floor":16,"turns":8},{"damage":0,"enemies":"Chosen","floor":18,"turns":6},{"damage":0,"enemies":"3 Byrds","floor":21,"turns":4},{"damage":22,"enemies":"Snake Plant","floor":22,"turns":4},{"damage":14,"enemies":"Slavers","floor":24,"turns":6},{"damage":40,"enemies":"Book of Stabbing","floor":27,"turns":5},{"damage":19,"enemies":"Shelled Parasite and Fungi","floor":28,"turns":4},{"damage":9,"enemies":"Cultist and Chosen","floor":30,"turns":4},{"damage":15,"enemies":"3 Cultists","floor":31,"turns":5},{"damage":39,"enemies":"Automaton","floor":33,"turns":4}],"seed_played":"923107777476617515","potions_obtained":[{"floor":1,"key":"BlessingOfTheForge"},{"floor":6,"key":"Block Potion"},{"floor":13,"key":"FairyPotion"},{"floor":14,"key":"Languid Potion"},{"floor":16,"key":"AttackPotion"},{"floor":21,"key":"GhostInAJar"},{"floor":22,"key":"Reflective Coating"},{"floor":28,"key":"Weak Potion"},{"floor":31,"key":"LiquidBronze"}],"is_trial":false,"path_per_floor":["M","?","?","M","M","E","R","E","T","E","?","$","M","M","R_BF","B",null,"M","?","?","M","M","R","E","$","T","E","M","R","M","M","R_BF","B"],"character_chosen":"THE_SILENT","items_purchased":["expansioncontent:StudyTheSpire","Well Laid Plans","expansioncontent:Collect","Fluid Movement"],"campfire_rested":1,"item_purchase_floors":[12,12,25,25],"current_hp_per_floor":[70,70,70,70,67,51,51,35,35,28,28,28,22,25,46,39,70,70,70,70,70,54,54,52,52,52,20,3,24,19,6,6,0,0],"gold":259,"neow_bonus":"","is_daily":false,"chose_seed":false,"campfire_upgraded":2,"win_rate":0.0,"timestamp":1610006976,"path_taken":["M","?","?","?","M","E","R","E","T","E","?","$","M","M","R_BF","BOSS","M","?","?","?","M","R","E","?","T","E","?","R","M","M","R_BF","BOSS"],"items_purchased_type":["Card","Card","Card","Card"],"build_version":"2020-12-22","purchased_purges":0,"victory":false,"max_hp_per_floor":[70,70,70,70,70,70,70,70,70,70,70,70,70,70,70,70,70,70,70,70,70,70,70,70,70,70,70,70,70,70,70,70,70,70],"card_choices":[{"not_picked":["Prepared","Deadly Poison"],"picked":"Caltrops","floor":1},{"not_picked":["Deflect","ReplayTheSpireMod:Exploit Weakness"],"picked":"Quick Slash","floor":4},{"not_picked":["Deflect","Sucker Punch"],"picked":"Infinite Blades","floor":4},{"not_picked":["Finisher","Poisoned Stab"],"picked":"Distraction","floor":5},{"not_picked":["Hidden Blade","Dagger Throw"],"picked":"Poisoned Stab","floor":5},{"not_picked":["Blade Dance","Tactician"],"picked":"Prepared","floor":6},{"not_picked":["ReplayTheSpireMod:Exploit Weakness","Masterful Stab"],"picked":"Leg Sweep","floor":8},{"not_picked":["Dagger Spray","Die Die Die"],"picked":"Flying Knee","floor":10},{"not_picked":["Deadly Poison","Cloak And Dagger"],"picked":"Blur","floor":13},{"not_picked":["Slice","Underhanded Strike"],"picked":"Bane","floor":13},{"not_picked":["Bane","Blade Dance"],"picked":"Terror","floor":14},{"not_picked":["hubris:SlightOfHand","Acrobatics"],"picked":"Deadly Poison","floor":14},{"not_picked":["aspiration:Lunge","Venomology"],"picked":"ReplayTheSpireMod:Necrosis","floor":16},{"not_picked":["Dagger Throw","Slice"],"picked":"Concentrate+1","floor":18},{"not_picked":["hubris:Counter","Caltrops"],"picked":"Deadly Poison","floor":18},{"not_picked":["Slice","Toxin Wave"],"picked":"Reflex","floor":21},{"not_picked":["Dash","Underhanded Strike"],"picked":"Outmaneuver+1","floor":21},{"not_picked":["Deflect","Acrobatics+1"],"picked":"Blade Dance+1","floor":22},{"not_picked":["Blade Dance","Flechettes"],"picked":"Sucker Punch","floor":22},{"not_picked":["Deadly Poison","Setup"],"picked":"Die Die Die","floor":24},{"not_picked":["hubris:Counter","Terror"],"picked":"Infinite Blades","floor":27},{"not_picked":["Concentrate","Underhanded Strike"],"picked":"Flying Knee","floor":28},{"not_picked":["Blade Dance","hubris:SlightOfHand"],"picked":"Draining Mist","floor":28},{"not_picked":["Concentrate","Poisoned Stab"],"picked":"Footwork","floor":30},{"not_picked":["Dagger Throw","Concentrate+1"],"picked":"Catalyst","floor":30},{"not_picked":["Poisoned Stab","Prepared"],"picked":"Adrenaline","floor":31},{"not_picked":["Sucker Punch","All Out Attack"],"picked":"Caltrops+1","floor":31}],"player_experience":361039,"relics_obtained":[{"floor":3,"key":"Prayer Wheel"},{"floor":6,"key":"Nunchaku"},{"floor":8,"key":"Bird Faced Urn"},{"floor":9,"key":"StoneCalendar"},{"floor":10,"key":"Singing Bowl"},{"floor":24,"key":"Incense Burner"},{"floor":26,"key":"Bronze Scales"},{"floor":27,"key":"Grinning Jar"},{"floor":32,"key":"Replay:Baseball"}],"event_choices":[{"damage_healed":0,"gold_gain":0,"player_choice":"Take Wound","damage_taken":0,"relics_obtained":["Golden Idol"],"max_hp_gain":0,"max_hp_loss":0,"event_name":"Golden Idol","floor":2,"gold_loss":0,"cards_obtained":["Injury"]},{"damage_healed":0,"gold_gain":0,"player_choice":"Relic","damage_taken":0,"max_hp_gain":0,"max_hp_loss":0,"event_name":"Wheel of Change","floor":3,"gold_loss":0},{"damage_healed":0,"gold_gain":0,"player_choice":"Ignored","damage_taken":0,"max_hp_gain":0,"max_hp_loss":0,"event_name":"Vampires","floor":19,"gold_loss":0},{"damage_healed":0,"gold_gain":0,"player_choice":"Ignored","damage_taken":0,"max_hp_gain":0,"max_hp_loss":0,"event_name":"NoteForYourself","floor":20,"gold_loss":0}],"is_beta":false,"boss_relics":[{"not_picked":["Ectoplasm","Runic Dome"],"picked":"hubris:ScarierMask"}],"items_purged_floors":[],"is_endless":false,"potions_floor_spawned":[1,6,13,14,16,21,22,28,31],"killed_by":"Automaton","ascension_level":1}}