{"host":"vumwfieg2b2mnrfl","time":1610046135,"event":{"mods":["AchievementEnabler","BaseMod","Minty Spire (QoL Compilation)","Rare Cards Sparkle","Relic Stats"],"gold_per_floor":[110,130,140,140,158,189,189,189,189,34,34,51,86,45,45,119,119,138,148,148,98,98,98,98,110,110,145,76,76,76],"floor_reached":29,"playtime":855,"items_purged":["Decay","Strike_G"],"score":439,"play_id":"684c1533-a9cc-4cd1-b779-25baf8f2ede3","local_time":"20210107130215","is_ascension_mode":true,"campfire_choices":[{"floor":7,"key":"REST"},{"data":"Noxious Fumes","floor":11,"key":"SMITH"},{"data":"Footwork","floor":15,"key":"SMITH"},{"floor":23,"key":"REST"}],"circlet_count":0,"master_deck":["AscendersBane","Strike_G+1","Strike_G+1","Strike_G+1","Defend_G+1","Defend_G+1","Defend_G+1","Defend_G+1","Defend_G+1","Survivor","Neutralize","Blade Dance","Dagger Spray+1","Choke+1","Noxious Fumes+1","Footwork+1","Noxious Fumes","Noxious Fumes","Venomology","RitualDagger","Catalyst"],"relics":["Busted Crown","Matryoshka","Oddly Smooth Stone","Meat on the Bone","Smiling Mask","SacredBark","Bag of Marbles","Whetstone","Art of War"],"acts_visited":["Exordium","TheCity"],"potions_floor_usage":[16,16,18,18,19,25,25,27,29],"damage_taken":[{"damage":0,"enemies":"Cultist","floor":1,"turns":5},{"damage":8,"enemies":"2 Louse","floor":2,"turns":2},{"damage":2,"enemies":"Jaw Worm","floor":3,"turns":4},{"damage":2,"enemies":"Lots of Slimes","floor":5,"turns":4},{"damage":9,"enemies":"3 Sentries","floor":6,"turns":10},{"damage":6,"enemies":"3 Louse","floor":12,"turns":2},{"damage":12,"enemies":"Lagavulin","floor":13,"turns":6},{"damage":24,"enemies":"Slime Boss","floor":16,"turns":10},{"damage":23,"enemies":"2 Thieves","floor":18,"turns":4},{"damage":3,"enemies":"3 Byrds","floor":19,"turns":3},{"damage":19,"enemies":"Snecko","floor":25,"turns":7},{"damage":31,"enemies":"Gremlin Leader","floor":27,"turns":6},{"damage":15,"enemies":"Snake Plant","floor":29,"turns":2}],"seed_played":"2689967914595326861","potions_obtained":[{"floor":3,"key":"LiquidBronze"},{"floor":12,"key":"Block Potion"},{"floor":13,"key":"AttackPotion"},{"floor":16,"key":"CunningPotion"},{"floor":19,"key":"AttackPotion"}],"is_trial":false,"path_per_floor":["M","M","M","?","M","E","R","?","T","$","R","M","E","$","R","B",null,"M","M","?","$","?","R","?","M","T","E","$","M"],"character_chosen":"THE_SILENT","items_purchased":["Noxious Fumes","Noxious Fumes","Catalyst"],"campfire_rested":2,"item_purchase_floors":[10,14,28],"current_hp_per_floor":[59,51,49,42,40,31,50,50,50,50,50,44,44,44,44,32,58,35,44,26,26,20,41,41,34,34,15,15,0,0],"gold":76,"neow_bonus":"BOSS_RELIC","is_daily":false,"chose_seed":false,"campfire_upgraded":2,"win_rate":0.0,"timestamp":1610046135,"path_taken":["M","M","?","?","M","E","R","?","T","$","R","?","E","$","R","BOSS","M","M","?","$","?","R","?","M","T","E","$","M"],"items_purchased_type":["Card","Card","Card"],"build_version":"2020-12-22","purchased_purges":2,"victory":false,"max_hp_per_floor":[66,66,66,66,66,66,66,66,66,66,66,66,66,66,66,66,66,66,66,71,71,71,71,71,71,71,71,71,71,71],"relic_stats":{"Busted Crown":24,"counters":[13,65],"Art of War":[0],"Whetstone":["Choke","Dagger Spray"],"Smiling Mask":50,"obtain_stats":[{"Busted Crown":0,"Matryoshka":6,"SacredBark":17,"Oddly Smooth Stone":9,"Bag of Marbles":26,"Art of War":27,"Whetstone":26,"Smiling Mask":13,"Ring of the Snake":0,"Meat on the Bone":9},{"Busted Crown":0,"Matryoshka":5,"SacredBark":8,"Oddly Smooth Stone":5,"Bag of Marbles":11,"Art of War":12,"Whetstone":11,"Smiling Mask":7,"Ring of the Snake":0,"Meat on the Bone":5},{"Busted Crown":0,"Matryoshka":25,"SacredBark":43,"Oddly Smooth Stone":25,"Bag of Marbles":57,"Art of War":63,"Whetstone":57,"Smiling Mask":33,"Ring of the Snake":0,"Meat on the Bone":25}],"Meat on the Bone":60},"card_choices":[{"not_picked":[],"picked":"Blade Dance","floor":1},{"not_picked":["Prepared"],"picked":"SKIP","floor":2},{"not_picked":[],"picked":"Dagger Spray","floor":3},{"not_picked":["Outmaneuver"],"picked":"SKIP","floor":5},{"not_picked":[],"picked":"Choke","floor":6},{"not_picked":[],"picked":"Footwork","floor":12},{"not_picked":[],"picked":"Noxious Fumes","floor":13},{"not_picked":[],"picked":"Venomology","floor":16},{"not_picked":["Slice"],"picked":"SKIP","floor":18},{"not_picked":["Deadly Poison"],"picked":"SKIP","floor":19},{"not_picked":["Choke"],"picked":"SKIP","floor":25},{"not_picked":["Skewer"],"picked":"SKIP","floor":27}],"player_experience":382086,"relics_obtained":[{"floor":6,"key":"Matryoshka"},{"floor":9,"key":"Oddly Smooth Stone"},{"floor":9,"key":"Meat on the Bone"},{"floor":13,"key":"Smiling Mask"},{"floor":26,"key":"Bag of Marbles"},{"floor":26,"key":"Whetstone"},{"floor":27,"key":"Art of War"}],"event_choices":[{"cards_removed":["Strike_G"],"damage_healed":0,"gold_gain":0,"player_choice":"Card Removal","damage_taken":7,"max_hp_gain":0,"max_hp_loss":0,"event_name":"Golden Wing","floor":4,"gold_loss":0},{"damage_healed":0,"gold_gain":0,"player_choice":"Cursed","damage_taken":0,"max_hp_gain":0,"max_hp_loss":0,"event_name":"Wheel of Change","floor":8,"gold_loss":0,"cards_obtained":["Decay"]},{"damage_healed":0,"gold_gain":0,"player_choice":"Shed Blood","damage_taken":23,"max_hp_gain":5,"max_hp_loss":0,"event_name":"Forgotten Altar","floor":20,"gold_loss":0},{"damage_healed":0,"gold_gain":0,"player_choice":"Joined the Cult","damage_taken":6,"max_hp_gain":0,"max_hp_loss":0,"event_name":"Nest","floor":22,"gold_loss":0,"cards_obtained":["RitualDagger"]},{"damage_healed":0,"gold_gain":0,"player_choice":"Simplicity","damage_taken":0,"max_hp_gain":0,"max_hp_loss":0,"event_name":"Back to Basics","floor":24,"gold_loss":0,"cards_upgraded":["Strike_G","Strike_G","Strike_G","Defend_G","Defend_G","Defend_G","Defend_G","Defend_G"]}],"is_beta":false,"boss_relics":[{"not_picked":["Snecko Eye","Runic Pyramid"],"picked":"SacredBark"}],"items_purged_floors":[10,21],"is_endless":false,"potions_floor_spawned":[3,12,13,16,19],"killed_by":"Snake Plant","ascension_level":15}}