{"host":"flm17o2q7bfjyna6","time":1610053334,"event":{"mods":["2.2 Compatiblity","Act Like it!","BaseMod","Better Altar","Better Match","Better Note","Better Sensory Stone","Better Skull","Better Third Choice","Better Vampires","Colored Map","Colored Powertips","DeckTracker","Hermit","Minty Spire (QoL Compilation)","Quick Restart","Replay The Spire","Reworked Bosses","Spicy Shops","StSLib","Wandering Minibosses"],"gold_per_floor":[109,72,72,72,88,120,132,167,167,195,3,0,12,12,12,12,12],"floor_reached":16,"playtime":551,"items_purged":["Languid"],"score":215,"play_id":"17291db7-7366-4bb7-a3e5-5f4d0af2e217","local_time":"20210107160214","is_ascension_mode":true,"campfire_choices":[{"data":"Zap","floor":15,"key":"SMITH"}],"circlet_count":0,"master_deck":["AscendersBane","Strike_B","Strike_B","Strike_B","Strike_B","Defend_B","Defend_B","Defend_B","Defend_B","Zap+1","Dualcast","Cold Snap","Reinforced Body","BasicCrystalCard","Double Energy","Steam","Meteor Strike","Electrodynamics","Compile Driver","Burn"],"relics":["Cracked Core","NeowsBlessing","ReplayTheSpireMod:Ring of Exchange","Pet Ghost","Smiling Mask","Matryoshka","Bag of Marbles","Ginger","betterThird:SlimedRelic"],"acts_visited":["Exordium"],"potions_floor_usage":[16],"damage_taken":[{"damage":0,"enemies":"Cultist","floor":1,"turns":1},{"damage":0,"enemies":"Small Slimes","floor":5,"turns":1},{"damage":0,"enemies":"Gremlin Nob","floor":6,"turns":1},{"damage":3,"enemies":"Jaw Worm","floor":7,"turns":3},{"damage":10,"enemies":"Lagavulin","floor":8,"turns":8},{"damage":15,"enemies":"Replay:BlueRogue","floor":10,"turns":14},{"damage":14,"enemies":"Blue Slaver","floor":13,"turns":3},{"damage":0,"enemies":"Hexaghost","floor":16,"turns":7}],"seed_played":"-6923672351024546692","potions_obtained":[{"floor":5,"key":"Energy Potion"},{"floor":8,"key":"Adrenaline Potion"},{"floor":13,"key":"Weak Potion"}],"is_trial":false,"path_per_floor":["M","$","?","$","M","E","M","E","T","E","$","?","M","?","R","B"],"character_chosen":"DEFECT","items_purchased":["Reinforced Body","Ginger"],"campfire_rested":0,"item_purchase_floors":[2,11],"current_hp_per_floor":[68,68,68,68,68,68,65,55,55,40,40,29,15,15,15,15,15],"gold":12,"neow_bonus":"THREE_ENEMY_KILL","is_daily":false,"chose_seed":false,"campfire_upgraded":1,"win_rate":0.0,"timestamp":1610053334,"path_taken":["M","?","?","$","M","E","M","E","T","E","?","?","M","?","R","BOSS"],"items_purchased_type":["Card","Relic"],"build_version":"2020-12-22","purchased_purges":1,"victory":false,"max_hp_per_floor":[75,75,75,75,75,75,75,75,75,75,75,75,75,75,75,75,75],"card_choices":[{"not_picked":["Storm","Blizzard"],"picked":"Cold Snap","floor":1},{"not_picked":["Barrage","Reprogram"],"picked":"BasicCrystalCard","floor":5},{"not_picked":["Scrape","Aggregate"],"picked":"Double Energy","floor":6},{"not_picked":["Beam Cell","Aggregate"],"picked":"Steam","floor":7},{"not_picked":["Leap","Steam"],"picked":"Meteor Strike","floor":8},{"not_picked":["Compile Driver","Buffer"],"picked":"Electrodynamics","floor":10},{"not_picked":["Gash","White Noise"],"picked":"Compile Driver","floor":13}],"player_experience":1648934,"relics_obtained":[{"floor":3,"key":"ReplayTheSpireMod:Ring of Exchange"},{"floor":6,"key":"Pet Ghost"},{"floor":8,"key":"Smiling Mask"},{"floor":9,"key":"Matryoshka"},{"floor":10,"key":"Bag of Marbles"}],"event_choices":[{"damage_healed":0,"gold_gain":0,"player_choice":"Slimed","damage_taken":11,"max_hp_gain":0,"max_hp_loss":0,"event_name":"betterThird:BetterGoop","floor":12,"gold_loss":3},{"damage_healed":15,"gold_gain":0,"player_choice":"Embrace Burn","damage_taken":0,"max_hp_gain":0,"max_hp_loss":75,"event_name":"betterThird:BetterShining","floor":14,"gold_loss":0}],"is_beta":false,"boss_relics":[],"items_purged_floors":[11],"is_endless":false,"potions_floor_spawned":[5,8,13],"killed_by":"Hexaghost","ascension_level":10}}