{"host":"ymw71f7rc9ndansy","time":1610026367,"event":{"mods":["ATMod(阿瑾Mod)","Act Like it!","Aspiration","BaseMod","DeckTracker","Evolution","Hubris","Library of Ruina","Library of Ruina Extra","Lobotomy","LobotomyExtend","Minty Spire (QoL Compilation)","MostiFishMod","Remove Card Discount Mod","Replay The Spire","StSLib","TestMod","The Invoker Mod","【功能Mod】精心准备","【遗物卡牌】REMEMod"],"gold_per_floor":[110,110,0,15,27,61,61,88,88,88,88,98,98,108,108,209,209,209],"floor_reached":17,"playtime":417,"items_purged":["Dark Embrace"],"score":215,"play_id":"49afa613-0d4d-4214-8c43-af863d4deedf","local_time":"20210107213247","is_ascension_mode":false,"campfire_choices":[{"data":"Armaments","floor":7,"key":"SMITH"},{"data":"Offering","floor":10,"key":"SMITH"},{"data":"MostiFishMod:RainCloud","floor":13,"key":"SMITH"},{"data":"True Grit","floor":15,"key":"SMITH"}],"circlet_count":0,"master_deck":["Strike_R","Strike_R","Strike_R","Strike_R","Strike_R","Defend_R","Defend_R","Defend_R","Defend_R","Bash","MostiFishMod:RainCloud+1","Pommel Strike","Clumsy","Dark Embrace","Armaments+1","ReplayTheSpireMod:Strike From Hell","Offering+1","True Grit+1","ReplayTheSpireMod:Strike From Hell","MostiFishMod:RacingGame"],"relics":["EVO:Axolotl","testmod-TestBox","DaveBox","REME_ComplimentaryCards","AT_ATBox","AT_SeraphEmbrace","SynthV:TestCard","MealTicket","hubris:BottledRain","hubris:PeanutButter","Black Star"],"acts_visited":["Exordium","TheCity"],"potions_floor_usage":[],"damage_taken":[{"damage":6,"enemies":"Jaw Worm","floor":1,"turns":2},{"damage":1,"enemies":"Cultist","floor":4,"turns":3},{"damage":6,"enemies":"2 Louse","floor":5,"turns":3},{"damage":18,"enemies":"Lagavulin","floor":6,"turns":5},{"damage":29,"enemies":"Replay:BlueRogue","floor":8,"turns":5},{"damage":0,"enemies":"Red Slaver","floor":12,"turns":2},{"damage":0,"enemies":"Looter","floor":14,"turns":2},{"damage":0,"enemies":"Slime Boss","floor":16,"turns":2}],"seed_played":"-8423086027852083409","potions_obtained":[{"floor":4,"key":"Energy Potion"},{"floor":5,"key":"Strength Potion"},{"floor":12,"key":"HeartOfIron"}],"is_trial":false,"path_per_floor":["M","?","$","M","M","E","R","E","T","R","?","M","R","M","R","B",null],"character_chosen":"IRONCLAD","items_purchased":["Dark Embrace","Armaments"],"campfire_rested":0,"item_purchase_floors":[3,3],"current_hp_per_floor":[74,74,74,73,67,49,49,20,20,20,20,20,20,20,20,20,80,80],"gold":209,"neow_bonus":"THREE_RARE_CARDS","is_daily":false,"chose_seed":false,"campfire_upgraded":4,"win_rate":0.0,"timestamp":1610026367,"path_taken":["M","?","?","?","M","E","R","E","T","R","?","M","R","M","R","BOSS"],"items_purchased_type":["Card","Card"],"build_version":"2020-12-22","purchased_purges":1,"victory":false,"max_hp_per_floor":[80,80,80,80,80,80,80,80,80,80,80,80,80,80,80,80,80,80],"card_choices":[{"not_picked":["Immolate","Reaper"],"picked":"MostiFishMod:RainCloud","floor":0},{"not_picked":["hubris:ReadiedAction","Body Slam"],"picked":"Pommel Strike","floor":1},{"not_picked":["Run Through","Cleave","hubris:SharpeningStone","ReplayTheSpireMod:Corrosion Curse","Sentinel"],"picked":"SKIP","floor":4},{"not_picked":["Battle Trance","Metallicize","Rupture","Twin Strike"],"picked":"ReplayTheSpireMod:Strike From Hell","floor":5},{"not_picked":["hubris:CleavingFinish","Life Link","Pummel","Warcry"],"picked":"Offering","floor":6},{"not_picked":["Flame Barrier","Dropkick","Rage","Shrug It Off"],"picked":"True Grit","floor":8},{"not_picked":["AT_IchimonjiDouble","Wild Strike","Sword Boomerang","Run Through","Flame Barrier"],"picked":"SKIP","floor":12},{"not_picked":["Wild Strike","MostiFishMod:WingOfPhoenix","hubris:CleavingFinish","Cleave"],"picked":"ReplayTheSpireMod:Strike From Hell","floor":14},{"not_picked":["Impervious","MostiFishMod:TemporaryOutbreak","Exhume","AT_Dispersion"],"picked":"MostiFishMod:RacingGame","floor":16}],"player_experience":1088609,"relics_obtained":[{"floor":1,"key":"SynthV:TestCard"},{"floor":6,"key":"MealTicket"},{"floor":8,"key":"hubris:BottledRain"},{"floor":9,"key":"hubris:PeanutButter"}],"event_choices":[{"damage_healed":0,"gold_gain":0,"cards_transformed":["Replay:Hysterical Blindness"],"player_choice":"Transformed","damage_taken":0,"max_hp_gain":0,"max_hp_loss":0,"event_name":"Transmorgrifier","floor":2,"gold_loss":0,"cards_obtained":["Clumsy"]}],"is_beta":false,"boss_relics":[{"not_picked":["ChiXiaoBlade","FeatherPendant"],"picked":"Black Star"}],"items_purged_floors":[3],"is_endless":false,"potions_floor_spawned":[4,5,12],"ascension_level":0}}