{"host":"l4am8ae7vj09bp0g","time":1610015961,"event":{"mods":["Act Like it!","BaseMod","Colored Powertips","Conspire","LagranYue(¿≠∏Ò¿ °§‘¬)","Minty Spire (QoL Compilation)","Quick Restart","Relic Filter","Replay The Spire","Shop Mod","StSLib","SuperFastMode","TestMod","vexMod"],"gold_per_floor":[118,138,138,63,63,91,123,133,133,168,199,229,256,283,283,386,386,402,402,435,446,148,176,207,241,322,355,383,415,446,481,481,582,582,598,196,251,61,112,147,147,178,178,203,238,238,270,296,296,396,396,396],"floor_reached":51,"playtime":4322,"items_purged":["Strike_R","Looming Evil"],"score":1466,"play_id":"5e919383-bf45-49cd-8b36-8afbff5badbc","local_time":"20210107183921","daily_mods":["Heirloom","Time Dilation","Flight","DeadlyEvents","Cursed Run","Elite Swarm"],"is_ascension_mode":true,"campfire_choices":[{"data":"Feed","floor":15.0,"key":"SMITH"},{"data":"Limit Break","floor":32.0,"key":"SMITH"},{"floor":41.0,"key":"REST"},{"data":"Limit Break","floor":46,"key":"SMITH"},{"data":"True Grit","floor":49,"key":"SMITH"}],"circlet_count":0,"master_deck":["Strike_R","Bash","Offering+1","Feed","Barricade","Dual Wield","Feed+1","Reaper","Limit Break+1","True Grit","Berserk","Offering","Feed","Limit Break+1","conspire:Purge","Offering","True Grit+1","Shrug It Off","Second Wind+1","Eclipse","Demon Form","Exhume","conspire:Blindness"],"relics":["Cursed Key","Darkstone Periapt","Du-Vu Doll","testmod-TestBox","LagranYue:RandomDrawCardRelic","testmod-Maize","ReplayTheSpireMod:Spearhead","Darkstone Periapt","Centennial Puzzle","Chameleon Ring","Red Mask","MerchantsRug","Quantum Egg","Unceasing Top","Peace Pipe","Replay:Accelerometer","testmod-Fortitude","testmod-OneHitWonder","vexMod:FocusSash","LagranYue:ContractPerformanceRelic","vexMod:Spyglass","Gremlin Horn","FossilizedHelix","King of Hearts","conspire:DeflatedDodgeball","testmod-Motorcycle","Bird Faced Urn","Smiling Mask","Akabeko"],"acts_visited":["Exordium","TheCity","TheBeyond","Exordium"],"potions_floor_usage":[42,50],"damage_taken":[{"damage":1.0,"enemies":"Jaw Worm","floor":1.0,"turns":2.0},{"damage":2.0,"enemies":"Small Slimes","floor":2.0,"turns":3.0},{"damage":24.0,"enemies":"Lagavulin","floor":6.0,"turns":4.0},{"damage":0.0,"enemies":"Replay:BlueRogue","floor":7.0,"turns":2.0},{"damage":1.0,"enemies":"Cultist","floor":8.0,"turns":3.0},{"damage":6.0,"enemies":"Lagavulin","floor":10.0,"turns":5.0},{"damage":34.0,"enemies":"3 Sentries","floor":11.0,"turns":11.0},{"damage":6.0,"enemies":"Gremlin Nob","floor":12.0,"turns":3.0},{"damage":42.0,"enemies":"3 Sentries","floor":13.0,"turns":7.0},{"damage":6.0,"enemies":"Gremlin Nob","floor":14.0,"turns":1.0},{"damage":37.0,"enemies":"Hexaghost","floor":16.0,"turns":9.0},{"damage":20.0,"enemies":"2 Thieves","floor":18.0,"turns":2.0},{"damage":101.0,"enemies":"Masked Bandits","floor":20.0,"turns":7.0},{"damage":69.0,"enemies":"conspire:FuzzyDice","floor":21.0,"turns":6.0},{"damage":50.0,"enemies":"conspire:Head Lice","floor":23.0,"turns":8.0},{"damage":26.0,"enemies":"Replay:Snechameleon","floor":24.0,"turns":5.0},{"damage":50.0,"enemies":"conspire:SneckoGhost","floor":25.0,"turns":4.0},{"damage":35.0,"enemies":"Replay:Snechameleon","floor":27.0,"turns":4.0},{"damage":17.0,"enemies":"conspire:Head Lice","floor":28.0,"turns":3.0},{"damage":58.0,"enemies":"Slavers","floor":29.0,"turns":4.0},{"damage":13.0,"enemies":"conspire:Head Lice","floor":30.0,"turns":2.0},{"damage":31.0,"enemies":"conspire:SneckoGhost","floor":31.0,"turns":3.0},{"damage":63.0,"enemies":"Automaton","floor":33.0,"turns":5.0},{"damage":48.0,"enemies":"Orb Walker","floor":35.0,"turns":4.0},{"damage":78.0,"enemies":"2 Orb Walkers","floor":37.0,"turns":6.0},{"damage":116.0,"enemies":"conspire:MimicChest","floor":39.0,"turns":13.0},{"damage":57.0,"enemies":"Nemesis","floor":40.0,"turns":11.0},{"damage":29,"enemies":"Reptomancer","floor":42,"turns":6},{"damage":21,"enemies":"R_Hoarder","floor":44,"turns":4},{"damage":2,"enemies":"Nemesis","floor":45,"turns":3},{"damage":15,"enemies":"R_Hoarder","floor":47,"turns":7},{"damage":40,"enemies":"Nemesis","floor":48,"turns":9},{"damage":111,"enemies":"Donu and Deca","floor":50,"turns":7}],"seed_played":"8366363828082818269","potions_obtained":[{"floor":5.0,"key":"Elixir"},{"floor":5.0,"key":"EssenceOfSteel"},{"floor":5.0,"key":"Venom Potion"},{"floor":6.0,"key":"LiquidMemories"},{"floor":12.0,"key":"Fire Potion"},{"floor":13.0,"key":"Swift Potion"},{"floor":14.0,"key":"Fire Potion"},{"floor":18.0,"key":"SmokeBomb"},{"floor":20.0,"key":"SteroidPotion"},{"floor":23.0,"key":"EssenceOfSteel"},{"floor":30.0,"key":"Elixir"},{"floor":33.0,"key":"ColorlessPotion"},{"floor":45,"key":"ElixirPotion"},{"floor":47,"key":"CultistPotion"},{"floor":48,"key":"Explosive Potion"}],"is_trial":true,"path_per_floor":["M","M","?","$","?","E","E","M","T","E","E","E","E","E","R","B",null,"M","?","?","M","$","E","E","E","T","E","E","E","E","E","R","B",null,"M","$","?","$","?","E","R","E","T","E","E","R","E","E","R","B",null],"character_chosen":"IRONCLAD","items_purchased":["MerchantsRug","Lee\u0027s Waffle","vexMod:Spyglass","Gremlin Horn","True Grit","Shrug It Off","King of Hearts"],"campfire_rested":1,"item_purchase_floors":[22,22,36,36,36,38,38],"current_hp_per_floor":[79,77,77,77,77,53,56,58,70,67,42,45,24,31,31,18,138,126,126,44,35,164,114,92,59,71,58,85,61,52,58,58,168,215,179,179,119,119,47,6,72,96,108,90,95,95,93,66,66,27,257,257],"gold":396,"neow_bonus":"","is_daily":false,"chose_seed":false,"campfire_upgraded":4,"win_rate":0.0,"timestamp":1610015961,"path_taken":["M","M","?","$","?","E","E","M","T","E","E","E","E","E","R","BOSS","M","?","?","?","$","E","E","E","T","E","E","E","E","E","R","BOSS","M","?","?","?","?","E","R","E","T","E","E","R","E","E","R","BOSS"],"items_purchased_type":["Relic","Relic","Relic","Relic","Card","Card","Relic"],"build_version":"2020-12-22","purchased_purges":2,"victory":false,"max_hp_per_floor":[80,80,80,80,80,80,83,86,98,101,110,113,119,122,122,138,138,146,146,150,157,164,164,168,168,180,184,184,191,195,199,199,215,215,219,219,222,222,222,222,222,222,234,237,237,237,241,245,245,257,257,257],"card_choices":[{"not_picked":["Exhume","Barricade"],"picked":"Offering","floor":0.0},{"not_picked":["Headbutt","Replay:Undeath\u0027s Touch"],"picked":"Infernal Blade","floor":1.0},{"not_picked":["Wild Strike","Replay:Undeath\u0027s Touch","Heavy Blade"],"picked":"SKIP","floor":2.0},{"not_picked":["conspire:HitWhereItHurts","Barricade"],"picked":"Feed","floor":6.0},{"not_picked":["Impervious","Juggernaut"],"picked":"Barricade","floor":7.0},{"not_picked":["Cleave","Massacre"],"picked":"Dual Wield","floor":8.0},{"not_picked":["conspire:HitWhereItHurts","Fiend Fire"],"picked":"Feed","floor":10.0},{"not_picked":["Fiend Fire","conspire:HitWhereItHurts"],"picked":"Reaper","floor":11.0},{"not_picked":["Replay:Many Hands","Berserk","Barricade"],"picked":"SKIP","floor":12.0},{"not_picked":["Impervious","Bludgeon","Immolate"],"picked":"SKIP","floor":13.0},{"not_picked":["Berserk","Reaper","Bludgeon"],"picked":"SKIP","floor":14.0},{"not_picked":["Impervious","Barricade"],"picked":"Limit Break","floor":16.0},{"not_picked":["Armaments","Clothesline","Warcry+1"],"picked":"SKIP","floor":18.0},{"not_picked":["Power Through","Whirlwind"],"picked":"True Grit","floor":20.0},{"not_picked":["Disarm","Run Through","Twin Strike"],"picked":"SKIP","floor":21.0},{"not_picked":["Impervious","Brutality"],"picked":"Berserk","floor":23.0},{"not_picked":["Hemogenesis","Fiend Fire"],"picked":"Offering","floor":24.0},{"not_picked":["Eclipse","Bludgeon"],"picked":"Feed","floor":25.0},{"not_picked":["Corruption","Eclipse"],"picked":"Limit Break","floor":27.0},{"not_picked":["Barricade","conspire:HitWhereItHurts"],"picked":"conspire:Purge","floor":28.0},{"not_picked":["Juggernaut","Bludgeon"],"picked":"Offering","floor":29.0},{"not_picked":["Double Tap","Replay:Many Hands","Fiend Fire"],"picked":"SKIP","floor":30.0},{"not_picked":["Replay:Many Hands","Hemogenesis","Double Tap"],"picked":"SKIP","floor":31.0},{"not_picked":["Clothesline+1","Havoc+1","Replay:Undeath\u0027s Touch+1"],"picked":"SKIP","floor":35.0},{"not_picked":["ReplayTheSpireMod:Strike From Hell+1","Life Link"],"picked":"Second Wind+1","floor":39.0},{"not_picked":["conspire:HitWhereItHurts","conspire:Purge","Replay:Many Hands"],"picked":"SKIP","floor":40.0},{"not_picked":["Bludgeon","Demonic Infusion"],"picked":"Eclipse","floor":42},{"not_picked":["Berserk","Reaper"],"picked":"Demon Form","floor":44},{"not_picked":["Limit Break","Offering","conspire:Purge"],"picked":"SKIP","floor":45},{"not_picked":["Fiend Fire","Barricade"],"picked":"Exhume","floor":47},{"not_picked":["Offering","Feed","Fiend Fire"],"picked":"SKIP","floor":48}],"player_experience":59483,"relics_obtained":[{"floor":6.0,"key":"ReplayTheSpireMod:Spearhead"},{"floor":7.0,"key":"Darkstone Periapt"},{"floor":9.0,"key":"Centennial Puzzle"},{"floor":13.0,"key":"Chameleon Ring"},{"floor":20.0,"key":"Red Mask"},{"floor":23.0,"key":"Quantum Egg"},{"floor":24.0,"key":"Unceasing Top"},{"floor":25.0,"key":"Peace Pipe"},{"floor":26.0,"key":"Replay:Accelerometer"},{"floor":27.0,"key":"Potion Belt"},{"floor":28.0,"key":"testmod-Fortitude"},{"floor":29.0,"key":"testmod-OneHitWonder"},{"floor":31.0,"key":"vexMod:FocusSash"},{"floor":37.0,"key":"FossilizedHelix"},{"floor":42,"key":"conspire:DeflatedDodgeball"},{"floor":43,"key":"testmod-Motorcycle"},{"floor":44,"key":"Bird Faced Urn"},{"floor":45,"key":"Smiling Mask"},{"floor":48,"key":"Akabeko"}],"event_choices":[{"damage_healed":0.0,"max_hp_gain":0.0,"max_hp_loss":0.0,"gold_gain":0.0,"event_name":"Lab","player_choice":"Got Potions","floor":5.0,"gold_loss":0.0,"damage_taken":0.0},{"damage_healed":0.0,"max_hp_gain":0.0,"max_hp_loss":0.0,"gold_gain":0.0,"event_name":"Masked Bandits","player_choice":"Fought Bandits","floor":20.0,"gold_loss":0.0,"damage_taken":0.0},{"damage_healed":0.0,"max_hp_gain":0.0,"max_hp_loss":0.0,"gold_gain":0.0,"event_name":"Mysterious Sphere","player_choice":"Fight","floor":37.0,"gold_loss":0.0,"damage_taken":0.0}],"is_beta":false,"boss_relics":[{"not_picked":["conspire:SeveredTorchhead","testmod-Recursion","testmod-NegativeEmotionEnhancer"]},{"not_picked":["Calling Bell","Honey Jar"],"picked":"LagranYue:ContractPerformanceRelic"},{"not_picked":["vexMod:EndlessSickness","testmod-PortableAltar","ReplayTheSpireMod:DimensionalGlitch"]}],"items_purged_floors":[4,22],"is_endless":true,"potions_floor_spawned":[6,8,12,13,14,18,20,23,30,33,37,45,47,48],"ascension_level":1}}