{"host":"sav7uxregyirlf69","time":1610008789,"event":{"mods":["AchievementEnabler","BaseMod","Colored Map","DeckTracker","Keyboard Shortcuts","Minty Spire (QoL Compilation)","READ ME - Guardian Mod","StSLib","SuperFastMode"],"gold_per_floor":[110,110,260,278,278,278,295,306,332,332,332,359,374,393,393,470,470,450,53,53,53,53,53,53],"floor_reached":23,"playtime":263,"items_purged":["Strike_G"],"score":358,"play_id":"4b839f88-9773-41e8-9621-ac2bf3b2af80","local_time":"20210107173949","is_ascension_mode":true,"campfire_choices":[{"data":"Masterful Stab","floor":6,"key":"SMITH"},{"data":"Calculated Gamble","floor":10,"key":"SMITH"},{"data":"Noxious Fumes","floor":15,"key":"SMITH"}],"circlet_count":0,"master_deck":["AscendersBane","Strike_G","Defend_G","Defend_G","Defend_G","Defend_G","Defend_G","Survivor","Neutralize","Calculated Gamble+1","Masterful Stab+1","Noxious Fumes+1","Eviscerate","Phantasmal Killer","Blade Dance","Accuracy","Apotheosis","Dodge and Roll","A Thousand Cuts"],"relics":["Ring of the Snake","NeowsBlessing","Ancient Tea Set","Toy Ornithopter","WristBlade"],"acts_visited":["Exordium","TheCity"],"potions_floor_usage":[16,16,23],"damage_taken":[{"damage":0,"enemies":"Jaw Worm","floor":1,"turns":1},{"damage":0,"enemies":"2 Louse","floor":4,"turns":1},{"damage":0,"enemies":"Small Slimes","floor":7,"turns":1},{"damage":0,"enemies":"Blue Slaver","floor":8,"turns":5},{"damage":0,"enemies":"3 Louse","floor":13,"turns":2},{"damage":0,"enemies":"Exordium Wildlife","floor":14,"turns":1},{"damage":24,"enemies":"Slime Boss","floor":16,"turns":9},{"damage":34,"enemies":"2 Thieves","floor":18,"turns":4},{"damage":38,"enemies":"Slavers","floor":23,"turns":2}],"seed_played":"-611769313331596010","potions_obtained":[{"floor":4,"key":"AttackPotion"},{"floor":8,"key":"Poison Potion"},{"floor":18,"key":"DistilledChaos"}],"is_trial":false,"path_per_floor":["M","?","?","M","?","R","M","M","T","R","?","T","M","M","R","B",null,"M","$","?","?","?","E"],"character_chosen":"THE_SILENT","items_purchased":["Blade Dance","Accuracy","Apotheosis"],"campfire_rested":0,"item_purchase_floors":[19,19,19],"current_hp_per_floor":[59,64,64,64,57,57,57,57,57,57,57,57,57,57,57,43,64,30,30,30,30,30,0,0],"gold":53,"neow_bonus":"THREE_ENEMY_KILL","is_daily":false,"chose_seed":false,"campfire_upgraded":3,"win_rate":0.0,"timestamp":1610008789,"path_taken":["M","?","?","M","?","R","M","M","T","R","?","?","M","M","R","BOSS","M","$","?","?","?","E"],"items_purchased_type":["Card","Card","Card"],"build_version":"2020-12-22","purchased_purges":1,"victory":false,"max_hp_per_floor":[66,71,71,71,71,71,71,71,71,71,71,71,71,71,71,71,71,71,71,71,71,71,71,71],"card_choices":[{"not_picked":["Slice","Outmaneuver"],"picked":"Calculated Gamble","floor":1},{"not_picked":["Choke","Prepared"],"picked":"Masterful Stab","floor":4},{"not_picked":["Blade Dance","Backflip"],"picked":"Noxious Fumes","floor":7},{"not_picked":["Acrobatics","Footwork"],"picked":"Eviscerate","floor":8},{"not_picked":["Finisher","Deflect","Heel Hook"],"picked":"SKIP","floor":13},{"not_picked":["Backflip","Underhanded Strike","Flying Knee"],"picked":"SKIP","floor":14},{"not_picked":["Venomology","Night Terror"],"picked":"Phantasmal Killer","floor":16},{"not_picked":["Leg Sweep","Sucker Punch","Underhanded Strike"],"picked":"SKIP","floor":18}],"player_experience":1177718,"relics_obtained":[{"floor":9,"key":"Ancient Tea Set"},{"floor":12,"key":"Toy Ornithopter"}],"event_choices":[{"damage_healed":0,"gold_gain":0,"player_choice":"Donut","damage_taken":0,"max_hp_gain":5,"max_hp_loss":0,"event_name":"Big Fish","floor":2,"gold_loss":0},{"damage_healed":0,"gold_gain":150,"player_choice":"AGREE","damage_taken":0,"max_hp_gain":0,"max_hp_loss":0,"event_name":"Liars Game","floor":3,"gold_loss":0,"cards_obtained":["Doubt"]},{"cards_removed":["Doubt"],"damage_healed":0,"gold_gain":0,"player_choice":"Card Removal","damage_taken":7,"max_hp_gain":0,"max_hp_loss":0,"event_name":"Golden Wing","floor":5,"gold_loss":0},{"damage_healed":0,"gold_gain":0,"cards_transformed":["Strike_G"],"player_choice":"Change","damage_taken":0,"max_hp_gain":0,"max_hp_loss":0,"event_name":"Living Wall","floor":11,"gold_loss":0,"cards_obtained":["Sucker Punch"]},{"damage_healed":0,"gold_gain":0,"cards_transformed":["Strike_G","Strike_G"],"player_choice":"Became Test Subject","damage_taken":0,"max_hp_gain":0,"max_hp_loss":0,"event_name":"Drug Dealer","floor":21,"gold_loss":0,"cards_obtained":["Dodge and Roll","A Thousand Cuts"]},{"cards_removed":["Sucker Punch"],"damage_healed":0,"gold_gain":0,"player_choice":"Elegance","damage_taken":0,"max_hp_gain":0,"max_hp_loss":0,"event_name":"Back to Basics","floor":22,"gold_loss":0}],"is_beta":false,"boss_relics":[{"not_picked":["Calling Bell","SacredBark"],"picked":"WristBlade"}],"items_purged_floors":[19],"is_endless":false,"potions_floor_spawned":[4,8,13,18],"killed_by":"Slavers","ascension_level":20}}