{"host":"dnd25fcf5l5puhl9","time":1610046037,"event":{"mods":["AchievementEnabler","Act Like it!","BaseMod","BetterRewards","Colored Map","Colored Powertips","Downfall","Gensokyo","Hermit","Hubris","Infinite Spire","Lobotomy","Minty Spire (QoL Compilation)","Replay The Spire","Shop Mod","StSLib","SuperFastMode"],"gold_per_floor":[117,129,89,99,109,109,141,141,141,141,141,141,175,135,135,233,233,257,274,274,349,349,349,367,367,367,385,417,443,470,508,508,615,615,636,657,705,731,731,752,787,810,810,845,880,666,1073,1073,1073,1080,1080],"floor_reached":50,"playtime":12036,"items_purged":[],"score":777,"play_id":"6afcdf09-6504-4d4e-97e2-dc4d3fa27725","local_time":"20210107170037","is_ascension_mode":false,"campfire_choices":[{"data":"hermit:Maintenance","floor":6.0,"key":"SMITH"},{"data":"hermit:CursedWeapon","floor":8.0,"key":"SMITH"},{"floor":10.0,"key":"RECALL"},{"data":"hermit:Scavenge","floor":15.0,"key":"SMITH"},{"data":"hermit:RoundhouseKick","floor":23.0,"key":"SMITH"},{"data":"hermit:Quickdraw","floor":25.0,"key":"SMITH"},{"floor":32.0,"key":"REST"},{"floor":49,"key":"REST"}],"circlet_count":0,"master_deck":["hermit:Strike_Hermit","hermit:Strike_Hermit","hermit:Strike_Hermit","hermit:Strike_Hermit","hermit:Defend_Hermit","hermit:Defend_Hermit","hermit:Defend_Hermit","hermit:Defend_Hermit","hermit:Snapshot","hermit:Covet","hermit:Maintenance+1","hermit:CursedWeapon+1","hermit:Cheat","hermit:Scavenge+1","hermit:RoundhouseKick+1","hermit:Quickdraw+1","hermit:HighNoon","hermit:Quickdraw+1","Replay:SS_forest_2","infinitespire:Punishment"],"relics":["hermit:Momento","Thread and Needle","Happy Flower","infinitespire:PuzzleCube","Blue Candle","infinitespire:Golems Mask","Sozu","Simple Rune","infinitespire:Beetle Shell","Blood Vial","hubris:ScarierMask","Pondfish Scales","Replay:Arrowhead","Black Star","Replay:Towering Pillar of Hats","Whetstone","hubris:BottledRain","MawBank","Singing Bowl","Juzu Bracelet","Old Coin","Eternal Feather"],"acts_visited":["Exordium","TheCity","TheBeyond"],"potions_floor_usage":[],"damage_taken":[{"damage":0.0,"enemies":"Small Slimes","floor":1.0,"turns":3.0},{"damage":0.0,"enemies":"Cultist","floor":2.0,"turns":3.0},{"damage":2.0,"enemies":"Jaw Worm","floor":4.0,"turns":3.0},{"damage":4.0,"enemies":"2 Fungi Beasts","floor":5.0,"turns":4.0},{"damage":0.0,"enemies":"Lagavulin","floor":7.0,"turns":6.0},{"damage":8.0,"enemies":"3 Sentries","floor":13.0,"turns":8.0},{"damage":23.0,"enemies":"The Guardian","floor":16.0,"turns":9.0},{"damage":8.0,"enemies":"3 Byrds","floor":18.0,"turns":5.0},{"damage":6.0,"enemies":"Shell Parasite","floor":19.0,"turns":5.0},{"damage":2.0,"enemies":"Snake Plant","floor":24.0,"turns":1.0},{"damage":2.0,"enemies":"3 Cultists","floor":27.0,"turns":5.0},{"damage":31.0,"enemies":"Slavers","floor":28.0,"turns":5.0},{"damage":2.0,"enemies":"Centurion and Healer","floor":29.0,"turns":4.0},{"damage":3.0,"enemies":"Snecko","floor":30.0,"turns":3.0},{"damage":21.0,"enemies":"Nightmare","floor":31.0,"turns":11.0},{"damage":21.0,"enemies":"Collector","floor":33.0,"turns":8.0},{"damage":7.0,"enemies":"3 Shapes","floor":35.0,"turns":3.0},{"damage":4.0,"enemies":"3 Darklings","floor":36.0,"turns":4.0},{"damage":2.0,"enemies":"2 Orb Walkers","floor":37.0,"turns":2.0},{"damage":2.0,"enemies":"Jaw Worm Horde","floor":38.0,"turns":3.0},{"damage":5.0,"enemies":"Transient","floor":40.0,"turns":5.0},{"damage":7.0,"enemies":"Reptomancer","floor":41.0,"turns":5.0},{"damage":4.0,"enemies":"Spire Growth","floor":42.0,"turns":4.0},{"damage":8.0,"enemies":"Nemesis","floor":44.0,"turns":5.0},{"damage":2.0,"enemies":"Sphere and 2 Shapes","floor":45.0,"turns":2.0},{"damage":10.0,"enemies":"infinitespire:Three Voidlings","floor":47.0,"turns":4.0},{"damage":32.0,"enemies":"Nightmare_Alpha","floor":47.0,"turns":14.0},{"damage":59,"enemies":"Donu and Deca","floor":50,"turns":4}],"seed_played":"-1401079531604971972","potions_obtained":[{"floor":3.0,"key":"Explosive Potion"},{"floor":3.0,"key":"Regen Potion"},{"floor":3.0,"key":"Toxic Potion"},{"floor":5.0,"key":"Flashbang"},{"floor":16.0,"key":"DistilledChaos"}],"is_trial":false,"path_per_floor":["M","M","?","M","M","R","E","R","T","R","$","T","E","$","R","B",null,"M","M","?","?","AVR","R","M","R","T","M","E","M","M","NM","R","B",null,"M","M","?","M","AVR","M","E","M","T","E","M","$","?","$","R","B"],"character_chosen":"HERMIT","items_purchased":["Happy Flower","hermit:Scavenge","Juzu Bracelet","Replay:SS_forest_2","Eternal Feather"],"campfire_rested":2,"item_purchase_floors":[0,14,46,46,48],"current_hp_per_floor":[57,57,57,55,51,51,51,51,51,51,51,51,58,58,58,35,75,67,61,75,68,68,68,66,66,66,64,33,31,28,7,29,10,75,68,66,66,66,66,63,58,56,56,52,52,52,23,8,43,0,0],"gold":1080,"neow_bonus":"","is_daily":false,"chose_seed":false,"campfire_upgraded":5,"win_rate":0.0,"timestamp":1610046037,"path_taken":["M","M","?","M","M","R","E","R","T","R","$","?","E","?","R","BOSS","M","M","?","?","AVR","R","M","R","T","M","E","?","M","NM","R","BOSS","M","M","?","M","AVR","M","E","M","T","E","M","$","?","?","R","BOSS"],"items_purchased_type":["Relic","Card","Relic","Card","Relic"],"build_version":"2020-12-22","purchased_purges":0,"victory":false,"max_hp_per_floor":[75,75,75,75,75,75,75,75,75,75,75,75,75,75,75,75,75,75,75,75,75,75,75,75,75,75,75,75,75,75,75,75,75,75,75,75,75,75,75,75,75,75,75,77,77,77,79,79,79,79,79],"card_choices":[{"not_picked":["hermit:HighCaliber","hermit:Headshot","hermit:DeadMansHand"],"picked":"SKIP","floor":1.0},{"not_picked":["hermit:Roulette","hermit:TrackingShot","hermit:Misfire"],"picked":"SKIP","floor":2.0},{"not_picked":["hermit:Virtue","hermit:Desperado","hermit:Snipe"],"picked":"SKIP","floor":4.0},{"not_picked":["hermit:Grudge","hermit:BodyArmor"],"picked":"hermit:Maintenance","floor":5.0},{"not_picked":["hermit:Glare","hermit:Gestalt"],"picked":"hermit:CursedWeapon","floor":7.0},{"not_picked":["hermit:Virtue","hermit:Dissolve"],"picked":"hermit:Cheat","floor":13.0},{"not_picked":["hermit:OverwhelmingPower","hermit:Gambit"],"picked":"hermit:RoundhouseKick","floor":16.0},{"not_picked":["hermit:ItchyTrigger","hermit:CalledShot","hermit:FlashPowder"],"picked":"SKIP","floor":18.0},{"not_picked":["hermit:Snipe","hermit:BigShot","hermit:Combo"],"picked":"SKIP","floor":19.0},{"not_picked":["hermit:Showdown","hermit:FlashPowder"],"picked":"hermit:Quickdraw","floor":24.0},{"not_picked":["hermit:PistolWhip","hermit:WideOpen","hermit:Desperado+1"],"picked":"SKIP","floor":27.0},{"not_picked":["hermit:BigShot","hermit:Gestalt"],"picked":"hermit:HighNoon","floor":28.0},{"not_picked":["hermit:Misfire","hermit:Glare","hermit:Snipe"],"picked":"SKIP","floor":29.0},{"not_picked":["hermit:ShadowCloak","hermit:Desperado","hermit:Ricochet"],"picked":"SKIP","floor":30.0},{"not_picked":["hermit:GoldenBullet","hermit:Virtue","hermit:SprayPray"],"picked":"SKIP","floor":31.0},{"not_picked":["hermit:GoldenBullet","hermit:Virtue","hermit:SprayPray"],"picked":"SKIP","floor":31.0},{"not_picked":["hermit:Vantage+1","hermit:HoleUp","hermit:Misfire+1"],"picked":"SKIP","floor":35.0},{"not_picked":["hermit:LoneWolf+1","hermit:Manifest+1","hermit:DeadMansHand"],"picked":"SKIP","floor":36.0},{"not_picked":["hermit:Coalescence+1","hermit:TrackingShot+1","hermit:HoleUp"],"picked":"SKIP","floor":38.0},{"not_picked":["hermit:Feint","hermit:LowProfile","hermit:TakeAim"],"picked":"SKIP","floor":40.0},{"not_picked":["hermit:HighCaliber+1","hermit:Shortfuse+1","hermit:CursedWeapon"],"picked":"SKIP","floor":41.0},{"not_picked":["hermit:Desperado+1","hermit:Vantage+1","hermit:HoleUp"],"picked":"SKIP","floor":42.0},{"not_picked":["hermit:FullyLoaded+1","hermit:Glare+1","hermit:Enervate+1"],"picked":"Singing Bowl","floor":44.0},{"not_picked":["hermit:SprayPray","hermit:Coalescence+1"],"picked":"hermit:Quickdraw+1","floor":45.0},{"not_picked":["infinitespire:UltimateForm","infinitespire:Collect"],"picked":"infinitespire:Punishment","floor":47},{"not_picked":["hermit:Vantage+1","hermit:Headshot+1","hermit:Dive"],"picked":"Singing Bowl","floor":47}],"player_experience":542299,"relics_obtained":[{"floor":7.0,"key":"infinitespire:PuzzleCube"},{"floor":9.0,"key":"Blue Candle"},{"floor":12.0,"key":"infinitespire:Golems Mask"},{"floor":28.0,"key":"infinitespire:Beetle Shell"},{"floor":31.0,"key":"Blood Vial"},{"floor":37.0,"key":"Pondfish Scales"},{"floor":41.0,"key":"Replay:Towering Pillar of Hats"},{"floor":41.0,"key":"Whetstone"},{"floor":43.0,"key":"hubris:BottledRain"},{"floor":44.0,"key":"MawBank"},{"floor":44.0,"key":"Singing Bowl"},{"floor":47,"key":"Old Coin"}],"event_choices":[{"damage_healed":0.0,"max_hp_gain":0.0,"max_hp_loss":0.0,"gold_gain":0.0,"event_name":"The Woman in Blue","player_choice":"Bought 3 Potions","floor":3.0,"gold_loss":0.0,"damage_taken":0.0},{"damage_healed":25.0,"max_hp_gain":0.0,"max_hp_loss":0.0,"gold_gain":0.0,"event_name":"The Library","player_choice":"Heal","floor":20.0,"gold_loss":0.0,"damage_taken":0.0},{"damage_healed":0.0,"max_hp_gain":0.0,"max_hp_loss":0.0,"gold_gain":75.0,"event_name":"FaceTrader","player_choice":"Touch","floor":21.0,"gold_loss":0.0,"damage_taken":7.0},{"damage_healed":0.0,"max_hp_gain":0.0,"max_hp_loss":0.0,"gold_gain":0.0,"event_name":"Mysterious Sphere","player_choice":"Fight","floor":37.0,"gold_loss":0.0,"damage_taken":0.0}],"is_beta":false,"boss_relics":[{"not_picked":["hubris:RunicObelisk","Velvet Choker"],"picked":"Sozu"},{"not_picked":["Abe\u0027s Treasure","Replay:Ancient Bell"],"picked":"hubris:ScarierMask"}],"items_purged_floors":[],"is_endless":true,"potions_floor_spawned":[5,16,24,28,29,31,33,40,41,42,45,47],"killed_by":"Donu and Deca","ascension_level":0}}