{"host":"id1lehtnb7dzklac","time":1610031538,"event":{"mods":["AchievementEnabler","BaseMod","Block Reminder","Colored Map","Highlight Path","Minty Spire (QoL Compilation)","Permanent Neow","Random Character Button","StSLib","slay the spire mod where everything is the same but ironclad has a cowboy hat"],"gold_per_floor":[117,192,117,133,152,187,187,217,240,257,267,267,294,308,308,308,308],"floor_reached":16,"playtime":636,"items_purged":["Defend_P"],"score":128,"play_id":"6275e02c-d3ad-4fa1-bfbb-e16ecf62f4aa","local_time":"20210107225858","is_ascension_mode":true,"campfire_choices":[{"data":"Eruption","floor":7,"key":"SMITH"},{"data":"TalkToTheHand","floor":12,"key":"SMITH"},{"data":"EmptyFist","floor":15,"key":"SMITH"}],"circlet_count":0,"master_deck":["Strike_P","Strike_P","Strike_P","Strike_P","Defend_P","Defend_P","Defend_P","Eruption+1","Vigilance","EmptyFist+1","Halt","Consecrate","TalkToTheHand+1","InnerPeace","CrushJoints"],"relics":["SacredBark","Orichalcum","Potion Belt","Kunai"],"acts_visited":["Exordium"],"potions_floor_usage":[6,13,16],"damage_taken":[{"damage":7,"enemies":"Jaw Worm","floor":1,"turns":3},{"damage":0,"enemies":"Cultist","floor":4,"turns":3},{"damage":0,"enemies":"Small Slimes","floor":5,"turns":5},{"damage":18,"enemies":"Lagavulin","floor":6,"turns":7},{"damage":6,"enemies":"Gremlin Nob","floor":8,"turns":3},{"damage":0,"enemies":"Gremlin Gang","floor":10,"turns":2},{"damage":10,"enemies":"Red Slaver","floor":11,"turns":4},{"damage":7,"enemies":"Lagavulin","floor":13,"turns":8},{"damage":0,"enemies":"Exordium Wildlife","floor":14,"turns":3},{"damage":19,"enemies":"The Guardian","floor":16,"turns":5}],"seed_played":"4538259737156877066","potions_obtained":[{"floor":4,"key":"Swift Potion"},{"floor":6,"key":"EssenceOfSteel"},{"floor":8,"key":"Ancient Potion"},{"floor":14,"key":"ColorlessPotion"}],"is_trial":false,"path_per_floor":["M","?","$","M","M","E","R","E","T","M","M","R","E","M","R","B"],"character_chosen":"WATCHER","items_purchased":[],"campfire_rested":0,"item_purchase_floors":[],"current_hp_per_floor":[65,58,58,58,58,40,40,34,34,34,24,24,17,17,17,0,0],"gold":308,"neow_bonus":"BOSS_RELIC","is_daily":false,"chose_seed":false,"campfire_upgraded":3,"win_rate":0.0,"timestamp":1610031538,"path_taken":["M","?","$","M","?","E","R","E","T","?","M","R","E","M","R","BOSS"],"items_purchased_type":[],"build_version":"2020-12-22","purchased_purges":1,"victory":false,"max_hp_per_floor":[72,72,72,72,72,72,72,72,72,72,72,72,72,72,72,72,72],"card_choices":[{"not_picked":["FlyingSleeves","Protect"],"picked":"EmptyFist","floor":1},{"not_picked":["FlyingSleeves","JustLucky"],"picked":"Halt","floor":4},{"not_picked":["ThirdEye","Alpha"],"picked":"Consecrate","floor":5},{"not_picked":["Sanctity","Nirvana","PathToVictory"],"picked":"SKIP","floor":6},{"not_picked":["Weave","ForeignInfluence"],"picked":"TalkToTheHand","floor":8},{"not_picked":["Swivel","PathToVictory","CrushJoints"],"picked":"SKIP","floor":10},{"not_picked":["WindmillStrike","ThirdEye","Nirvana"],"picked":"SKIP","floor":11},{"not_picked":["CrushJoints","Sanctity"],"picked":"InnerPeace","floor":13},{"not_picked":["FollowUp","ClearTheMind"],"picked":"CrushJoints","floor":14}],"player_experience":211266,"relics_obtained":[{"floor":6,"key":"Orichalcum"},{"floor":8,"key":"Potion Belt"},{"floor":13,"key":"Kunai"}],"event_choices":[{"damage_healed":0,"gold_gain":75,"player_choice":"Touch","damage_taken":7,"max_hp_gain":0,"max_hp_loss":0,"event_name":"FaceTrader","floor":2,"gold_loss":0}],"is_beta":false,"boss_relics":[],"items_purged_floors":[3],"is_endless":false,"potions_floor_spawned":[4,6,8,14],"killed_by":"The Guardian","ascension_level":1}}