{"host":"1hyzy7ndnud2osw4","time":1610058644,"event":{"mods":["2.2 Compatiblity","Act Like it!","Arknights The Spire","Art Attack!","Aspiration","Astrologer","Bard","BaseMod","Beaked The Cultist","Better Third Choice","BetterRewards","Colored Powertips","Conspire","Decade(èÝá³Ù¥)","Dota2Spire","Elementarium","Gensokyo","GifTheSpireLib","GungeonMod","Hallownest","Hermit","Highlight Path","Hubris","Infinite Spire","Jorbs\u0027s Wanderer Trilogy","KinomotoSakuraMod(ÙÊñýÜâ?)","Koishi","KomeijiMod","Lobotomy","Menagerie","Minty Spire (QoL Compilation)","Quick Restart","SOS£¨ÞÙ÷é?ñýí­£©","Shop Mod","Spicy Shops","StSLib","The Administrix","The Bladedancer","The Bug Knight","The Construct","The Cursed","The Death Knight","The Disciple","The Dragon Tamer","The Factory","The Forsaken","The Gatherer","The Hierophant","The Jungle","The Marked","The Poker Player","The Runesmith","The Sage","The Senshi","The Wild Card","Uncapped","WarShipGirlsR/??á´Ò³R mod","Yuri Mod","Yuyuko","[IsaacMod]ì¤ß®ôÓ÷²"],"gold_per_floor":[114,134,134,134,146,178,178,196,223,238,238,268,113,142,142,241,241,260,276,276,36,52,87,87,98,123,158,158,178,192,199,199,294,294,330,330,380,380,396,396,410,441,441,455,489,496,512,512,512,512],"floor_reached":51,"playtime":5355,"items_purged":["Writhe"],"score":804,"play_id":"f3f83276-495b-4707-976b-7ba094009ea8","local_time":"20210108073044","is_ascension_mode":true,"campfire_choices":[{"data":"WheelKick","floor":7.0,"key":"SMITH"},{"data":"Eruption","floor":11.0,"key":"SMITH"},{"data":"WheelKick","floor":15.0,"key":"SMITH"},{"data":"hubris:Fate","floor":24.0,"key":"SMITH"},{"data":"Devotion","floor":28.0,"key":"SMITH"},{"data":"Devotion","floor":32.0,"key":"SMITH"},{"data":"DeusExMachina","floor":40.0,"key":"SMITH"},{"data":"SandsOfTime","floor":49,"key":"SMITH"}],"circlet_count":0,"master_deck":["Strike_P","Strike_P","Strike_P+1","Strike_P+1","Defend_P","Defend_P","Eruption+1","Vigilance","Swivel","WheelKick+1","Footwork","Setup","Crippling Poison","Perseverance","WheelKick+1","Perseverance","InnerPeace","Crescendo","Prostrate","Devotion+1","SandsOfTime+1","Adaptation","infinitespire:Collect","infinitespire:FutureSight","infinitespire:Oblivion","hubris:Fate+1","Study","ForeignInfluence+1","SashWhip+1","Protect","Devotion+1","ClearTheMind","Prostrate","DeusExMachina+1","Adaptation","FlyingSleeves+1","ReachHeaven+1","ReachHeaven+1","CrushJoints+1","CarveReality+1","ReachHeaven+1","Madness","Madness","EmptyBody+1"],"relics":["PureWater","HushsDoor","AnarchistCookbook","BookofShadows","Sundial","HandDrill","DemoMod:AgedBell","hubris:ScarierMask","Toolbox","MagicMushroom","Happy Flower","hubris:HerbalPaste","DemoMod:GlassGuonStoneRelic","Bronze Scales","SalivaCoin","hubris:TinFlute","Whetstone","conspire:RunicOctahedron","Bottled Lightning","Unceasing Top","hubris:Icosahedron","infinitespire:Eraser","Pantograph","White Beast Statue"],"acts_visited":["Exordium","TheCity","TheBeyond"],"potions_floor_usage":[50,50],"damage_taken":[{"damage":4.0,"enemies":"Jaw Worm","floor":1.0,"turns":5.0},{"damage":2.0,"enemies":"Cultist","floor":2.0,"turns":3.0},{"damage":2.0,"enemies":"Small Slimes","floor":5.0,"turns":4.0},{"damage":11.0,"enemies":"3 Sentries","floor":6.0,"turns":3.0},{"damage":2.0,"enemies":"Gremlin Gang","floor":8.0,"turns":5.0},{"damage":0.0,"enemies":"Blue Slaver","floor":10.0,"turns":4.0},{"damage":0.0,"enemies":"Gremlin Nob","floor":12.0,"turns":3.0},{"damage":4.0,"enemies":"3 Sentries","floor":14.0,"turns":5.0},{"damage":10.0,"enemies":"Slime Boss","floor":16.0,"turns":7.0},{"damage":1.0,"enemies":"Shell Parasite","floor":18.0,"turns":4.0},{"damage":1.0,"enemies":"Spheric Guardian","floor":19.0,"turns":3.0},{"damage":7.0,"enemies":"Centurion and Healer","floor":22.0,"turns":3.0},{"damage":4.0,"enemies":"Book of Stabbing","floor":23.0,"turns":3.0},{"damage":0.0,"enemies":"3 Cultists","floor":25.0,"turns":1.0},{"damage":0.0,"enemies":"conspire:Head Lice","floor":27.0,"turns":3.0},{"damage":0.0,"enemies":"Cultist and Chosen","floor":29.0,"turns":1.0},{"damage":0.0,"enemies":"Snake Plant","floor":30.0,"turns":1.0},{"damage":0.0,"enemies":"Champ","floor":33.0,"turns":1.0},{"damage":0.0,"enemies":"3 Shapes","floor":35.0,"turns":1.0},{"damage":0.0,"enemies":"Mind Bloom Boss Battle","floor":37.0,"turns":3.0},{"damage":0.0,"enemies":"Orb Walker","floor":39.0,"turns":1.0},{"damage":0.0,"enemies":"Writhing Mass","floor":41.0,"turns":1.0},{"damage":0.0,"enemies":"Giant Head","floor":42.0,"turns":1.0},{"damage":0.0,"enemies":"Spire Growth","floor":44.0,"turns":1.0},{"damage":0,"enemies":"Reptomancer","floor":45,"turns":2},{"damage":0,"enemies":"4 Shapes","floor":47,"turns":2},{"damage":0,"enemies":"conspire:OrnateMirror","floor":50,"turns":3}],"seed_played":"-920948541374736816","potions_obtained":[{"floor":2.0,"key":"GamblersBrew"},{"floor":8.0,"key":"PowerPotion"},{"floor":10.0,"key":"AttackPotion"},{"floor":14.0,"key":"DemoMod:LeadSkinPotion"},{"floor":22.0,"key":"FearPotion"},{"floor":23.0,"key":"AttackPotion"},{"floor":29.0,"key":"BottledMiracle"},{"floor":30.0,"key":"Dota2Spire:Clarity"},{"floor":41.0,"key":"FearPotion"},{"floor":44.0,"key":"Ancient Potion"},{"floor":47,"key":"BottledMiracle"}],"is_trial":false,"path_per_floor":["M","M","?","$","M","E","R","M","T","M","R","E","$","E","R","B",null,"M","M","AVR","$","M","E","R","M","T","E","R","M","M","?","R","B",null,"M","AVR","?","?","M","R","M","E","T","M","E","?","M","?","R","B",null],"character_chosen":"WATCHER","items_purchased":["HandDrill","Happy Flower","hubris:HerbalPaste","Study"],"campfire_rested":0,"item_purchase_floors":[13,21,21,21],"current_hp_per_floor":[68,66,66,66,64,53,53,51,51,51,51,51,51,47,47,37,72,71,70,77,77,75,75,75,75,75,79,79,79,79,64,64,64,79,79,79,79,79,79,79,79,79,79,79,79,69,73,73,73,79],"gold":512,"neow_bonus":"ONE_RANDOM_RARE_CARD","is_daily":false,"chose_seed":false,"campfire_upgraded":8,"win_rate":0.0,"timestamp":1610058644,"path_taken":["M","M","?","?","M","E","R","M","T","M","R","E","$","E","R","BOSS","M","M","AVR","?","M","E","R","?","T","E","R","M","M","?","R","BOSS","M","AVR","?","?","M","R","M","E","T","M","E","?","M","?","R","BOSS"],"items_purchased_type":["Relic","Relic","Relic","Card"],"build_version":"2020-12-22","purchased_purges":1,"victory":true,"max_hp_per_floor":[72,72,72,72,72,72,72,72,72,72,72,72,72,72,72,72,72,72,72,79,79,79,79,79,79,79,79,79,79,79,79,79,79,79,79,79,79,79,79,79,79,79,79,79,79,79,79,79,79,79],"card_choices":[{"not_picked":[],"picked":"SuicideKing","floor":0.0},{"not_picked":["JustLucky","PathToVictory"],"picked":"Swivel","floor":1.0},{"not_picked":["ClearTheMind","FearNoEvil"],"picked":"WheelKick","floor":2.0},{"not_picked":["Vault","ThirdEye"],"picked":"Perseverance","floor":5.0},{"not_picked":["BowlingBash","Halt"],"picked":"WheelKick","floor":6.0},{"not_picked":["ThirdEye","CrushJoints"],"picked":"Perseverance","floor":8.0},{"not_picked":["EmptyFist","Conclude"],"picked":"InnerPeace","floor":10.0},{"not_picked":["ThirdEye","Halt"],"picked":"Crescendo","floor":12.0},{"not_picked":["Indignation","ThirdEye"],"picked":"Prostrate","floor":14.0},{"not_picked":["ConjureBlade","MasterReality"],"picked":"Devotion","floor":16.0},{"not_picked":["Prostrate","CrushJoints"],"picked":"SandsOfTime","floor":18.0},{"not_picked":["Wallop+1","FlurryOfBlows"],"picked":"Adaptation","floor":19.0},{"not_picked":["Fasting2","Adaptation"],"picked":"ForeignInfluence+1","floor":22.0},{"not_picked":["EmptyBody","Consecrate"],"picked":"SashWhip+1","floor":23.0},{"not_picked":["BowlingBash","Crescendo"],"picked":"Protect","floor":25.0},{"not_picked":["Sanctity","FearNoEvil+1"],"picked":"Devotion","floor":27.0},{"not_picked":["SashWhip","EmptyBody"],"picked":"ClearTheMind","floor":29.0},{"not_picked":["JustLucky","Indignation"],"picked":"Prostrate","floor":30.0},{"not_picked":["SpiritShield","Brilliance"],"picked":"DeusExMachina","floor":33.0},{"not_picked":["CutThroughFate+1","FlurryOfBlows"],"picked":"Adaptation","floor":35.0},{"not_picked":["ClearTheMind","SashWhip"],"picked":"FlyingSleeves+1","floor":37.0},{"not_picked":["FlyingSleeves+1","Vengeance"],"picked":"ReachHeaven+1","floor":39.0},{"not_picked":["Perseverance","Tantrum"],"picked":"ReachHeaven+1","floor":41.0},{"not_picked":["ConjureBlade","FlurryOfBlows"],"picked":"CrushJoints+1","floor":42.0},{"not_picked":["EmptyFist","FlyingSleeves+1"],"picked":"CarveReality+1","floor":44.0},{"not_picked":["Perseverance","PathToVictory"],"picked":"ReachHeaven+1","floor":45},{"not_picked":["WreathOfFlame","PathToVictory"],"picked":"EmptyBody+1","floor":47}],"player_experience":1062096,"relics_obtained":[{"floor":6.0,"key":"BookofShadows"},{"floor":12.0,"key":"Sundial"},{"floor":14.0,"key":"DemoMod:AgedBell"},{"floor":23.0,"key":"Bronze Scales"},{"floor":26.0,"key":"SalivaCoin"},{"floor":27.0,"key":"hubris:TinFlute"},{"floor":37.0,"key":"Unceasing Top"},{"floor":42.0,"key":"infinitespire:Eraser"},{"floor":43.0,"key":"Pantograph"},{"floor":45,"key":"White Beast Statue"}],"event_choices":[{"damage_healed":0.0,"max_hp_gain":0.0,"max_hp_loss":0.0,"gold_gain":0.0,"event_name":"MindBloom","player_choice":"Fight","floor":37.0,"gold_loss":0.0,"damage_taken":0.0},{"damage_healed":0,"gold_gain":0,"player_choice":"Embrace Madness","damage_taken":10,"max_hp_gain":0,"max_hp_loss":0,"event_name":"Winding Halls","floor":46,"gold_loss":0,"cards_obtained":["Madness","Madness"]},{"cards_removed":["Defend_P"],"damage_healed":0,"gold_gain":0,"player_choice":"Purged","damage_taken":0,"max_hp_gain":0,"max_hp_loss":0,"event_name":"Purifier","floor":48,"gold_loss":0}],"is_beta":false,"boss_relics":[{"not_picked":["aspiration:RunicSpoon","aspiration:MobileForge"],"picked":"hubris:ScarierMask"},{"not_picked":[]},{"not_picked":["Runesmith:UraniumAnvil","Runic Dome"],"picked":"conspire:RunicOctahedron"},{"not_picked":[]}],"items_purged_floors":[21],"is_endless":false,"potions_floor_spawned":[2,8,10,14,22,23,29,30,41,44,47],"ascension_level":1}}