{"host":"gndxudri6ebovps6","time":1610031489,"event":{"mods":["AchievementEnabler","Act Like it!","Aspiration","BaseMod","Better Altar","Better Match","Better Note","Better Sensory Stone","Better Skull","Better Vampires","BetterRewards","Block Reminder","GifTheSpireLib","Hubris","Infinite Spire","Marked Mod","Minty Spire (QoL Compilation)","Pale of the Ancients","Quick Restart","Replay The Spire","Shop Mod","Spicy Shops","Spikes Relics","StSLib","Stuff the Spire","The Cursed","The Judge","The Necromancer","everything is the same but u backflip on backflip","vexMod"],"gold_per_floor":[110,210,226,7,7,7,41,57,57,57,74,38,55,87,87,192,192,202,216,236,29,29,29,40,40,63,63,97,97,112,130,130,241,241,270,298,220,247,274,274,305,305,305,305,305,368,380,445,457,469,469],"floor_reached":50,"playtime":1786,"items_purged":[],"score":787,"play_id":"111c23e3-9bdc-4b9b-9ad6-850d6d52f006","local_time":"20210107125809","is_ascension_mode":true,"campfire_choices":[{"data":"Uncharnel","floor":6.0,"key":"SMITH"},{"data":"Siphon_Strength","floor":10.0,"key":"SMITH"},{"floor":15.0,"key":"REST"},{"data":"Summon_Vampire_Lady","floor":23.0,"key":"SMITH"},{"data":"Spectral_Walk","floor":25.0,"key":"SMITH"},{"data":"Necrotic_Claws","floor":29.0,"key":"SMITH"},{"data":"Blood_Is_Power","floor":32.0,"key":"SMITH"},{"floor":40.0,"key":"REST"},{"data":"Bone_Armory","floor":42.0,"key":"SMITH"},{"floor":47.0,"key":"REST"},{"data":"Skeleton_Dragon","floor":49.0,"key":"SMITH"}],"circlet_count":0,"master_deck":["Strike_W","Strike_W","Strike_W","Strike_W","Defend_W","Defend_W+1","Defend_W","Defend_W","Negative_Energy_Arrows","Bone_Wall","Uncharnel+1","Spectral_Walk+1","StuffTheSpire:CuriosityCurse","Detonate_Bones","Siphon_Strength+1","Bone_Shift","Blood_Is_Power+1","Bone_Bullets","Necrotic_Claws+1","Summon_Vampire_Lady+1","Toxic_Smoke_Screen+1","Negative_Energy_Shield+1","Uncharnel+1","Pandemic+1","Uncharnel","Bones_to_Steel+1","Skeleton_Dragon+1","Bone_Shift+1","Bone_Armory+1","Bone_Shift+1","Summon_Undead_Army+1","CurseOfTheBell","Bone_Prison+1","Negative_Energy_Shield+1"],"relics":["Vampire_Amulet","NeowsBlessing","Membership Card","Question Card","Replay:Accelerometer","StuffTheSpire:RubySignet","Replay:Bottled Steam","infinitespire:Lucky Rock","StuffTheSpire:CocoNut","Happy Flower","MutagenicStrength","StuffTheSpire:Gunfinga","War Paint","infinitespire:EvilPickle","Black Star","ExplosiveVial","ReplayTheSpireMod:Lightbulb","hubris:SlimyHat","Replay:Baseball","Calling Bell","infinitespire:Joker Card","CeramicFish","Replay:Bottled Snecko","MawBank","Bronze Scales"],"acts_visited":["Exordium","TheCity","TheBeyond"],"potions_floor_usage":[50],"damage_taken":[{"damage":0.0,"enemies":"Jaw Worm","floor":1.0,"turns":1.0},{"damage":0.0,"enemies":"Cultist","floor":3.0,"turns":1.0},{"damage":0.0,"enemies":"Replay:BlueRogue","floor":7.0,"turns":1.0},{"damage":0.0,"enemies":"Small Slimes","floor":8.0,"turns":3.0},{"damage":15.0,"enemies":"Exordium Wildlife","floor":11.0,"turns":5.0},{"damage":7.0,"enemies":"3 Louse","floor":13.0,"turns":4.0},{"damage":62.0,"enemies":"Gremlin Nob","floor":14.0,"turns":5.0},{"damage":21.0,"enemies":"The Guardian","floor":16.0,"turns":10.0},{"damage":18.0,"enemies":"Shell Parasite","floor":18.0,"turns":7.0},{"damage":22.0,"enemies":"3 Byrds","floor":19.0,"turns":6.0},{"damage":3.0,"enemies":"Snake Plant","floor":20.0,"turns":4.0},{"damage":31.0,"enemies":"Shelled Parasite and Fungi","floor":24.0,"turns":5.0},{"damage":8.0,"enemies":"Replay:Snechameleon","floor":28.0,"turns":5.0},{"damage":20.0,"enemies":"Centurion and Healer","floor":30.0,"turns":5.0},{"damage":18.0,"enemies":"Sentry and Sphere","floor":31.0,"turns":4.0},{"damage":17.0,"enemies":"Pondfish","floor":33.0,"turns":6.0},{"damage":14.0,"enemies":"Orb Walker","floor":35.0,"turns":3.0},{"damage":18.0,"enemies":"3 Shapes","floor":36.0,"turns":4.0},{"damage":62.0,"enemies":"Transient","floor":39.0,"turns":5.0},{"damage":20.0,"enemies":"Writhing Mass","floor":41.0,"turns":5.0},{"damage":2.0,"enemies":"R_Hoarder","floor":46.0,"turns":7.0},{"damage":20.0,"enemies":"4 Shapes","floor":48.0,"turns":2.0},{"damage":52,"enemies":"Awakened One","floor":50,"turns":3}],"seed_played":"1635768986525715289","potions_obtained":[{"floor":7.0,"key":"Elixir"},{"floor":14.0,"key":"PowerPotion"},{"floor":18.0,"key":"EssenceOfSteel"},{"floor":19.0,"key":"Block Potion"},{"floor":20.0,"key":"Reflective Coating"},{"floor":33.0,"key":"SmokeBomb"},{"floor":39.0,"key":"Block Potion"},{"floor":41.0,"key":"SteroidPotion"},{"floor":48.0,"key":"Dexterity Potion"}],"is_trial":false,"path_per_floor":["M","?","M","$","?","R","E","M","T","R","M","$","M","E","R","B",null,"M","M","M","$","?","R","M","R","T","?","E","R","M","M","R","B",null,"M","M","$","T","M","R","M","R","T","?","AVR","E","R","M","R","B"],"character_chosen":"NECROMANCER","items_purchased":["Membership Card","Question Card","Blood_Is_Power","StuffTheSpire:CocoNut","Happy Flower","ExplosiveVial","Bone_Armory"],"campfire_rested":3,"item_purchase_floors":[4,4,12,21,21,37,37],"current_hp_per_floor":[75,75,75,75,75,75,75,75,75,75,64,64,63,5,27,8,75,68,58,57,64,64,64,54,54,54,59,64,64,57,46,46,50,82,70,64,64,64,19,43,25,25,25,25,25,34,58,46,46,0,0],"gold":469,"neow_bonus":"THREE_ENEMY_KILL","is_daily":false,"chose_seed":false,"campfire_upgraded":8,"win_rate":0.0,"timestamp":1610031489,"path_taken":["M","?","?","$","?","R","E","M","T","R","M","?","M","E","R","BOSS","M","M","M","?","?","R","M","R","T","?","E","R","M","M","R","BOSS","M","?","$","?","M","R","?","R","T","?","AVR","E","R","M","R","BOSS"],"items_purchased_type":["Relic","Relic","Card","Relic","Relic","Relic","Card"],"build_version":"2020-12-22","purchased_purges":0,"victory":false,"max_hp_per_floor":[75,75,75,75,75,75,75,75,75,75,75,75,75,75,75,75,75,75,75,75,82,82,82,82,82,82,82,82,82,82,82,82,82,82,82,82,82,82,82,82,82,82,82,82,82,82,82,82,82,82,82],"card_choices":[{"not_picked":["Pandemic","Blood_Whip"],"picked":"Uncharnel","floor":1.0},{"not_picked":["Bone_Bullets","Necromantic_Selection"],"picked":"Spectral_Walk","floor":3.0},{"not_picked":["Thousand_Bone_Knives","Chill_Blood","Exploit"],"picked":"Detonate_Bones","floor":7.0},{"not_picked":["Blood_Curse","Death_March_Dance","Shade_Step"],"picked":"Siphon_Strength","floor":8.0},{"not_picked":["Chill_Blood","Bone_Spikes","Scare"],"picked":"Bone_Shift","floor":11.0},{"not_picked":["Chill_Blood","Bone_Spikes","Toxic_Smoke_Screen"],"picked":"Bone_Bullets","floor":13.0},{"not_picked":["Toxic_Smoke_Screen","Death_Coil","Blood_Shield"],"picked":"Necrotic_Claws","floor":14.0},{"not_picked":["Requiem","Blood_Wake","Negative_Energy_Bomb"],"picked":"Summon_Vampire_Lady","floor":16.0},{"not_picked":["Death_Coil","Death_Knell+1","Bone_Armor"],"picked":"Toxic_Smoke_Screen+1","floor":18.0},{"not_picked":["Chill_Blood","Vampiric_Strike","Bone_Bullets"],"picked":"Scare","floor":19.0},{"not_picked":["Bones_to_Steel","Scare","Death_March_Dance+1"],"picked":"Negative_Energy_Shield","floor":20.0},{"not_picked":["Summon_Undead_Army+1","Negative_Energy_Mist","Acid_Javelin"],"picked":"Uncharnel+1","floor":24.0},{"not_picked":["Summon_Lich","Requiem","Death_Knell"],"picked":"Pandemic+1","floor":28.0},{"not_picked":["Epidemic","Exploit","Negative_Energy_Javelin"],"picked":"Uncharnel","floor":30.0},{"not_picked":["Consume_Illness","Negative_Energy_Shield+1","Negative_Energy_Javelin"],"picked":"Bones_to_Steel+1","floor":31.0},{"not_picked":["Grasp_Heart","Blood_Wake","Requiem"],"picked":"Skeleton_Dragon","floor":33.0},{"not_picked":["Chill_Blood","Epidemic","Shackles_Of_Pain"],"picked":"Bone_Shift+1","floor":35.0},{"not_picked":["Shackles_Of_Pain+1","Corrupt+1","Pandemic+1"],"picked":"Negative_Energy_Mist+1","floor":36.0},{"not_picked":["Blood_Is_Power+1","Blood_Whip+1","Bones_to_Steel"],"picked":"Bone_Shift+1","floor":39.0},{"not_picked":["Bone_Spikes","Blood_Shield+1","Consume_Illness+1"],"picked":"Summon_Undead_Army+1","floor":41.0},{"not_picked":["Vampiric_Strike","Chill_Blood+1","Pandemic"],"picked":"Bone_Prison+1","floor":46.0},{"not_picked":["Scare","Bone_Bullets+1","Blood_Shield+1"],"picked":"Negative_Energy_Shield+1","floor":48.0}],"player_experience":485295,"relics_obtained":[{"floor":7.0,"key":"StuffTheSpire:RubySignet"},{"floor":9.0,"key":"Replay:Bottled Steam"},{"floor":14.0,"key":"infinitespire:Lucky Rock"},{"floor":26.0,"key":"StuffTheSpire:Gunfinga"},{"floor":28.0,"key":"War Paint"},{"floor":38.0,"key":"ReplayTheSpireMod:Lightbulb"},{"floor":43.0,"key":"hubris:SlimyHat"},{"floor":45.0,"key":"infinitespire:Joker Card"},{"floor":45.0,"key":"CeramicFish"},{"floor":45.0,"key":"Replay:Bottled Snecko"},{"floor":46.0,"key":"MawBank"},{"floor":46.0,"key":"Bronze Scales"}],"event_choices":[{"damage_healed":0.0,"max_hp_gain":0.0,"max_hp_loss":0.0,"gold_gain":100.0,"event_name":"Golden Shrine","player_choice":"Pray","floor":2.0,"gold_loss":0.0,"damage_taken":0.0},{"damage_healed":0.0,"max_hp_gain":0.0,"max_hp_loss":0.0,"gold_gain":0.0,"event_name":"Drug Dealer","player_choice":"Inject Mutagens","floor":22.0,"gold_loss":0.0,"damage_taken":0.0,"relics_obtained":["MutagenicStrength"]},{"cards_removed":["Scare"],"damage_healed":5.0,"max_hp_gain":0.0,"max_hp_loss":0.0,"gold_gain":0.0,"event_name":"Bonfire Elementals","player_choice":"Offered Common","floor":27.0,"gold_loss":0.0,"damage_taken":0.0},{"cards_removed":["Scare"],"damage_healed":5.0,"max_hp_gain":0.0,"max_hp_loss":0.0,"gold_gain":0.0,"event_name":"Bonfire Elementals","player_choice":"Offered Special","floor":27.0,"gold_loss":0.0,"damage_taken":0.0},{"cards_removed":["Negative_Energy_Mist"],"damage_healed":0.0,"max_hp_gain":0.0,"max_hp_loss":0.0,"gold_gain":0.0,"event_name":"Falling","player_choice":"Removed Skill","floor":44.0,"gold_loss":0.0,"damage_taken":0.0}],"is_beta":false,"boss_relics":[{"not_picked":["Fusion Hammer","ReplayTheSpireMod:DimensionalGlitch","aspiration:WatcherSkillbook"]},{"not_picked":["StuffTheSpire:Kangaroo","hubris:CrackedHourglass"],"picked":"Black Star"}],"items_purged_floors":[],"is_endless":false,"potions_floor_spawned":[7,14,18,19,20,33,39,41,48],"killed_by":"Awakened One","ascension_level":1}}