{"host":"hz94vu9lk5pvuib2","time":1610022421,"event":{"mods":["BaseMod","Colored Map","Minty Spire (QoL Compilation)","Waifu the Spire"],"gold_per_floor":[112,187,152,152,152,178,190,217,217,228,76,139,139,239,239,335,335,307,9,9,9,21,51,69,88,88,118,118,41,41,41,41,140,140,154,0,0,16,16,47,63,14,89,89,5,17,17,37,37,37,37],"floor_reached":50,"playtime":3671,"items_purged":["Regret"],"score":514,"play_id":"9e722580-49c6-4ed4-a23b-4db6c187d7c8","local_time":"20210107212701","is_ascension_mode":false,"campfire_choices":[{"floor":13,"key":"REST"},{"floor":15,"key":"REST"},{"floor":28,"key":"REST"},{"data":"Fiend Fire","floor":30,"key":"SMITH"},{"data":"Spot Weakness","floor":32,"key":"SMITH"},{"floor":44,"key":"REST"},{"floor":47,"key":"REST"},{"floor":49,"key":"REST"}],"circlet_count":0,"master_deck":["Strike_R","Defend_R","Defend_R","Defend_R","Bash","Fiend Fire+1","Wild Strike","Rupture","Shrug It Off","Wild Strike","Flex","Iron Wave","Flex","Twin Strike","Shockwave","Limit Break","Intimidate+1","Perfected Strike","Spot Weakness+1","Flame Barrier+1","Battle Trance","Body Slam+1","Spot Weakness","Limit Break","Fire Breathing+1","Armaments+1","Pommel Strike+1","Armaments","Barricade","Dropkick+1","Blood for Blood+1","Inflame","Flex","Sentinel+1"],"relics":["Burning Blood","Self Forming Clay","PreservedInsect","White Beast Statue","Pantograph","Question Card","Velvet Choker","Thread and Needle","Boot","Pocketwatch","Bag of Preparation","MutagenicStrength","Astrolabe","Red Mask","Oddly Smooth Stone","HornCleat"],"acts_visited":["Exordium","TheCity","TheBeyond"],"potions_floor_usage":[12,12,16,16,23,24,25,25,33,33,33,40,40,41,46,50,50,50],"damage_taken":[{"damage":11,"enemies":"Jaw Worm","floor":1,"turns":3},{"damage":34,"enemies":"3 Sentries","floor":6,"turns":9},{"damage":3,"enemies":"2 Louse","floor":7,"turns":3},{"damage":44,"enemies":"Lagavulin","floor":8,"turns":7},{"damage":11,"enemies":"Small Slimes","floor":10,"turns":2},{"damage":22,"enemies":"Lagavulin Event","floor":12,"turns":5},{"damage":34,"enemies":"The Guardian","floor":16,"turns":8},{"damage":38,"enemies":"2 Thieves","floor":18,"turns":5},{"damage":0,"enemies":"Chosen","floor":22,"turns":4},{"damage":11,"enemies":"Book of Stabbing","floor":23,"turns":4},{"damage":7,"enemies":"3 Cultists","floor":24,"turns":6},{"damage":31,"enemies":"Sentry and Sphere","floor":25,"turns":7},{"damage":13,"enemies":"Slavers","floor":27,"turns":5},{"damage":65,"enemies":"Champ","floor":33,"turns":11},{"damage":23,"enemies":"3 Darklings","floor":35,"turns":4},{"damage":11,"enemies":"Orb Walker","floor":38,"turns":3},{"damage":35,"enemies":"Nemesis","floor":40,"turns":7},{"damage":17,"enemies":"Maw","floor":41,"turns":8},{"damage":26,"enemies":"Jaw Worm Horde","floor":46,"turns":4},{"damage":29,"enemies":"4 Shapes","floor":48,"turns":5},{"damage":66,"enemies":"Awakened One","floor":50,"turns":7}],"seed_played":"-5699888034578219033","potions_obtained":[{"floor":1,"key":"GamblersBrew"},{"floor":7,"key":"Regen Potion"},{"floor":8,"key":"SteroidPotion"},{"floor":10,"key":"DistilledChaos"},{"floor":12,"key":"AttackPotion"},{"floor":16,"key":"BloodPotion"},{"floor":18,"key":"BlessingOfTheForge"},{"floor":22,"key":"Fire Potion"},{"floor":23,"key":"Energy Potion"},{"floor":24,"key":"Energy Potion"},{"floor":25,"key":"EssenceOfSteel"},{"floor":27,"key":"DuplicationPotion"},{"floor":33,"key":"Explosive Potion"},{"floor":35,"key":"SpeedPotion"},{"floor":38,"key":"Explosive Potion"},{"floor":40,"key":"Ancient Potion"},{"floor":41,"key":"DuplicationPotion"},{"floor":46,"key":"Energy Potion"},{"floor":48,"key":"FearPotion"}],"is_trial":false,"path_per_floor":["M","?","?","?","?","E","M","E","T","M","$","?","R","?","R","B",null,"M","$","?","$","M","E","M","M","T","E","R","$","R","?","R","B",null,"M","?","?","M","?","E","M","$","T","R","$","M","R","M","R","B"],"character_chosen":"IRONCLAD","items_purchased":["Flex","Twin Strike","Thread and Needle","Spot Weakness","Swift Potion","Inflame","Flex"],"campfire_rested":6,"item_purchase_floors":[11,11,19,29,42,45,45],"current_hp_per_floor":[75,64,80,80,80,52,55,17,17,12,12,10,34,34,58,52,80,48,48,48,48,54,49,48,39,39,32,56,56,56,56,56,21,80,63,63,63,58,58,29,18,18,18,40,40,20,42,19,41,0,0],"gold":37,"neow_bonus":"ONE_RANDOM_RARE_CARD","is_daily":false,"chose_seed":false,"campfire_upgraded":2,"win_rate":0.0,"timestamp":1610022421,"path_taken":["M","?","?","?","?","E","M","E","T","M","$","?","R","?","R","BOSS","M","$","?","$","M","E","M","M","T","E","R","?","R","?","R","BOSS","M","?","?","M","?","E","M","?","T","R","?","M","R","M","R","BOSS"],"items_purchased_type":["Card","Card","Relic","Card","Potion","Card","Card"],"build_version":"2020-12-22","purchased_purges":1,"victory":false,"max_hp_per_floor":[80,80,80,80,80,80,80,80,80,80,80,80,80,80,80,80,80,80,80,80,80,80,80,80,80,80,80,80,80,80,80,80,80,80,80,80,76,76,76,76,76,76,76,76,76,76,76,76,76,76,76],"card_choices":[{"not_picked":["Dual Wield","Battle Trance"],"picked":"Wild Strike","floor":1},{"not_picked":["Rupture","Seeing Red"],"picked":"Shrug It Off","floor":6},{"not_picked":["Hemokinesis","Clothesline"],"picked":"Wild Strike","floor":7},{"not_picked":["Clothesline","Pommel Strike"],"picked":"Flex","floor":8},{"not_picked":["Flex","Juggernaut"],"picked":"Iron Wave","floor":10},{"not_picked":["Shrug It Off","Sever Soul"],"picked":"Shockwave","floor":12},{"not_picked":["Berserk","Juggernaut","Bludgeon"],"picked":"Limit Break","floor":16},{"not_picked":["Warcry+1","Power Through","Havoc"],"picked":"Intimidate+1","floor":18},{"not_picked":["Infernal Blade","Burning Pact","Pommel Strike+1"],"picked":"Perfected Strike","floor":22},{"not_picked":["Havoc","Heavy Blade","Corruption"],"picked":"Spot Weakness","floor":23},{"not_picked":["Entrench","Anger","Cleave"],"picked":"Flame Barrier+1","floor":24},{"not_picked":["Clash","Rupture","Headbutt"],"picked":"Battle Trance","floor":25},{"not_picked":["Anger","Feel No Pain+1","Exhume"],"picked":"Body Slam+1","floor":27},{"not_picked":["Reaper","Fiend Fire","Berserk"],"picked":"Limit Break","floor":33},{"not_picked":["Pummel+1","Wild Strike+1","Anger"],"picked":"Armaments","floor":35},{"not_picked":["Body Slam","Anger","Sword Boomerang+1"],"picked":"Barricade","floor":38},{"not_picked":["Perfected Strike+1","Pommel Strike+1","Second Wind+1"],"picked":"Dropkick+1","floor":40},{"not_picked":["Pommel Strike","Ghostly Armor","Iron Wave"],"picked":"Blood for Blood+1","floor":41},{"not_picked":["Bloodletting+1","Havoc+1","Pommel Strike","Warcry+1"],"picked":"SKIP","floor":46},{"not_picked":["Heavy Blade+1","Shrug It Off+1","Iron Wave"],"picked":"Sentinel+1","floor":48}],"player_experience":215635,"relics_obtained":[{"floor":6,"key":"PreservedInsect"},{"floor":8,"key":"White Beast Statue"},{"floor":9,"key":"Pantograph"},{"floor":12,"key":"Question Card"},{"floor":23,"key":"Boot"},{"floor":26,"key":"Pocketwatch"},{"floor":27,"key":"Bag of Preparation"},{"floor":40,"key":"Oddly Smooth Stone"},{"floor":43,"key":"HornCleat"}],"event_choices":[{"damage_healed":0,"gold_gain":75,"player_choice":"Gather Gold","damage_taken":11,"max_hp_gain":0,"max_hp_loss":0,"event_name":"World of Goop","floor":2,"gold_loss":0},{"damage_healed":20,"gold_gain":0,"player_choice":"Healed","damage_taken":0,"max_hp_gain":0,"max_hp_loss":0,"event_name":"The Cleric","floor":3,"gold_loss":35},{"damage_healed":0,"gold_gain":0,"cards_transformed":["Strike_R"],"player_choice":"Change","damage_taken":0,"max_hp_gain":0,"max_hp_loss":0,"event_name":"Living Wall","floor":4,"gold_loss":0,"cards_obtained":["Rupture"]},{"damage_healed":0,"gold_gain":0,"player_choice":"Box","damage_taken":0,"relics_obtained":["Self Forming Clay"],"max_hp_gain":0,"max_hp_loss":0,"event_name":"Big Fish","floor":5,"gold_loss":0,"cards_obtained":["Regret"]},{"damage_healed":0,"gold_gain":0,"player_choice":"Searched \u00271\u0027 times","damage_taken":0,"max_hp_gain":0,"max_hp_loss":0,"event_name":"Dead Adventurer","floor":12,"gold_loss":0},{"damage_healed":0,"gold_gain":100,"player_choice":"Gold","damage_taken":0,"max_hp_gain":0,"max_hp_loss":0,"event_name":"Wheel of Change","floor":14,"gold_loss":0},{"cards_removed":["Strike_R"],"damage_healed":0,"gold_gain":0,"player_choice":"Purged","damage_taken":0,"max_hp_gain":0,"max_hp_loss":0,"event_name":"Purifier","floor":20,"gold_loss":0},{"damage_healed":0,"gold_gain":0,"player_choice":"Inject Mutagens","damage_taken":0,"relics_obtained":["MutagenicStrength"],"max_hp_gain":0,"max_hp_loss":0,"event_name":"Drug Dealer","floor":31,"gold_loss":0},{"damage_healed":0,"gold_gain":0,"player_choice":"Paid","damage_taken":0,"relics_obtained":["Red Mask"],"max_hp_gain":0,"max_hp_loss":0,"event_name":"Tomb of Lord Red Mask","floor":36,"gold_loss":154},{"damage_healed":0,"gold_gain":0,"player_choice":"Max HP","damage_taken":0,"max_hp_gain":0,"max_hp_loss":4,"event_name":"Winding Halls","floor":37,"gold_loss":0},{"damage_healed":0,"gold_gain":0,"player_choice":"Ignored","damage_taken":0,"max_hp_gain":0,"max_hp_loss":0,"event_name":"Mysterious Sphere","floor":39,"gold_loss":0}],"is_beta":false,"boss_relics":[{"not_picked":["Pandora\u0027s Box","Empty Cage"],"picked":"Velvet Choker"},{"not_picked":["Coffee Dripper","Runic Dome"],"picked":"Astrolabe"}],"items_purged_floors":[11],"is_endless":false,"potions_floor_spawned":[1,7,8,10,12,16,18,22,23,24,25,27,33,35,38,40,41,46,48],"killed_by":"Awakened One","ascension_level":0}}