{"host":"52jmisti11ysmja4","time":1610055715,"event":{"mods":["Aspiration","BaseMod","Better Third Choice","Minty Spire (QoL Compilation)","Remove Card Discount Mod","StSLib"],"gold_per_floor":[114,30,46,60,78,110,110,126,126,126,126,161,161,181,181,282,282,252,252],"floor_reached":18,"playtime":665,"items_purged":["Defend_B","Defend_B","Defend_B","Defend_B","Strike_B","Strike_B","Strike_B"],"score":267,"play_id":"3cf96bad-3e31-4f5e-b13e-04dc4cf6ed19","local_time":"20210107134155","is_ascension_mode":true,"campfire_choices":[{"floor":7,"key":"REST"},{"floor":13,"key":"REST"},{"data":"Beam Cell","floor":15,"key":"SMITH"}],"circlet_count":0,"master_deck":["AscendersBane","Strike_B","Zap","Dualcast+1","Compile Driver","Beam Cell+1","Conserve Battery","Rebound","Creative AI+1","Conserve Battery","Ball Lightning","Leap","Leap","Ball Lightning","Creative AI"],"relics":["Cracked Core","NeowsBlessing","Vajra","Eternal Feather","StrikeDummy","aspiration:Stellarator"],"acts_visited":["Exordium","TheCity"],"potions_floor_usage":[6,6,16],"damage_taken":[{"damage":0,"enemies":"2 Louse","floor":1,"turns":1},{"damage":0,"enemies":"Jaw Worm","floor":3,"turns":1},{"damage":0,"enemies":"Cultist","floor":4,"turns":1},{"damage":10,"enemies":"Exordium Wildlife","floor":5,"turns":4},{"damage":26,"enemies":"Lagavulin","floor":6,"turns":5},{"damage":6,"enemies":"Blue Slaver","floor":8,"turns":2},{"damage":20,"enemies":"Gremlin Nob","floor":12,"turns":4},{"damage":0,"enemies":"Looter","floor":14,"turns":2},{"damage":34,"enemies":"Hexaghost","floor":16,"turns":6},{"damage":15,"enemies":"2 Thieves","floor":18,"turns":2}],"seed_played":"8463347591174888196","potions_obtained":[{"floor":4,"key":"DuplicationPotion"},{"floor":5,"key":"CultistPotion"},{"floor":14,"key":"PowerPotion"}],"is_trial":false,"path_per_floor":["M","$","M","M","M","E","R","M","T","?","?","E","R","M","R","B",null,"M"],"character_chosen":"DEFECT","items_purchased":["Beam Cell","Conserve Battery"],"campfire_rested":2,"item_purchase_floors":[2,2],"current_hp_per_floor":[68,68,68,68,58,32,54,48,48,48,48,28,56,56,62,28,63,48,48],"gold":252,"neow_bonus":"THREE_ENEMY_KILL","is_daily":false,"chose_seed":false,"campfire_upgraded":1,"win_rate":0.0,"timestamp":1610055715,"path_taken":["M","$","M","M","M","E","R","M","T","?","?","E","R","M","R","BOSS","M"],"items_purchased_type":["Card","Card"],"build_version":"2020-12-22","purchased_purges":7,"victory":false,"max_hp_per_floor":[75,75,75,75,75,75,75,75,75,75,75,75,75,75,75,75,75,75,75],"card_choices":[{"not_picked":["Aggregate","Barrage"],"picked":"Compile Driver","floor":1},{"not_picked":["Stack","Skim"],"picked":"Rebound","floor":3},{"not_picked":["Compile Driver","Barrage"],"picked":"Creative AI","floor":4},{"not_picked":["Recycle","Steam"],"picked":"Conserve Battery","floor":5},{"not_picked":["Scrape","Compile Driver"],"picked":"Ball Lightning","floor":6},{"not_picked":["Double Energy","Glacier"],"picked":"Leap","floor":8},{"not_picked":["Blizzard","Rainbow"],"picked":"Leap","floor":12},{"not_picked":["Tempest","Coolheaded"],"picked":"Ball Lightning","floor":14},{"not_picked":["Reboot","Buffer"],"picked":"Creative AI","floor":16}],"player_experience":458874,"relics_obtained":[{"floor":6,"key":"Vajra"},{"floor":9,"key":"Eternal Feather"},{"floor":12,"key":"StrikeDummy"}],"event_choices":[{"damage_healed":0,"gold_gain":0,"player_choice":"Grow","damage_taken":0,"max_hp_gain":0,"max_hp_loss":0,"event_name":"Living Wall","floor":10,"gold_loss":0,"cards_upgraded":["Creative AI"]},{"damage_healed":0,"gold_gain":0,"player_choice":"Upgraded","damage_taken":0,"max_hp_gain":0,"max_hp_loss":0,"event_name":"Upgrade Shrine","floor":11,"gold_loss":0,"cards_upgraded":["Dualcast"]}],"is_beta":false,"boss_relics":[{"not_picked":["FrozenCore","SacredBark"],"picked":"aspiration:Stellarator"}],"items_purged_floors":[2,2,2,2,2,2,2],"is_endless":false,"potions_floor_spawned":[4,5,14],"killed_by":"2 Thieves","ascension_level":11}}