{"host":"4qkvkh7pd9qr2mca","time":1610056202,"event":{"mods":["AchievementEnabler","BaseMod","Colored Map","Colored Powertips","Highlight Path","Minty Spire (QoL Compilation)","Permanent Neow","Quick Restart","StSLib","SuperFastMode"],"gold_per_floor":[117,137,137,151,161,161,171,171,171],"floor_reached":8,"playtime":280,"items_purged":[],"score":100,"play_id":"2cfed9a4-9c1e-4dac-9f2a-e888354ac8f8","local_time":"20210107225002","is_ascension_mode":true,"campfire_choices":[{"data":"Neutralize","floor":6,"key":"SMITH"}],"circlet_count":0,"master_deck":["AscendersBane","Strike_G","Strike_G","Strike_G","Strike_G","Strike_G","Defend_G","Defend_G","Defend_G","Defend_G","Defend_G","Survivor","Neutralize+1","Discovery+1","Deadly Poison","Dagger Spray","Acrobatics","Slice"],"relics":["Ring of the Snake"],"acts_visited":["Exordium"],"potions_floor_usage":[],"damage_taken":[{"damage":3,"enemies":"Small Slimes","floor":1,"turns":3},{"damage":0,"enemies":"Cultist","floor":2,"turns":3},{"damage":1,"enemies":"Jaw Worm","floor":4,"turns":3},{"damage":10,"enemies":"Looter","floor":5,"turns":4},{"damage":3,"enemies":"Blue Slaver","floor":7,"turns":4},{"damage":67,"enemies":"Gremlin Nob","floor":8,"turns":4}],"seed_played":"2879814211002314380","potions_obtained":[{"floor":5,"key":"Strength Potion"}],"is_trial":false,"path_per_floor":["M","M","?","M","M","R","M","E"],"character_chosen":"THE_SILENT","items_purchased":[],"campfire_rested":0,"item_purchase_floors":[],"current_hp_per_floor":[56,56,56,55,45,45,42,0,0],"gold":171,"neow_bonus":"RANDOM_COLORLESS","is_daily":false,"chose_seed":false,"campfire_upgraded":1,"win_rate":0.0,"timestamp":1610056202,"path_taken":["M","M","?","M","M","R","M","E"],"items_purchased_type":[],"build_version":"2020-12-22","purchased_purges":0,"victory":false,"max_hp_per_floor":[66,66,66,66,66,66,66,66,66],"card_choices":[{"not_picked":["Finesse","Flash of Steel"],"picked":"Discovery","floor":0},{"not_picked":["Setup","Deflect"],"picked":"Deadly Poison","floor":1},{"not_picked":["Quick Slash","Dodge and Roll"],"picked":"Dagger Spray","floor":2},{"not_picked":["Bane","Dagger Spray"],"picked":"Acrobatics","floor":4},{"not_picked":["Heel Hook","Concentrate","Poisoned Stab"],"picked":"SKIP","floor":5},{"not_picked":["Outmaneuver","Riddle With Holes"],"picked":"Slice","floor":7}],"player_experience":508819,"relics_obtained":[],"event_choices":[{"damage_healed":0,"gold_gain":0,"player_choice":"Upgraded","damage_taken":0,"max_hp_gain":0,"max_hp_loss":0,"event_name":"Upgrade Shrine","floor":3,"gold_loss":0,"cards_upgraded":["Discovery"]}],"is_beta":false,"boss_relics":[],"items_purged_floors":[],"is_endless":false,"potions_floor_spawned":[5],"killed_by":"Gremlin Nob","ascension_level":20}}