{"host":"4rvakrj1idbgia3f","time":1610005723,"event":{"mods":["BaseMod","Colored Map","Colored Powertips","DeckTracker","Highlight Path","Minty Spire (QoL Compilation)","Random Character Button","StSLib"],"gold_per_floor":[367,367,386,401,112,112,148,148,148,171,212,212,212,232,232,322,322,347,363,376,376,153,153,78,78,101,22,35,73,87,121,121,215,215,230,246,246,34,53,53,0,0,0,40,55,55,74,74,74,74,74,74],"floor_reached":51,"playtime":2943,"items_purged":["Defend_G","Strike_G","Poisoned Stab"],"score":1410,"play_id":"7278b35c-2629-4b0c-ad21-0e6e23e3efe9","local_time":"20210107164843","is_ascension_mode":true,"campfire_choices":[{"data":"Apotheosis","floor":6.0,"key":"SMITH"},{"data":"Neutralize","floor":8.0,"key":"SMITH"},{"data":"Night Terror","floor":12.0,"key":"SMITH"},{"data":"Accuracy","floor":15.0,"key":"SMITH"},{"data":"Adrenaline","floor":23.0,"key":"SMITH"},{"floor":25.0,"key":"REST"},{"data":"Footwork","floor":32.0,"key":"SMITH"},{"floor":40.0,"key":"REST"},{"floor":42.0,"key":"REST"},{"floor":46.0,"key":"REST"},{"floor":49.0,"key":"RECALL"}],"circlet_count":0,"master_deck":["AscendersBane","Defend_G","Defend_G","Survivor","Neutralize+1","Backstab","Apotheosis+1","Blade Dance","Cloak And Dagger","Accuracy+1","Night Terror+1","Slice","Adrenaline+1","Adrenaline+1","Venomology+1","Poisoned Stab+1","Well Laid Plans","PiercingWail","Footwork+1","Backflip","Adrenaline","Dodge and Roll","Malaise","Accuracy","PiercingWail","Leg Sweep","Choke","Escape Plan"],"relics":["Ring of the Snake","Golden Idol","Question Card","Bag of Marbles","Matryoshka","Astrolabe","Membership Card","Omamori","Happy Flower","MealTicket","Red Mask","Akabeko","WristBlade","Shuriken","Potion Belt","Orichalcum","Peace Pipe"],"acts_visited":["Exordium","TheCity","TheBeyond"],"potions_floor_usage":[51],"damage_taken":[{"damage":0.0,"enemies":"Jaw Worm","floor":1.0,"turns":5.0},{"damage":0.0,"enemies":"Small Slimes","floor":3.0,"turns":4.0},{"damage":0.0,"enemies":"2 Louse","floor":4.0,"turns":3.0},{"damage":12.0,"enemies":"Lagavulin","floor":7.0,"turns":7.0},{"damage":0.0,"enemies":"Exordium Wildlife","floor":10.0,"turns":2.0},{"damage":5.0,"enemies":"3 Sentries","floor":11.0,"turns":6.0},{"damage":13.0,"enemies":"Exordium Thugs","floor":14.0,"turns":3.0},{"damage":13.0,"enemies":"The Guardian","floor":16.0,"turns":9.0},{"damage":0.0,"enemies":"Spheric Guardian","floor":18.0,"turns":2.0},{"damage":0.0,"enemies":"2 Thieves","floor":19.0,"turns":2.0},{"damage":28.0,"enemies":"Shelled Parasite and Fungi","floor":20.0,"turns":5.0},{"damage":0.0,"enemies":"Sentry and Sphere","floor":28.0,"turns":3.0},{"damage":4.0,"enemies":"Masked Bandits","floor":29.0,"turns":2.0},{"damage":3.0,"enemies":"Centurion and Healer","floor":30.0,"turns":4.0},{"damage":0.0,"enemies":"Book of Stabbing","floor":31.0,"turns":3.0},{"damage":25.0,"enemies":"Collector","floor":33.0,"turns":11.0},{"damage":0.0,"enemies":"3 Shapes","floor":35.0,"turns":7.0},{"damage":15.0,"enemies":"3 Darklings","floor":36.0,"turns":4.0},{"damage":32.0,"enemies":"Writhing Mass","floor":39.0,"turns":6.0},{"damage":13.0,"enemies":"Reptomancer","floor":44.0,"turns":5.0},{"damage":6.0,"enemies":"Maw","floor":45.0,"turns":5.0},{"damage":0.0,"enemies":"Transient","floor":47.0,"turns":6.0},{"damage":45.0,"enemies":"Awakened One","floor":50.0,"turns":14.0},{"damage":21,"enemies":"Time Eater","floor":51,"turns":4}],"seed_played":"6279413202162751617","potions_obtained":[{"floor":7.0,"key":"SteroidPotion"},{"floor":11.0,"key":"Block Potion"},{"floor":14.0,"key":"Swift Potion"},{"floor":20.0,"key":"Strength Potion"},{"floor":28.0,"key":"CultistPotion"},{"floor":33.0,"key":"Block Potion"},{"floor":45.0,"key":"SkillPotion"}],"is_trial":false,"path_per_floor":["M","?","M","M","$","R","E","R","T","M","E","R","?","M","R","B",null,"M","M","M","?","$","R","?","R","T","$","M","?","M","E","R","B",null,"M","M","?","$","M","R","?","R","T","E","M","R","M","$","R","B","B"],"character_chosen":"THE_SILENT","items_purchased":["Apotheosis","Blade Dance","Membership Card","MealTicket","Shuriken","PiercingWail"],"campfire_rested":4,"item_purchase_floors":[5,5,22,27,38,38],"current_hp_per_floor":[44,44,44,44,44,44,32,32,32,32,27,27,27,14,14,1,45,45,45,17,17,17,17,17,35,35,35,35,31,28,28,28,18,50,50,35,35,50,18,36,36,54,54,41,35,53,53,60,60,15,0,0],"gold":74,"neow_bonus":"TWO_FIFTY_GOLD","is_daily":false,"chose_seed":false,"campfire_upgraded":6,"win_rate":0.0,"timestamp":1610005723,"path_taken":["M","?","M","M","$","R","E","R","T","M","E","R","?","M","R","BOSS","M","M","M","?","$","R","?","R","T","?","?","?","M","E","R","BOSS","M","M","?","$","?","R","?","R","T","E","M","R","M","?","R","BOSS","BOSS"],"items_purchased_type":["Card","Card","Relic","Relic","Relic","Card"],"build_version":"2020-12-22","purchased_purges":3,"victory":false,"max_hp_per_floor":[66,60,60,60,60,60,60,60,60,60,60,60,60,60,60,60,60,60,60,60,60,60,60,60,60,60,60,60,60,60,60,60,60,60,60,60,60,60,60,60,60,60,60,60,60,60,60,60,60,60,60,60],"card_choices":[{"not_picked":["PiercingWail","Dodge and Roll"],"picked":"Backstab","floor":1.0},{"not_picked":["Concentrate","Reflex"],"picked":"Poisoned Stab","floor":3.0},{"not_picked":["Sucker Punch","Flechettes","Prepared"],"picked":"SKIP","floor":4.0},{"not_picked":["Deadly Poison","Blade Dance"],"picked":"Cloak And Dagger","floor":7.0},{"not_picked":["Infinite Blades","PiercingWail","Slice"],"picked":"Accuracy","floor":10.0},{"not_picked":["Deflect","Poisoned Stab","Deadly Poison"],"picked":"Night Terror","floor":11.0},{"not_picked":["Tactician","Riddle With Holes","Deadly Poison"],"picked":"Slice","floor":14.0},{"not_picked":["Doppelganger","Die Die Die","Venomology"],"picked":"Adrenaline","floor":16.0},{"not_picked":["Dodge and Roll","Acrobatics","Bane","Prepared"],"picked":"SKIP","floor":18.0},{"not_picked":["Bane","Flying Knee","Quick Slash"],"picked":"Well Laid Plans","floor":19.0},{"not_picked":["Heel Hook","Skewer","Expertise+1"],"picked":"PiercingWail","floor":20.0},{"not_picked":["Quick Slash","Deflect","Skewer"],"picked":"Footwork","floor":28.0},{"not_picked":["Underhanded Strike","Footwork+1","Bouncing Flask"],"picked":"Backflip","floor":29.0},{"not_picked":["Riddle With Holes+1","Poisoned Stab","Endless Agony"],"picked":"Adrenaline","floor":30.0},{"not_picked":["Quick Slash+1","Tactician","Bane"],"picked":"Dodge and Roll","floor":31.0},{"not_picked":["Burst","Glass Knife","Wraith Form v2"],"picked":"Malaise","floor":33.0},{"not_picked":["Sucker Punch","All Out Attack","Cloak And Dagger+1"],"picked":"Accuracy","floor":35.0},{"not_picked":["Flying Knee","Concentrate","Acrobatics","Caltrops+1"],"picked":"SKIP","floor":36.0},{"not_picked":["Blade Dance+1","Endless Agony","Deflect","PiercingWail"],"picked":"SKIP","floor":39.0},{"not_picked":["Underhanded Strike","Cloak And Dagger","Prepared+1"],"picked":"Leg Sweep","floor":44.0},{"not_picked":["Heel Hook","Dash","Unload"],"picked":"Choke","floor":45.0},{"not_picked":["Leg Sweep","Outmaneuver","Bane"],"picked":"Escape Plan","floor":47.0}],"player_experience":1961879,"relics_obtained":[{"floor":7.0,"key":"Question Card"},{"floor":9.0,"key":"Bag of Marbles"},{"floor":11.0,"key":"Matryoshka"},{"floor":26.0,"key":"Omamori"},{"floor":26.0,"key":"Happy Flower"},{"floor":29.0,"key":"Red Mask"},{"floor":31.0,"key":"Akabeko"},{"floor":43.0,"key":"Orichalcum"},{"floor":44.0,"key":"Peace Pipe"}],"event_choices":[{"damage_healed":0.0,"max_hp_gain":0.0,"max_hp_loss":6.0,"gold_gain":0.0,"event_name":"Golden Idol","player_choice":"Lose Max HP","floor":2.0,"gold_loss":0.0,"damage_taken":0.0,"relics_obtained":["Golden Idol"]},{"damage_healed":0.0,"max_hp_gain":0.0,"max_hp_loss":0.0,"gold_gain":0.0,"event_name":"Liars Game","player_choice":"Ignored","floor":13.0,"gold_loss":0.0,"damage_taken":0.0},{"cards_removed":["Strike_G"],"damage_healed":0.0,"max_hp_gain":0.0,"max_hp_loss":0.0,"gold_gain":0.0,"event_name":"Back to Basics","player_choice":"Elegance","floor":21.0,"gold_loss":0.0,"damage_taken":0.0},{"cards_removed":["Strike_G"],"damage_healed":0.0,"max_hp_gain":0.0,"max_hp_loss":0.0,"gold_gain":0.0,"event_name":"Beggar","player_choice":"Gave Gold","floor":24.0,"gold_loss":75.0,"damage_taken":0.0},{"damage_healed":0.0,"max_hp_gain":0.0,"max_hp_loss":0.0,"gold_gain":0.0,"event_name":"Masked Bandits","player_choice":"Fought Bandits","floor":29.0,"gold_loss":0.0,"damage_taken":0.0},{"cards_removed":["Defend_G"],"damage_healed":0.0,"max_hp_gain":0.0,"max_hp_loss":0.0,"gold_gain":0.0,"event_name":"Purifier","player_choice":"Purged","floor":37.0,"gold_loss":0.0,"damage_taken":0.0},{"damage_healed":0.0,"max_hp_gain":0.0,"max_hp_loss":0.0,"gold_gain":0.0,"event_name":"WeMeetAgain","player_choice":"Paid Gold","floor":41.0,"gold_loss":53.0,"damage_taken":0.0,"relics_obtained":["Potion Belt"]}],"is_beta":false,"boss_relics":[{"not_picked":["Tiny House","Snecko Eye"],"picked":"Astrolabe"},{"not_picked":["Fusion Hammer","Black Star"],"picked":"WristBlade"}],"items_purged_floors":[5,22,38],"is_endless":false,"potions_floor_spawned":[7,11,14,16,20,28,31,33,45],"killed_by":"Time Eater","ascension_level":20}}