{"host":"97feeoqujgl2pi7v","time":1610025463,"event":{"mods":["AchievementEnabler","Act Like it!","Aspiration","Bard","BaseMod","Better Third Choice","Colored Map","Colored Powertips","Conspire","DeckTracker","Downfall","Duelist Mod","Gensokyo","GifTheSpireLib","Gremlin Mod","Halation","Hallownest","Hermit","Hubris","Infinite Spire","Jorbs\u0027s Wanderer Trilogy","Koishi","Mad Scientist","Marisa（霧雨　魔理沙）","Minty Spire (QoL Compilation)","Rare Cards Sparkle","Reimu（博丽灵梦）","Replay The Spire","Robot Space Explorer","Shop Mod","StSLib","Td1madao Mod","The Administrix","The Animator","The Blackbeard","The Bladedancer","The Bug Knight","The Construct","The Cursed","The Disciple","The Dragon Tamer","The Marked","The Mystic","The Necromancer","The Runesmith","The Saiyan","The Senshi","The Servant 0.9.4","TheBandit","Yuri Mod"],"gold_per_floor":[114,114,158,169,200,200,227,227],"floor_reached":7,"playtime":1319,"items_purged":[],"score":49,"play_id":"d91f528a-c582-49d8-9b02-1e5e48184dda","local_time":"20210107081743","daily_mods":["Draft","Vintage","DeadlyEvents"],"is_ascension_mode":false,"campfire_choices":[{"data":"WindmillStrike","floor":6,"key":"SMITH"}],"circlet_count":0,"master_deck":["Gensokyo:HAARP+1","FearNoEvil","ThirdEye","PathToVictory","ForeignInfluence","EmptyBody","Evaluate","SashWhip","Tantrum","TalkToTheHand","Perseverance","MentalFortress","FollowUp","FlurryOfBlows","CrushJoints","FlurryOfBlows","MentalFortress","WindmillStrike+1","PathToVictory"],"relics":["PureWater","Replay:PocketPolymizer","Replay:Wax Seal","hubris:MysteriousPyramids","Meat on the Bone","theSenshi:SpiralHeartMoonRodRelic"],"acts_visited":["Exordium"],"potions_floor_usage":[],"damage_taken":[{"damage":2,"enemies":"conspire:RoseBush","floor":1,"turns":2},{"damage":10,"enemies":"Small Slimes","floor":4,"turns":3},{"damage":0,"enemies":"conspire:MimicChest","floor":5,"turns":2},{"damage":23,"enemies":"3 Sentries","floor":7,"turns":6}],"seed_played":"7149635852097523319","potions_obtained":[{"floor":3,"key":"EntropicBrew"},{"floor":4,"key":"Strength Potion"},{"floor":7,"key":"Weak Potion"}],"is_trial":true,"path_per_floor":["M","?","?","M","?","R","E"],"character_chosen":"WATCHER","items_purchased":[],"campfire_rested":0,"item_purchase_floors":[],"current_hp_per_floor":[70,70,70,60,60,60,37,37],"gold":227,"neow_bonus":"","is_daily":false,"chose_seed":false,"campfire_upgraded":1,"win_rate":0.0,"timestamp":1610025463,"path_taken":["M","?","?","?","?","R","?"],"items_purchased_type":[],"build_version":"2020-12-22","purchased_purges":0,"victory":false,"max_hp_per_floor":[72,72,72,72,72,72,72,72],"card_choices":[{"not_picked":["Crescendo","Prostrate"],"picked":"FearNoEvil","floor":0},{"not_picked":["ClearTheMind","BowlingBash"],"picked":"ThirdEye","floor":0},{"not_picked":["Replay:Battleflow","Replay:ManipulateFuture"],"picked":"PathToVictory","floor":0},{"not_picked":["CrushJoints","Halt"],"picked":"ForeignInfluence","floor":0},{"not_picked":["JustLucky","Replay:BluntJabs"],"picked":"EmptyBody","floor":0},{"not_picked":["EmptyMind","EmptyFist"],"picked":"Evaluate","floor":0},{"not_picked":["CrushJoints","Replay:AtTheReady"],"picked":"SashWhip","floor":0},{"not_picked":["EmptyBody","FearNoEvil"],"picked":"Tantrum","floor":0},{"not_picked":["Replay:DivineShield","Fasting2"],"picked":"TalkToTheHand","floor":0},{"not_picked":["EmptyBody","Study"],"picked":"Perseverance","floor":0},{"not_picked":["Replay:ManipulateFuture","EmptyBody"],"picked":"MentalFortress","floor":0},{"not_picked":["Sanctity","Fasting2"],"picked":"FollowUp","floor":0},{"not_picked":["FollowUp","EmptyFist"],"picked":"FlurryOfBlows","floor":0},{"not_picked":["FlyingSleeves","Prostrate"],"picked":"CrushJoints","floor":0},{"not_picked":["WreathOfFlame","Protect"],"picked":"FlurryOfBlows","floor":0},{"not_picked":["Replay:Hum","Pray"],"picked":"MentalFortress","floor":3},{"not_picked":["ThirdEye","Crescendo"],"picked":"WindmillStrike","floor":3},{"not_picked":["SashWhip","Halt"],"picked":"PathToVictory","floor":5}],"player_experience":452891,"relics_obtained":[{"floor":1,"key":"Replay:PocketPolymizer"},{"floor":3,"key":"Replay:Wax Seal"},{"floor":4,"key":"hubris:MysteriousPyramids"},{"floor":5,"key":"Meat on the Bone"},{"floor":7,"key":"theSenshi:SpiralHeartMoonRodRelic"}],"event_choices":[{"damage_healed":0,"gold_gain":0,"player_choice":"Disagree","damage_taken":0,"max_hp_gain":0,"max_hp_loss":0,"event_name":"conspire:LoneGhost","floor":2,"gold_loss":0}],"is_beta":false,"boss_relics":[],"items_purged_floors":[],"is_endless":false,"potions_floor_spawned":[4,7],"killed_by":"3 Sentries","ascension_level":0}}