{"host":"5dk97cf2ubw2v967","time":1610024599,"event":{"mods":["AlwaysNeverKeys","BaseMod","Better Altar","Better Vampires","Block Reminder","Colored Powertips","Downfall","Googly Eyes","Highlight Path","Minty Spire (QoL Compilation)","Permanent Neow","Potion Indicator Mod","Quick Restart","Relic Filter","Relic Stats","Say the Spire","Spicy Shops","StSLib","Waifu the Spire","everything is the same but u backflip on backflip"],"gold_per_floor":[99,109,126,126,140,65,65,76,106,134,134,162,87,15,30,105,105,105,120,120,120,30,60,60,60,91,115,139,178,29,41,53,130,130,130,143,51,51,65,98,98,98,98,23,35,48,74,74,90,90,90,122,39,39,39],"floor_reached":56,"playtime":9760,"items_purged":["Slimebound:Tackle+1","Slimebound:Tackle+1"],"score":2825,"play_id":"96cc68f3-6795-4caf-ad26-858d81254763","local_time":"20210107130319","is_ascension_mode":true,"campfire_choices":[{"floor":1.0,"key":"RECALL"},{"floor":6.0,"key":"REST"},{"floor":13.0,"key":"REST"},{"data":"Guardian:Orbwalk","floor":18.0,"key":"SMITH"},{"floor":25.0,"key":"REST"},{"data":"Guardian:CompilePackage","floor":35.0,"key":"SMITH"},{"data":"expansioncontent:DecasProtection","floor":44.0,"key":"SMITH"},{"data":"expansioncontent:DonusPower","floor":54,"key":"SMITH"}],"circlet_count":0,"master_deck":["AscendersBane","Guardian:Defend_Guardian","Guardian:Defend_Guardian","Guardian:Defend_Guardian","Guardian:CurlUp","Guardian:TwinSlam","Guardian:Recover","Guardian:Orbwalk+1","Guardian:Planning","Guardian:Harden","Guardian:Preprogram","Guardian:Suspension","Guardian:ShieldCharger","Guardian:FierceBash+1","Slimebound:Tackle+1","Guardian:TemporalStrike+1","Guardian:FloatingOrbs","Guardian:Gem_Purple","Guardian:DonusPower+1","Guardian:TimeCapacitor","expansioncontent:DonusPower+1","Guardian:ChargeUp","Guardian:CompilePackage+1","expansioncontent:DecasProtection+1","Guardian:ShieldCharger+1","Guardian:WalkerClaw+1","Guardian:CompilePackage+1","Guardian:ChargeCore+1","Guardian:ExploitGems","Guardian:Aged","Guardian:Clone+1","Guardian:Recover+1"],"relics":["Guardian:ModeShifterPlus","downfall:ShatteredFragment","downfall:HeartBlessingRed","Blood Vial","Odd Mushroom","Bag of Marbles","WarpedTongs","Nunchaku","downfall:HeartBlessingGreen","Letter Opener","Question Card","MawBank","Bronze Scales","Toolbox","SlaversCollar","Whetstone","downfall:HeartBlessingBlue","Anchor","Guardian:StasisEgg","Strawberry"],"acts_visited":["Exordium","TheCity","TheBeyond","TheEnding"],"potions_floor_usage":[52,55,55],"damage_taken":[{"damage":1.0,"enemies":"2 Louse","floor":2.0,"turns":2.0},{"damage":2.0,"enemies":"Small Slimes","floor":3.0,"turns":4.0},{"damage":0.0,"enemies":"Cultist","floor":5.0,"turns":3.0},{"damage":3.0,"enemies":"3 Louse","floor":8.0,"turns":3.0},{"damage":14.0,"enemies":"The Mushroom Lair","floor":9.0,"turns":4.0},{"damage":10.0,"enemies":"Gremlin Nob","floor":10.0,"turns":5.0},{"damage":21.0,"enemies":"Lagavulin","floor":12.0,"turns":6.0},{"damage":6.0,"enemies":"downfall:FleeingMerchant","floor":14.0,"turns":4.0},{"damage":3.0,"enemies":"Large Slime","floor":15.0,"turns":4.0},{"damage":10.0,"enemies":"downfall:Watcher","floor":16.0,"turns":8.0},{"damage":4.0,"enemies":"Spheric Guardian","floor":19.0,"turns":4.0},{"damage":0.0,"enemies":"downfall:FleeingMerchant","floor":22.0,"turns":4.0},{"damage":26.0,"enemies":"Gremlin Leader","floor":23.0,"turns":7.0},{"damage":0.0,"enemies":"Slavers","floor":26.0,"turns":3.0},{"damage":0.0,"enemies":"Snake Plant","floor":27.0,"turns":3.0},{"damage":0.0,"enemies":"Cultist and Chosen","floor":28.0,"turns":5.0},{"damage":9.0,"enemies":"Book of Stabbing","floor":29.0,"turns":5.0},{"damage":0.0,"enemies":"downfall:FleeingMerchant","floor":30.0,"turns":4.0},{"damage":0.0,"enemies":"Sentry and Sphere","floor":31.0,"turns":3.0},{"damage":0.0,"enemies":"3 Cultists","floor":32.0,"turns":4.0},{"damage":1.0,"enemies":"downfall:Ironclad","floor":33.0,"turns":6.0},{"damage":0.0,"enemies":"Orb Walker","floor":36.0,"turns":2.0},{"damage":0.0,"enemies":"3 Shapes","floor":39.0,"turns":3.0},{"damage":0.0,"enemies":"Giant Head","floor":40.0,"turns":6.0},{"damage":1.0,"enemies":"Jaw Worm Horde","floor":45.0,"turns":2.0},{"damage":6.0,"enemies":"Writhing Mass","floor":46.0,"turns":6.0},{"damage":0,"enemies":"Reptomancer","floor":47,"turns":5},{"damage":20,"enemies":"Transient","floor":49,"turns":6},{"damage":0,"enemies":"downfall:Defect","floor":50,"turns":7},{"damage":16,"enemies":"downfall:CharBossMerchant","floor":52,"turns":6},{"damage":0,"enemies":"downfall:NeowBoss","floor":55,"turns":17}],"seed_played":"-717260533298944476","potions_obtained":[{"floor":8.0,"key":"sneckomod:MuddlingPotion"},{"floor":9.0,"key":"Block Potion"},{"floor":10.0,"key":"Energy Potion"},{"floor":15.0,"key":"Strength Potion"},{"floor":16.0,"key":"Block Potion"},{"floor":23.0,"key":"hexamod:EctoCoolerPotion"},{"floor":28.0,"key":"EntropicBrew"},{"floor":31.0,"key":"Regen Potion"},{"floor":46.0,"key":"SkillPotion"},{"floor":47,"key":"EssenceOfSteel"},{"floor":52,"key":"Dexterity Potion"}],"is_trial":false,"path_per_floor":["R","M","M","?","M","R","T","M","?","E","?","E","R","$","M","B",null,"R","M","?","?","$","E","T","R","E","M","M","E","$","M","M","B",null,"R","M","$","?","M","E","T","?","$","R","M","M","E","?","M","B",null,"E","$","R","B",null],"character_chosen":"GUARDIAN","items_purchased":["Block Potion","Toolbox","Guardian:TimeCapacitor","expansioncontent:DonusPower","Guardian:ChargeUp","expansioncontent:DecasProtection","SpeedPotion"],"campfire_rested":3,"item_purchase_floors":[14,30,30,30,30,37,53],"current_hp_per_floor":[47,46,44,20,20,41,41,40,28,20,20,1,22,18,17,9,56,56,54,54,54,56,32,32,53,55,57,59,52,54,56,58,59,69,69,71,71,71,72,72,72,72,72,82,81,76,78,78,60,62,77,80,80,80,82],"gold":39,"neow_bonus":"REMOVE_TWO","is_daily":false,"chose_seed":false,"campfire_upgraded":4,"win_rate":0.0,"timestamp":1610024599,"path_taken":["R","M","M","?","M","R","T","M","?","E","?","E","R","$","M","BOSS","R","M","?","?","$","E","T","R","E","M","M","E","$","M","M","BOSS","R","M","$","?","M","E","T","?","$","R","M","?","E","?","M","BOSS","E","$","R","BOSS"],"items_purchased_type":["Potion","Relic","Card","Card","Card","Card","Potion"],"build_version":"2020-12-22","purchased_purges":2,"victory":true,"max_hp_per_floor":[72,72,72,72,72,72,72,72,72,72,72,72,72,72,72,72,72,72,72,72,72,72,72,72,72,72,72,72,72,72,72,72,72,72,72,72,72,72,72,72,72,72,72,82,82,82,82,82,82,82,82,89,89,89,89],"relic_stats":{"Blood Vial":50,"Nunchaku":[36],"counters":[31,151],"Bronze Scales":[157],"Letter Opener":[499],"Whetstone":["Guardian:FierceBash","Guardian:TemporalStrike"],"Question Card":16,"MawBank":48,"obtain_stats":[{"downfall:ShatteredFragment":4,"downfall:HeartBlessingRed":6,"Guardian:ModeShifterPlus":17,"Guardian:StasisEgg":48,"Guardian:ModeShifter":0,"downfall:HeartBlessingGreen":13,"Letter Opener":23,"Whetstone":40,"Odd Mushroom":9,"Question Card":24,"MawBank":26,"WarpedTongs":11,"Blood Vial":7,"SlaversCollar":34,"Nunchaku":12,"Anchor":47,"downfall:HeartBlessingBlue":44,"Bronze Scales":29,"Strawberry":52,"Toolbox":30,"Bag of Marbles":10},{"downfall:ShatteredFragment":2,"downfall:HeartBlessingRed":3,"Guardian:ModeShifterPlus":10,"Guardian:StasisEgg":27,"Guardian:ModeShifter":0,"downfall:HeartBlessingGreen":7,"Letter Opener":13,"Whetstone":24,"Odd Mushroom":5,"Question Card":13,"MawBank":14,"WarpedTongs":6,"Blood Vial":3,"SlaversCollar":21,"Nunchaku":7,"Anchor":27,"downfall:HeartBlessingBlue":24,"Bronze Scales":17,"Strawberry":30,"Toolbox":18,"Bag of Marbles":6},{"downfall:ShatteredFragment":6,"downfall:HeartBlessingRed":9,"Guardian:ModeShifterPlus":43,"Guardian:StasisEgg":115,"Guardian:ModeShifter":0,"downfall:HeartBlessingGreen":27,"Letter Opener":58,"Whetstone":102,"Odd Mushroom":16,"Question Card":58,"MawBank":61,"WarpedTongs":21,"Blood Vial":9,"SlaversCollar":91,"Nunchaku":27,"Anchor":115,"downfall:HeartBlessingBlue":102,"Bronze Scales":74,"Strawberry":134,"Toolbox":78,"Bag of Marbles":21}],"WarpedTongs":[130]},"card_choices":[{"not_picked":["Guardian:TemporalShield","Guardian:RollAttack"],"picked":"Guardian:Recover","floor":2.0},{"not_picked":["Guardian:ArmoredProtocol","Guardian:TemporalStrike"],"picked":"Guardian:Gem_Blue","floor":3.0},{"not_picked":["Guardian:Gem_Lightblue","Guardian:TemporalShield"],"picked":"Guardian:Orbwalk","floor":5.0},{"not_picked":["Guardian:VentSteam","Guardian:PrimingBeam"],"picked":"Guardian:Planning","floor":8.0},{"not_picked":["Guardian:EvasiveProtocol","Guardian:Incinerate"],"picked":"Guardian:Harden","floor":9.0},{"not_picked":["Guardian:Gem_Purple","Guardian:TimeSifter"],"picked":"Guardian:Gem_Cyan","floor":10.0},{"not_picked":["Guardian:CrystalBeam","Guardian:RollAttack"],"picked":"Guardian:Preprogram","floor":12.0},{"not_picked":["Guardian:CrystalBeam","Guardian:TemporalShield"],"picked":"Guardian:Suspension","floor":14.0},{"not_picked":["Guardian:Gem_Green","Guardian:Gem_Lightblue"],"picked":"Guardian:ShieldCharger","floor":15.0},{"not_picked":["Guardian:RevengeProtocol","Guardian:HyperBeam_Guardian"],"picked":"Guardian:FierceBash","floor":16.0},{"not_picked":["Guardian:FuturePlans+1","Guardian:VentSteam"],"picked":"Guardian:Gem_Cyan","floor":19.0},{"not_picked":["Guardian:Gem_Green","Guardian:Emergency"],"picked":"Guardian:Gem_Yellow","floor":22.0},{"not_picked":["Guardian:Suspension","Guardian:Planning"],"picked":"Guardian:Gem_Fragmented","floor":23.0},{"not_picked":["Guardian:PrismaticBarrier","Guardian:TemporalShield","Guardian:Suspension"],"picked":"Guardian:TemporalStrike","floor":26.0},{"not_picked":["Guardian:CrystalBeam+1","Guardian:Recover","Guardian:ShieldCharger"],"picked":"Guardian:FloatingOrbs","floor":27.0},{"not_picked":["Guardian:ChargeCore","Guardian:ConstructionForm","Guardian:CrystalBeam"],"picked":"Guardian:Gem_Purple","floor":28.0},{"not_picked":["Guardian:Recover","Guardian:WalkerClaw","Guardian:SpikerProtocol"],"picked":"Guardian:Gem_Red","floor":29.0},{"not_picked":["Guardian:Emergency","Guardian:RollAttack","Guardian:PolyBeam"],"picked":"Guardian:DonusPower+1","floor":30.0},{"not_picked":["Guardian:Gem_Red","Guardian:Gem_Cyan","Guardian:PiercingHide"],"picked":"Guardian:Gem_White","floor":31.0},{"not_picked":["Guardian:Gem_Green","Guardian:ChargeCore","Guardian:Recover","Guardian:VentSteam"],"picked":"SKIP","floor":32.0},{"not_picked":["Guardian:Gem_Orange","Guardian:HyperBeam_Guardian","Guardian:TimeSifter"],"picked":"Guardian:CompilePackage","floor":33.0},{"not_picked":["Guardian:SpikerProtocol","Guardian:PiercingHide","Guardian:TemporalShield"],"picked":"Guardian:Gem_Cyan","floor":36.0},{"not_picked":["Guardian:ChargeCore+1","Guardian:RollAttack","Guardian:Reroute"],"picked":"Guardian:ShieldCharger+1","floor":39.0},{"not_picked":["Guardian:Gem_Red","Guardian:ShieldCharger+1","Guardian:PolyBeam"],"picked":"Guardian:WalkerClaw+1","floor":40.0},{"not_picked":["Guardian:Preprogram","Guardian:Planning+1","Guardian:MultiBeam"],"picked":"Guardian:ChargeCore+1","floor":45.0},{"not_picked":["Guardian:ChargeCore","Guardian:SpikerProtocol","Guardian:FloatingOrbs"],"picked":"Guardian:ExploitGems","floor":46.0},{"not_picked":["Guardian:TimeSifter","Guardian:CrystalBeam","Guardian:Gem_Blue"],"picked":"Guardian:Gem_Yellow","floor":47},{"not_picked":["Guardian:Planning+1","Guardian:PrimingBeam+1","Guardian:Recover"],"picked":"Guardian:Clone+1","floor":49},{"not_picked":["Guardian:Gem_Lightblue","Guardian:Incinerate","Guardian:PrismaticBarrier+1"],"picked":"Guardian:Recover+1","floor":52}],"player_experience":1328058,"relics_obtained":[{"floor":7.0,"key":"Blood Vial"},{"floor":9.0,"key":"Odd Mushroom"},{"floor":10.0,"key":"Bag of Marbles"},{"floor":12.0,"key":"Nunchaku"},{"floor":23.0,"key":"Letter Opener"},{"floor":24.0,"key":"Question Card"},{"floor":26.0,"key":"MawBank"},{"floor":29.0,"key":"Bronze Scales"},{"floor":40.0,"key":"Whetstone"},{"floor":47,"key":"Anchor"},{"floor":52,"key":"Strawberry"}],"event_choices":[{"damage_healed":0.0,"max_hp_gain":0.0,"max_hp_loss":0.0,"gold_gain":0.0,"event_name":"Mushrooms","player_choice":"Fought Mushrooms","floor":9.0,"gold_loss":0.0,"damage_taken":0.0},{"cards_removed":["Pain"],"damage_healed":0.0,"max_hp_gain":0.0,"max_hp_loss":0.0,"gold_gain":0.0,"event_name":"Back to Basics","player_choice":"Elegance","floor":21.0,"gold_loss":0.0,"damage_taken":0.0},{"damage_healed":0.0,"max_hp_gain":0.0,"max_hp_loss":0.0,"gold_gain":0.0,"event_name":"Duplicator","player_choice":"Copied","floor":42.0,"gold_loss":0.0,"damage_taken":0.0,"cards_obtained":["Guardian:CompilePackage"]}],"is_beta":false,"boss_relics":[{"not_picked":["SacredBark","Coffee Dripper"],"picked":"Guardian:ModeShifterPlus"},{"not_picked":["Sozu","Empty Cage"],"picked":"SlaversCollar"}],"items_purged_floors":[22,30],"is_endless":false,"potions_floor_spawned":[8,9,10,15,16,19,23,28,31,46,47,49,52],"ascension_level":20}}