{"host":"wj90f2q0h2omert0","time":1610054794,"event":{"mods":["BaseMod","Beaked The Cultist","Better Third Choice","ChefMod","Clawfect","Colored Map","DeckTracker","Downfall","Hubris","JesterMod","Minty Spire (QoL Compilation)","Relic Stats","Robot Space Explorer","Shade Mod","StSLib","The Blackbeard","The Caster","The Dragon Tamer","The Druid"],"gold_per_floor":[116,42,317,330,345,345,420,310,335,350,350,98,110,128,128,225,275,293,233,332,344,344,344,344,363,363,87,107,107,107],"floor_reached":29,"playtime":1114,"items_purged":["Regret","chefmod:Strike","chefmod:Strike"],"score":240,"play_id":"73fa61f0-7d87-40fd-85c3-6a2ef2251a57","local_time":"20210107162634","is_ascension_mode":false,"campfire_choices":[{"data":"chefmod:QuickThaw","floor":6,"key":"SMITH"},{"data":"chefmod:LocoMoco","floor":11,"key":"SMITH"},{"floor":15,"key":"REST"},{"floor":23,"key":"REST"}],"circlet_count":0,"master_deck":["chefmod:Strike","chefmod:Strike","chefmod:Strike","chefmod:Defend","chefmod:Defend","chefmod:Defend","chefmod:QuickThaw+1","chefmod:TodaysSpecial+1","chefmod:Mince","chefmod:Leftovers","chefmod:LocoMoco+1","chefmod:ZaruSoba","chefmod:ZaruSoba","chefmod:Julienne","chefmod:ZaruSoba","chefmod:Gelato","chefmod:Granita","chefmod:OrderUp","chefmod:Sorbet","chefmod:TonkotsuRamen","chefmod:Sorbet+1","chefmod:DoubleChop","Bite","Bite","Bite","Bite","Bite","chefmod:FreezerBurn+1","chefmod:QuickChop"],"relics":["chefmod:TrustyPot","Bronze Scales","Vajra","Tiny House","hubris:SlimyHat","White Beast Statue","MealTicket"],"acts_visited":["Exordium","TheCity"],"potions_floor_usage":[18,18,18,29,29],"damage_taken":[{"damage":0,"enemies":"2 Louse","floor":1,"turns":2},{"damage":4,"enemies":"Cultist","floor":4,"turns":3},{"damage":5,"enemies":"Jaw Worm","floor":5,"turns":6},{"damage":2,"enemies":"Blue Slaver","floor":10,"turns":2},{"damage":8,"enemies":"Red Slaver","floor":13,"turns":2},{"damage":8,"enemies":"2 Fungi Beasts","floor":14,"turns":4},{"damage":27,"enemies":"Slime Boss","floor":16,"turns":6},{"damage":15,"enemies":"3 Byrds","floor":18,"turns":3},{"damage":25,"enemies":"2 Thieves","floor":19,"turns":4},{"damage":34,"enemies":"Cultist and Chosen","floor":21,"turns":7},{"damage":22,"enemies":"Snake Plant","floor":25,"turns":4},{"damage":12,"enemies":"Snecko","floor":28,"turns":4},{"damage":11,"enemies":"Centurion and Healer","floor":29,"turns":3}],"seed_played":"-2697903305383799744","potions_obtained":[{"floor":4,"key":"SneckoOil"},{"floor":10,"key":"Block Potion"},{"floor":16,"key":"DuplicationPotion"},{"floor":17,"key":"PowerPotion"},{"floor":25,"key":"ColorlessPotion"},{"floor":28,"key":"chefmod:PotionOfPlenty"}],"is_trial":false,"path_per_floor":["M","$","?","M","M","R","?","$","T","M","R","$","M","M","R","B",null,"M","M","?","M","?","R","T","M","T","$","M","M"],"character_chosen":"THE_CHEF","items_purchased":["chefmod:LocoMoco","chefmod:Julienne","Vajra","MealTicket"],"campfire_rested":2,"item_purchase_floors":[2,8,12,27],"current_hp_per_floor":[76,76,76,72,67,67,56,56,56,54,54,54,46,38,60,33,81,66,41,41,7,7,23,23,11,11,11,5,0,0],"gold":107,"neow_bonus":"ONE_RANDOM_RARE_CARD","is_daily":false,"chose_seed":false,"campfire_upgraded":2,"win_rate":0.0,"timestamp":1610054794,"path_taken":["M","$","?","M","?","R","?","$","T","M","R","$","M","M","R","BOSS","M","M","?","M","?","R","?","M","T","$","M","M"],"items_purchased_type":["Card","Card","Relic","Relic"],"build_version":"2020-12-22","purchased_purges":3,"victory":false,"max_hp_per_floor":[76,76,76,76,76,76,76,76,76,76,76,76,76,76,76,76,81,81,81,81,81,56,56,56,56,56,56,56,56,56],"relic_stats":{"counters":[13,50],"Bronze Scales":[144],"MealTicket":0,"obtain_stats":[{"chefmod:TrustyPot":0,"Tiny House":17,"Bronze Scales":9,"Vajra":12,"MealTicket":27,"hubris:SlimyHat":24,"White Beast Statue":26},{"chefmod:TrustyPot":0,"Tiny House":7,"Bronze Scales":3,"Vajra":4,"MealTicket":11,"hubris:SlimyHat":10,"White Beast Statue":11},{"chefmod:TrustyPot":0,"Tiny House":25,"Bronze Scales":11,"Vajra":13,"MealTicket":43,"hubris:SlimyHat":39,"White Beast Statue":43}]},"card_choices":[{"not_picked":["chefmod:FireUp","chefmod:VegetableTart"],"picked":"chefmod:Leftovers","floor":1},{"not_picked":["chefmod:FryPan","chefmod:Gelato"],"picked":"chefmod:ZaruSoba","floor":4},{"not_picked":["chefmod:KnifeFlurry","chefmod:Granita"],"picked":"chefmod:ZaruSoba","floor":5},{"not_picked":["chefmod:Sorbet","chefmod:DinoKale"],"picked":"chefmod:ZaruSoba","floor":10},{"not_picked":["chefmod:DinoKale","chefmod:Cleavers"],"picked":"chefmod:Gelato","floor":13},{"not_picked":["chefmod:IceCreamCone","chefmod:FryPan"],"picked":"chefmod:Granita","floor":14},{"not_picked":["chefmod:BananaSplit","chefmod:RisingDough"],"picked":"chefmod:OrderUp","floor":16},{"not_picked":["chefmod:HotSoup","chefmod:Defrost"],"picked":"chefmod:Sorbet","floor":17},{"not_picked":["chefmod:Fillet","chefmod:SliceAndDice"],"picked":"chefmod:TonkotsuRamen","floor":18},{"not_picked":["chefmod:Defrost","chefmod:FryPan"],"picked":"chefmod:Sorbet+1","floor":19},{"not_picked":["chefmod:SliceAndDice","chefmod:HotSoup"],"picked":"chefmod:DoubleChop","floor":21},{"not_picked":["chefmod:IcePick","chefmod:SliceAndDice+1"],"picked":"chefmod:FreezerBurn+1","floor":25},{"not_picked":["chefmod:DeepFreeze","chefmod:Defrost+1"],"picked":"chefmod:QuickChop","floor":28}],"player_experience":687771,"relics_obtained":[{"floor":9,"key":"Bronze Scales"},{"floor":24,"key":"hubris:SlimyHat"},{"floor":26,"key":"White Beast Statue"}],"event_choices":[{"damage_healed":0,"gold_gain":275,"player_choice":"Desecrate","damage_taken":0,"max_hp_gain":0,"max_hp_loss":0,"event_name":"Golden Shrine","floor":3,"gold_loss":0,"cards_obtained":["Regret"]},{"damage_healed":0,"gold_gain":75,"player_choice":"Gold","damage_taken":11,"max_hp_gain":0,"max_hp_loss":0,"event_name":"betterThird:BetterGoop","floor":7,"gold_loss":0},{"damage_healed":0,"gold_gain":99,"player_choice":"Steal","damage_taken":0,"max_hp_gain":0,"max_hp_loss":0,"event_name":"betterThird:BetterNest","floor":20,"gold_loss":0},{"damage_healed":0,"gold_gain":0,"player_choice":"Became a vampire","damage_taken":0,"max_hp_gain":0,"max_hp_loss":25,"event_name":"Vampires","floor":22,"gold_loss":0,"cards_obtained":["Bite","Bite","Bite","Bite","Bite"]}],"is_beta":false,"boss_relics":[{"not_picked":["Velvet Choker","hubris:Stopwatch"],"picked":"Tiny House"}],"items_purged_floors":[8,12,27],"is_endless":false,"potions_floor_spawned":[4,10,16,25,28],"killed_by":"Centurion and Healer","ascension_level":0}}