{"host":"pa9f0x1gh89g8gxw","time":1610007327,"event":{"mods":["BaseMod","Colored Powertips","Hubris","Infinite Spire","Minty Spire (QoL Compilation)","Replay The Spire","StSLib"],"gold_per_floor":[117,117,117,130,148,188,188,188,188,188,227,227,248,32,32,152,152,171,184,209,209,247,247,247],"floor_reached":25,"playtime":1045,"items_purged":[],"score":240,"play_id":"210a4aac-7f5e-4cbd-825e-281da4d6ba35","local_time":"20210107191527","is_ascension_mode":true,"campfire_choices":[{"data":"Chill","floor":7,"key":"SMITH"},{"data":"ReplayTheSpireMod:Calculation Training","floor":10,"key":"SMITH"},{"floor":12,"key":"REST"},{"data":"Self Repair","floor":15,"key":"SMITH"}],"circlet_count":0,"master_deck":["Strike_B","Strike_B","Strike_B","Strike_B","Defend_B","Defend_B","Defend_B","Defend_B","Zap","Dualcast","Chill+1","Self Repair+1","BasicCrystalCard","ReplayTheSpireMod:Calculation Training+1","Ball Lightning","ReplayTheSpireMod:Reroute Power","Defragment","Multi-Cast","Parasite","m_Survivalism","ReplayRNGCard","hubris:Fate","Crystallizer+1","Go for the Eyes+1","Languid","White Noise"],"relics":["Cracked Core","NeowsBlessing","Golden Idol","hubris:GlazedTorus","hubris:Teleporter","Calipers","StoneCalendar","OrangePellets","ReplayTheSpireMod:SealedPack","ReplayTheSpireMod:Ring of Addiction","SacredBark","Potion Belt","Ring of Misfortune","hubris:TenFootPole"],"acts_visited":["Exordium","TheCity"],"potions_floor_usage":[6,6,16,23,23,25],"damage_taken":[{"damage":0,"enemies":"2 Louse","floor":1,"turns":1},{"damage":0,"enemies":"Small Slimes","floor":4,"turns":1},{"damage":0,"enemies":"Cultist","floor":5,"turns":1},{"damage":4,"enemies":"3 Sentries","floor":6,"turns":6},{"damage":38,"enemies":"Lagavulin","floor":11,"turns":7},{"damage":0,"enemies":"Gremlin Gang","floor":13,"turns":5},{"damage":25,"enemies":"Hexaghost","floor":16,"turns":7},{"damage":20,"enemies":"Spheric Guardian","floor":18,"turns":7},{"damage":19,"enemies":"3 Byrds","floor":19,"turns":5},{"damage":1,"enemies":"Centurion and Healer","floor":20,"turns":7},{"damage":31,"enemies":"Gremlin Leader","floor":23,"turns":5},{"damage":61,"enemies":"Slavers","floor":25,"turns":5}],"seed_played":"-3221594145802926979","potions_obtained":[{"floor":4,"key":"Toxic Potion"},{"floor":5,"key":"infinitespire:BlackPotion"},{"floor":6,"key":"DistilledChaos"},{"floor":13,"key":"BlessingOfTheForge"},{"floor":19,"key":"DistilledChaos"},{"floor":21,"key":"infinitespire:BlackPotion"},{"floor":21,"key":"Energy Potion"},{"floor":21,"key":"AttackPotion"}],"is_trial":false,"path_per_floor":["M","?","?","M","M","E","R","?","T","R","E","R","M","$","R","B",null,"M","M","M","?","E","E"],"character_chosen":"DEFECT","items_purchased":["Defragment","OrangePellets"],"campfire_rested":1,"item_purchase_floors":[14,14],"current_hp_per_floor":[75,57,57,57,57,53,53,53,53,53,22,44,51,51,51,36,75,65,56,65,65,59,0,0],"gold":247,"neow_bonus":"THREE_ENEMY_KILL","is_daily":false,"chose_seed":false,"campfire_upgraded":3,"win_rate":0.0,"timestamp":1610007327,"path_taken":["M","?","?","M","M","E","R","?","T","R","E","R","?","$","R","BOSS","M","?","M","?","E","E"],"items_purchased_type":["Card","Relic"],"build_version":"2020-12-22","purchased_purges":0,"victory":false,"max_hp_per_floor":[75,75,75,75,75,75,75,75,75,75,75,75,75,75,75,75,75,75,75,75,75,75,75,75],"card_choices":[{"not_picked":["Turbo","Gash"],"picked":"Chill","floor":1},{"not_picked":["Fusion","Static Discharge"],"picked":"Self Repair","floor":4},{"not_picked":["Leap","Auto Shields"],"picked":"BasicCrystalCard","floor":5},{"not_picked":["Loop","Rebound"],"picked":"ReplayTheSpireMod:Calculation Training","floor":6},{"not_picked":["Sunder","Heatsinks"],"picked":"Ball Lightning","floor":11},{"not_picked":["Consume","Conserve Battery"],"picked":"ReplayTheSpireMod:Reroute Power","floor":13},{"not_picked":["Machine Learning","Fission"],"picked":"Multi-Cast","floor":16},{"not_picked":["Eruption","Vigilance"],"picked":"m_Survivalism","floor":17},{"not_picked":["Seek","hubris:Prefetch"],"picked":"ReplayRNGCard","floor":17},{"not_picked":["infinitespire:DeathsTouch","infinitespire:FinalStrike"],"picked":"hubris:Fate","floor":17},{"not_picked":["Auto Shields","Compile Driver"],"picked":"Crystallizer+1","floor":18},{"not_picked":["All For One","Panic Button+1","Reinforced Body"],"picked":"SKIP","floor":19},{"not_picked":["Barrage","Rebound+1"],"picked":"Go for the Eyes+1","floor":20},{"not_picked":["Barrage+1","Hyperbeam"],"picked":"White Noise","floor":23}],"player_experience":463812,"relics_obtained":[{"floor":6,"key":"hubris:GlazedTorus"},{"floor":9,"key":"Calipers"},{"floor":11,"key":"StoneCalendar"},{"floor":21,"key":"ReplayTheSpireMod:Ring of Addiction"},{"floor":21,"key":"SacredBark"},{"floor":21,"key":"Potion Belt"},{"floor":21,"key":"Ring of Misfortune"},{"floor":23,"key":"hubris:TenFootPole"}],"event_choices":[{"damage_healed":0,"gold_gain":0,"player_choice":"Take Damage","damage_taken":18,"relics_obtained":["Golden Idol"],"max_hp_gain":0,"max_hp_loss":0,"event_name":"Golden Idol","floor":2,"gold_loss":0},{"damage_healed":0,"gold_gain":0,"player_choice":"Gave Potion","damage_taken":0,"relics_obtained":["hubris:Teleporter"],"max_hp_gain":0,"max_hp_loss":0,"event_name":"WeMeetAgain","floor":8,"gold_loss":0}],"is_beta":false,"boss_relics":[{"not_picked":["SacredBark","hubris:RunicObelisk"],"picked":"ReplayTheSpireMod:SealedPack"}],"items_purged_floors":[],"is_endless":false,"potions_floor_spawned":[4,5,6,13,19],"killed_by":"Slavers","ascension_level":1}}