{"host":"njruw0b0uprlitpx","time":1610046267,"event":{"mods":["2.2 Compatiblity","Astrologer","Bartender","BaseMod","Better Altar","Better Match","Better Note","Better Sensory Stone","Better Skull","Better Third Choice","BetterRewards","Block Reminder","Colored Map","Colored Powertips","Energized Spire","Jedi Mod","Keyboard Shortcuts","Minty Spire (QoL Compilation)","Quick Restart","Relic Stats","Replay The Spire","SacredBarkPlus","Spicy Shops","StSLib","SuperFastMode","The Bug Knight","The Construct","The Dragon Tamer","The Forsaken","The Gatherer","The Judge","The Mystic","The Necromancer","The Runesmith","Wandering Minibosses"],"gold_per_floor":[139,14,94,94,133,207,207,259,259,259,324,324,384,431,431,555,555,581,631,631,713,13,111,111,194,194,194,262,20,20,55,55,204,204,229,35,35,11,54,84,167,144,144,366,366,426,6,6,6,6,6],"floor_reached":52,"playtime":2602,"items_purged":["Defend_W","Defend_W","WordoMod:Infected","Bone_Wall"],"score":2969,"play_id":"0abf2f34-a65c-4788-ba95-65171ff9d6f8","local_time":"20210107130427","is_ascension_mode":true,"campfire_choices":[{"data":"Bone_Prison","floor":7,"key":"SMITH"},{"data":"Scare","floor":10,"key":"SMITH"},{"data":"Negative_Energy_Burst","floor":12,"key":"SMITH"},{"data":"Death_Knell","floor":15,"key":"SMITH"},{"data":"Summon_Death_Knight","floor":24,"key":"SMITH"},{"data":"Reap_The_Weak","floor":27,"key":"SMITH"},{"data":"Sadistic Nature","floor":32,"key":"SMITH"},{"data":"Blood_Curse","floor":49,"key":"SMITH"}],"circlet_count":0,"master_deck":["AscendersBane","Negative_Energy_Arrows","Spectral_Armor+1","Scare+1","Vampiric_Strike","Bone_Prison+1","Exploit","Spectral_Armor+1","Summon_Undead+1","Shade_Step+1","Summon_Vampire_Lady+1","Necrotic_Claws","Toxic_Smoke_Screen+1","Cloudkill+1","Negative_Energy_Burst+1","Death_Knell+1","Bone_Shift+1","Reap_The_Weak+1","Negative_Energy_Shield+1","Slay_Living+1","Thousand_Bone_Knives+1","Summon_Death_Knight+1","Corrupt+1","Sadistic Nature+1","Life_Tap+1","Life_Tap+1","Blood_Wake","Stop_Heart+1","Summon_Lich","Blood_Curse+1","Grasp_Heart","Shackles_Of_Pain+1","Bone_Shift+1","Violent_Necrosis+1","Summon_Undead+1","Negative_Energy_Shield+1","Bone_Bullets+1","Summon_Vampire_Lady","Blood_Magic","Secret Technique+1","Metamorphosis+1","Chrysalis+1","Mind Blast"],"relics":["Vampire_Amulet","Ginger","BargainBundle","Replay:Bandana","Mango","Thread and Needle","DollysMirror","Toxic Egg 2","Ancient Tea Set","jedi:Pinwheel","ReplayTheSpireMod:Ninjato","Kintsugi","Red Mask","Membership Card","Replay:Rubber Ducky","TungstenRod","The Courier","jedi:matchstick","Cleaning_Rag","Chameleon Ring","Snecko Eye","Replay:Wax Seal","Replay:Ringing Soul","ReplayTheSpireMod:TigerMarble","ReplayTheSpireMod:CursedCoin","Replay:Mystery Machine","Prayer Wheel","Replay:Multitool","Nunchaku","Bird Faced Urn","jedi:ominousloannote","Juzu Bracelet","ReplayTheSpireMod:ShopPack","Ice Cream","Gambling Chip","jedi:crownofsimplicity","Ornamental Fan","Mummified Hand","Akabeko"],"acts_visited":["Exordium","TheCity","TheBeyond"],"potions_floor_usage":[6,16,21,21,31,33,42,50,50,50,50],"damage_taken":[{"damage":5,"enemies":"Jaw Worm","floor":1,"turns":2},{"damage":0,"enemies":"Cultist","floor":5,"turns":4},{"damage":6,"enemies":"3 Sentries","floor":6,"turns":5},{"damage":0,"enemies":"Small Slimes","floor":8,"turns":3},{"damage":3,"enemies":"Lagavulin","floor":11,"turns":5},{"damage":0,"enemies":"Exordium Thugs","floor":13,"turns":3},{"damage":0,"enemies":"Blue Slaver","floor":14,"turns":3},{"damage":32,"enemies":"Hexaghost","floor":16,"turns":6},{"damage":0,"enemies":"2 Thieves","floor":18,"turns":3},{"damage":0,"enemies":"Spheric Guardian","floor":19,"turns":4},{"damage":8,"enemies":"Masked Bandits","floor":21,"turns":3},{"damage":0,"enemies":"Gremlin Leader","floor":23,"turns":7},{"damage":6,"enemies":"HollowMod:Nosk","floor":25,"turns":5},{"damage":0,"enemies":"Gremlin Leader","floor":28,"turns":6},{"damage":2,"enemies":"Centurion and Healer","floor":31,"turns":3},{"damage":0,"enemies":"Automaton","floor":33,"turns":8},{"damage":0,"enemies":"Orb Walker","floor":35,"turns":3},{"damage":0,"enemies":"3 Shapes","floor":39,"turns":1},{"damage":1,"enemies":"Mind Bloom Boss Battle","floor":40,"turns":6},{"damage":78,"enemies":"Reptomancer","floor":41,"turns":7},{"damage":2,"enemies":"3 Darklings","floor":42,"turns":2},{"damage":2,"enemies":"Nemesis","floor":46,"turns":5},{"damage":81,"enemies":"Time Eater","floor":50,"turns":9},{"damage":56,"enemies":"Donu and Deca","floor":51,"turns":5}],"seed_played":"7742119256543092557","potions_obtained":[{"floor":1,"key":"Toxic Potion"},{"floor":8,"key":"LiquidBronze"},{"floor":13,"key":"Energy Potion"},{"floor":18,"key":"FearPotion"},{"floor":21,"key":"jedi:holywater"},{"floor":31,"key":"Fruit Juice"},{"floor":41,"key":"Energy Potion"},{"floor":46,"key":"Elixir"}],"is_trial":false,"path_per_floor":["M","?","?","?","M","E","R","M","T","R","E","R","M","M","R","B",null,"M","M","?","?","$","E","R","E","T","R","E","$","?","M","R","B",null,"M","$","?","$","M","?","E","M","T","?","R","E","$","?","R","B","B",null],"character_chosen":"NECROMANCER","items_purchased":["Spectral_Armor+1","Scare","Vampiric_Strike","BargainBundle","Replay:Bandana","Mango","Bone_Prison","Exploit","DollysMirror","Toxic Egg 2","Summon_Undead+1","Membership Card","Replay:Rubber Ducky","Summon_Death_Knight","Corrupt+1","PowerPotion","Sadistic Nature","Stop_Heart+1","PrismaticShard","Chameleon Ring","Summon_Lich","Replay:Wax Seal","Replay:Ringing Soul","ReplayTheSpireMod:TigerMarble","Venom Potion","PowerPotion","ReplayTheSpireMod:CursedCoin","Replay:Mystery Machine","Shackles_Of_Pain+1","Bone_Shift+1","Violent_Necrosis+1","jedi:ominousloannote","Juzu Bracelet","Secret Technique+1","ReplayTheSpireMod:ShopPack","Ice Cream","Gambling Chip","jedi:crownofsimplicity","Ornamental Fan","Mummified Hand","Weak Potion","Akabeko"],"campfire_rested":0,"item_purchase_floors":[0,0,0,0,0,0,0,0,0,0,0,22,22,22,22,22,22,29,29,29,29,36,36,36,36,36,38,38,38,38,38,47,47,47,47,47,47,47,47,47,47,47],"current_hp_per_floor":[75,75,75,75,85,85,85,85,85,85,84,84,85,85,85,66,80,85,85,85,81,81,85,85,85,85,85,85,85,85,92,92,92,92,92,95,95,98,101,101,56,59,59,59,91,110,113,113,113,82,66],"gold":6,"neow_bonus":"","is_daily":false,"chose_seed":false,"campfire_upgraded":8,"win_rate":0.0,"timestamp":1610046267,"path_taken":["M","?","?","?","M","E","R","M","T","R","E","R","?","M","R","BOSS","M","?","?","?","$","E","R","E","T","R","E","$","?","M","R","BOSS","M","$","?","?","M","?","E","M","T","?","R","E","$","?","R","BOSS","BOSS"],"items_purchased_type":["Card","Card","Card","Relic","Relic","Relic","Card","Card","Relic","Relic","Card","Relic","Relic","Card","Card","Potion","Card","Card","Relic","Relic","Card","Relic","Relic","Relic","Potion","Potion","Relic","Relic","Card","Card","Card","Relic","Relic","Card","Relic","Relic","Relic","Relic","Relic","Relic","Potion","Relic"],"build_version":"2020-12-22","purchased_purges":4,"victory":true,"max_hp_per_floor":[85,85,85,85,85,85,85,85,85,85,85,85,85,85,85,85,85,85,85,85,85,85,85,85,85,85,85,85,85,85,92,92,92,92,92,95,95,98,101,101,104,107,107,107,107,110,113,113,113,113,113],"relic_stats":{"Nunchaku":[3],"counters":[198,670],"Ornamental Fan":[20],"Mummified Hand":[19],"Bird Faced Urn":[16],"Gambling Chip":[8],"Snecko Eye":[72,69,81,82],"Prayer Wheel":1,"Juzu Bracelet":1,"Ginger":[7],"obtain_stats":[{"Golden Egg":5,"jedi:zontanonomicon":29,"Spirit Poop":36,"Whetstone":12,"Ginger":0,"Bottled Tornado":9,"Sling":0,"Boot":26,"Ring of Searing":4,"Old Coin":31,"jedi:shrinkray":5,"Blood Vial":7,"Replay:Ringing Soul":16,"theForsaken:HumbleEgg":25,"jedi:firstaidkit":27,"Sundial":14,"Ribbon":0,"Fusion Hammer":36,"HandDrill":40,"Replay:Wax Seal":26,"Replay:Bottled Steam":19,"Pear":19,"Counterbalance":2,"Blue Candle":48,"Velvet Choker":17,"Eternal Feather":26,"Akabeko":28,"Runic Dome":34,"Bird Faced Urn":46,"Snecko Eye":17,"Tintinnabulum":9,"Kintsugi":17,"StrikeDummy":50,"Unceasing Top":39,"Abe\u0027s Treasure":34,"Lantern":2,"Painkiller Herb":17,"Blue Doll":21,"Bag of Preparation":39,"Replay:Multitool":41,"jedi:archwizardhat":10,"Cursed Key":36,"Power_Wrist":0,"Ancient Tea Set":6,"Pet Ghost":29,"Replay:Rubber Ducky":47,"Cleaning_Rag":28,"Matryoshka":0,"Ring of Fangs":2,"WingedGreaves":10,"energizedSpire:HugeHouse":34,"Replay:Bottled Eggs":8,"InkBottle":47,"Potion Belt":14,"Lee\u0027s Waffle":47,"Golden Idol":5,"jedi:purplefairy":0,"jedi:gremlinknob":21,"Thread and Needle":0,"PreservedInsect":19,"The Courier":25,"Protect_Vest":11,"jedi:crownofsimplicity":50,"Frozen Egg 2":40,"energizedSpire:SpiderWeb":17,"Replay:Arrowhead":39,"Ornamental Fan":43,"Orrery":0,"Garlic":36,"Art of War":43,"Bottled Lightning":12,"ReplayTheSpireMod:Ring of Challenge":2,"ReplayTheSpireMod:Onyx Gauntlets":17,"wanderingMiniBosses:Inkheart":30,"Ice Cream":38,"Divine Protection":45,"Gremlin Horn":13,"CeramicFish":11,"Vajra":12,"jedi:command_rare":21,"DollysMirror":23,"jedi:paperlyon":19,"Strawberry":40,"Philosopher\u0027s Stone":19,"Prayer Wheel":40,"Vampire_Amulet":0,"Iron Hammer":41,"Toxic Egg 2":10,"Girya":39,"Happy Flower":39,"ReplayTheSpireMod:CursedCoin":19,"Replay:Grab Bag":19,"Choco_Feather":0,"Astrolabe":19,"Oddly Smooth Stone":45,"Replay:Kaleidoscope":2,"War Paint":33,"jedi:HeartOfTheCards":33,"Du-Vu Doll":6,"jedi:heavyjacket":45,"Replay:Baseball":26,"jedi:hotpepper":17,"ReplayTheSpireMod:Shallot":26,"Shuriken":11,"Bronze Scales":26,"Simple Rune":24,"Onion Ring":29,"ReplayTheSpireMod:TigerMarble":9,"Grinning Jar":50,"Meat on the Bone":12,"Pocketwatch":0,"ReplayTheSpireMod:Ring of Exchange":0,"Mango":0,"Incense Burner":0,"Juzu Bracelet":0,"jedi:Pinwheel":9,"Replay:Mystery Machine":38,"theForsaken:Gavel":0,"PrismaticShard":11,"ClockworkSouvenir":0,"Replay:Bandana":24,"Nunchaku":8,"Chameleon Ring":31,"Mummified Hand":0,"theForsaken:Kindling":0,"Pantograph":12,"Gambling Chip":41,"jedi:matchstick":42,"Genji_Glove":0,"jedi:cryingmask":2,"Red Mask":33,"Replay:Bottled Snecko":48,"Runic Pyramid":19,"Gremlin Food":0,"BargainBundle":39,"ReplayTheSpireMod:Ninjato":0,"Replay:Towering Pillar of Hats":0,"Guide Book":37,"Replay:WaspNest":39,"Odd Mushroom":8,"Orichalcum":28,"White Beast Statue":40,"Calling Bell":19,"Strange Spoon":0,"CaptainsWheel":0,"jedi:kaleidoscope":31,"jedi:ominousloannote":39,"ChewingGum":19,"Gem_Box":36,"Membership Card":0,"Guard_Bracelet":26,"jedi:arcanewood":30,"FossilizedHelix":19,"TungstenRod":0,"ReplayTheSpireMod:ShopPack":5},{"Golden Egg":98,"jedi:zontanonomicon":11,"Spirit Poop":60,"Whetstone":141,"Ginger":174,"Bottled Tornado":47,"Sling":20,"Boot":32,"Ring of Searing":69,"Old Coin":109,"jedi:shrinkray":119,"Blood Vial":140,"Replay:Ringing Soul":4,"theForsaken:HumbleEgg":107,"jedi:firstaidkit":11,"Sundial":27,"Ribbon":95,"Fusion Hammer":13,"HandDrill":90,"Replay:Wax Seal":55,"Replay:Bottled Steam":5,"Pear":144,"Counterbalance":1,"Blue Candle":153,"Velvet Choker":28,"Eternal Feather":10,"Akabeko":11,"Runic Dome":59,"Bird Faced Urn":196,"Snecko Eye":51,"Tintinnabulum":99,"Kintsugi":51,"StrikeDummy":19,"Unceasing Top":61,"Abe\u0027s Treasure":130,"Lantern":96,"Painkiller Herb":76,"Blue Doll":144,"Bag of Preparation":15,"Replay:Multitool":194,"jedi:archwizardhat":72,"Cursed Key":35,"Power_Wrist":95,"Ancient Tea Set":177,"Pet Ghost":57,"Replay:Rubber Ducky":153,"Cleaning_Rag":188,"Matryoshka":43,"Ring of Fangs":44,"WingedGreaves":48,"energizedSpire:HugeHouse":149,"Replay:Bottled Eggs":3,"InkBottle":18,"Potion Belt":50,"Lee\u0027s Waffle":153,"Golden Idol":139,"jedi:purplefairy":138,"jedi:gremlinknob":163,"Thread and Needle":174,"PreservedInsect":5,"The Courier":187,"Protect_Vest":121,"jedi:crownofsimplicity":42,"Frozen Egg 2":134,"energizedSpire:SpiderWeb":143,"Replay:Arrowhead":37,"Ornamental Fan":91,"Orrery":95,"Garlic":111,"Art of War":170,"Bottled Lightning":49,"ReplayTheSpireMod:Ring of Challenge":44,"ReplayTheSpireMod:Onyx Gauntlets":51,"wanderingMiniBosses:Inkheart":34,"Ice Cream":15,"Divine Protection":16,"Gremlin Horn":74,"CeramicFish":72,"Vajra":49,"jedi:command_rare":163,"DollysMirror":8,"jedi:paperlyon":162,"Strawberry":90,"Philosopher\u0027s Stone":5,"Prayer Wheel":193,"Vampire_Amulet":0,"Iron Hammer":169,"Toxic Egg 2":25,"Girya":169,"Happy Flower":15,"ReplayTheSpireMod:CursedCoin":29,"Replay:Grab Bag":5,"Choco_Feather":67,"Astrolabe":162,"Oddly Smooth Stone":92,"Replay:Kaleidoscope":139,"War Paint":34,"jedi:HeartOfTheCards":86,"Du-Vu Doll":46,"jedi:heavyjacket":40,"Replay:Baseball":83,"jedi:hotpepper":124,"ReplayTheSpireMod:Shallot":146,"Shuriken":99,"Bronze Scales":55,"Simple Rune":82,"Onion Ring":128,"ReplayTheSpireMod:TigerMarble":3,"Grinning Jar":154,"Meat on the Bone":26,"Pocketwatch":118,"ReplayTheSpireMod:Ring of Exchange":95,"Mango":95,"Incense Burner":67,"Juzu Bracelet":138,"jedi:Pinwheel":178,"Replay:Mystery Machine":191,"theForsaken:Gavel":95,"PrismaticShard":99,"ClockworkSouvenir":95,"Replay:Bandana":32,"Nunchaku":71,"Chameleon Ring":129,"Mummified Hand":118,"theForsaken:Kindling":155,"Pantograph":4,"Gambling Chip":38,"jedi:matchstick":39,"Genji_Glove":67,"jedi:cryingmask":156,"Red Mask":12,"Replay:Bottled Snecko":93,"Runic Pyramid":5,"Gremlin Food":20,"BargainBundle":15,"ReplayTheSpireMod:Ninjato":43,"Replay:Towering Pillar of Hats":43,"Guide Book":60,"Replay:WaspNest":169,"Odd Mushroom":47,"Orichalcum":164,"White Beast Statue":62,"Calling Bell":5,"Strange Spoon":95,"CaptainsWheel":67,"jedi:kaleidoscope":58,"jedi:ominousloannote":61,"ChewingGum":5,"Gem_Box":87,"Membership Card":95,"Guard_Bracelet":107,"jedi:arcanewood":166,"FossilizedHelix":5,"TungstenRod":155,"ReplayTheSpireMod:ShopPack":119},{"Golden Egg":312,"jedi:zontanonomicon":45,"Spirit Poop":232,"Whetstone":447,"Ginger":562,"Bottled Tornado":205,"Sling":82,"Boot":140,"Ring of Searing":248,"Old Coin":344,"jedi:shrinkray":369,"Blood Vial":443,"Replay:Ringing Soul":13,"theForsaken:HumbleEgg":340,"jedi:firstaidkit":45,"Sundial":110,"Ribbon":307,"Fusion Hammer":54,"HandDrill":291,"Replay:Wax Seal":224,"Replay:Bottled Steam":19,"Pear":455,"Counterbalance":3,"Blue Candle":492,"Velvet Choker":118,"Eternal Feather":41,"Akabeko":45,"Runic Dome":231,"Bird Faced Urn":656,"Snecko Eye":217,"Tintinnabulum":314,"Kintsugi":217,"StrikeDummy":76,"Unceasing Top":233,"Abe\u0027s Treasure":407,"Lantern":309,"Painkiller Herb":263,"Blue Doll":455,"Bag of Preparation":61,"Replay:Multitool":649,"jedi:archwizardhat":252,"Cursed Key":160,"Power_Wrist":307,"Ancient Tea Set":573,"Pet Ghost":226,"Replay:Rubber Ducky":492,"Cleaning_Rag":621,"Matryoshka":193,"Ring of Fangs":196,"WingedGreaves":208,"energizedSpire:HugeHouse":476,"Replay:Bottled Eggs":11,"InkBottle":72,"Potion Belt":213,"Lee\u0027s Waffle":492,"Golden Idol":440,"jedi:purplefairy":438,"jedi:gremlinknob":531,"Thread and Needle":562,"PreservedInsect":19,"The Courier":615,"Protect_Vest":377,"jedi:crownofsimplicity":186,"Frozen Egg 2":421,"energizedSpire:SpiderWeb":453,"Replay:Arrowhead":168,"Ornamental Fan":294,"Orrery":307,"Garlic":350,"Art of War":552,"Bottled Lightning":209,"ReplayTheSpireMod:Ring of Challenge":196,"ReplayTheSpireMod:Onyx Gauntlets":217,"wanderingMiniBosses:Inkheart":153,"Ice Cream":61,"Divine Protection":65,"Gremlin Horn":256,"CeramicFish":252,"Vajra":209,"jedi:command_rare":531,"DollysMirror":32,"jedi:paperlyon":527,"Strawberry":291,"Philosopher\u0027s Stone":19,"Prayer Wheel":642,"Vampire_Amulet":0,"Iron Hammer":549,"Toxic Egg 2":101,"Girya":549,"Happy Flower":61,"ReplayTheSpireMod:CursedCoin":124,"Replay:Grab Bag":19,"Choco_Feather":246,"Astrolabe":527,"Oddly Smooth Stone":296,"Replay:Kaleidoscope":440,"War Paint":153,"jedi:HeartOfTheCards":283,"Du-Vu Doll":202,"jedi:heavyjacket":180,"Replay:Baseball":275,"jedi:hotpepper":388,"ReplayTheSpireMod:Shallot":462,"Shuriken":314,"Bronze Scales":224,"Simple Rune":273,"Onion Ring":399,"ReplayTheSpireMod:TigerMarble":11,"Grinning Jar":497,"Meat on the Bone":107,"Pocketwatch":367,"ReplayTheSpireMod:Ring of Exchange":307,"Mango":307,"Incense Burner":246,"Juzu Bracelet":438,"jedi:Pinwheel":576,"Replay:Mystery Machine":635,"theForsaken:Gavel":307,"PrismaticShard":314,"ClockworkSouvenir":307,"Replay:Bandana":140,"Nunchaku":250,"Chameleon Ring":402,"Mummified Hand":367,"theForsaken:Kindling":502,"Pantograph":13,"Gambling Chip":171,"jedi:matchstick":176,"Genji_Glove":246,"jedi:cryingmask":504,"Red Mask":48,"Replay:Bottled Snecko":301,"Runic Pyramid":19,"Gremlin Food":82,"BargainBundle":61,"ReplayTheSpireMod:Ninjato":193,"Replay:Towering Pillar of Hats":193,"Guide Book":232,"Replay:WaspNest":549,"Odd Mushroom":205,"Orichalcum":532,"White Beast Statue":235,"Calling Bell":19,"Strange Spoon":307,"CaptainsWheel":246,"jedi:kaleidoscope":228,"jedi:ominousloannote":233,"ChewingGum":19,"Gem_Box":287,"Membership Card":307,"Guard_Bracelet":340,"jedi:arcanewood":539,"FossilizedHelix":19,"TungstenRod":502,"ReplayTheSpireMod:ShopPack":369}],"TungstenRod":80},"card_choices":[{"not_picked":["Death_Knell","Summon_Undead+1"],"picked":"Shade_Step+1","floor":1},{"not_picked":["Hellfire+1","Requiem+1"],"picked":"Summon_Vampire_Lady+1","floor":2},{"not_picked":["Toxic_Smoke_Screen+1","Bone_Spikes"],"picked":"Necrotic_Claws","floor":5},{"not_picked":["Finger_Of_Death","Bone_Bullets"],"picked":"Toxic_Smoke_Screen+1","floor":6},{"not_picked":["Flesh_Made_Foul","Consume_Illness+1"],"picked":"Cloudkill+1","floor":8},{"not_picked":["Summon_Lich","Blood_Shield+1"],"picked":"Negative_Energy_Burst","floor":11},{"not_picked":["Consume_Illness+1","Whirlwind_of_Bones"],"picked":"Death_Knell","floor":13},{"not_picked":["Bones_to_Steel+1","Negative_Energy_Mist+1"],"picked":"Bone_Shift+1","floor":14},{"not_picked":["Hellfire","Detonate_Bones"],"picked":"Reap_The_Weak","floor":16},{"not_picked":["Death_March_Dance","Bone_Shift+1","Scare+1"],"picked":"SKIP","floor":18},{"not_picked":["Death_Coil+1","Blood_Curse"],"picked":"Negative_Energy_Shield+1","floor":19},{"not_picked":["Negative_Energy_Sphere","Bones_to_Steel+1"],"picked":"Thousand_Bone_Knives","floor":21},{"not_picked":["Bone_Shift+1","Scare+1"],"picked":"Life_Tap+1","floor":23},{"not_picked":["Life_Drain","Blood_for_Blood"],"picked":"Life_Tap+1","floor":25},{"not_picked":["Bones_to_Steel+1","Deaths_Shadow"],"picked":"Blood_Wake","floor":28},{"not_picked":["Summon_Undead+1","Spectral_Armor+1"],"picked":"Blood_Curse","floor":31},{"not_picked":["Summon_Death_Knight","Negative_Energy_Bomb"],"picked":"Grasp_Heart","floor":33},{"not_picked":["Finger_Of_Death","Scare+1","Spectral_Armor+1"],"picked":"SKIP","floor":35},{"not_picked":["Consume_Illness+1","Bone_Armor+1"],"picked":"Summon_Undead+1","floor":39},{"not_picked":["Scare+1","Chill_Blood+1"],"picked":"Negative_Energy_Shield+1","floor":41},{"not_picked":["Negative_Energy_Javelin","Bone_Shift+1"],"picked":"Bone_Bullets+1","floor":42},{"not_picked":["Negative_Energy_Mist+1","Necromantic_Selection+1"],"picked":"Summon_Vampire_Lady","floor":42},{"not_picked":["Death_Knell","Toxic_Smoke_Screen+1"],"picked":"Blood_Magic","floor":46},{"not_picked":["Transmutation","Panache"],"picked":"Metamorphosis","floor":47},{"not_picked":["Thinking Ahead","Bandage Up"],"picked":"Chrysalis","floor":47},{"not_picked":["Deep Breath","Trip"],"picked":"Mind Blast","floor":47}],"player_experience":1843813,"relics_obtained":[{"floor":6,"key":"Ancient Tea Set"},{"floor":9,"key":"jedi:Pinwheel"},{"floor":11,"key":"ReplayTheSpireMod:Ninjato"},{"floor":21,"key":"Red Mask"},{"floor":23,"key":"TungstenRod"},{"floor":25,"key":"The Courier"},{"floor":26,"key":"jedi:matchstick"},{"floor":28,"key":"Cleaning_Rag"},{"floor":40,"key":"Prayer Wheel"},{"floor":41,"key":"Replay:Multitool"},{"floor":43,"key":"Nunchaku"},{"floor":46,"key":"Bird Faced Urn"}],"event_choices":[{"damage_healed":0,"gold_gain":0,"player_choice":"2","damage_taken":0,"max_hp_gain":0,"max_hp_loss":0,"event_name":"betterMatch:BetterMatch","floor":2,"gold_loss":0,"cards_obtained":["betterMatch:RareCard"]},{"cards_removed":["Strike_W"],"damage_healed":0,"gold_gain":0,"player_choice":"Purged","damage_taken":0,"max_hp_gain":0,"max_hp_loss":0,"event_name":"Purifier","floor":4,"gold_loss":0},{"cards_removed":["Shade_Step"],"damage_healed":0,"gold_gain":0,"player_choice":"Take \u0026 Give","damage_taken":0,"max_hp_gain":0,"max_hp_loss":0,"event_name":"betterNote:BetterNote","floor":20,"gold_loss":0,"cards_obtained":["Slay_Living"]},{"damage_healed":0,"gold_gain":0,"player_choice":"Fought Bandits","damage_taken":0,"max_hp_gain":0,"max_hp_loss":0,"event_name":"Masked Bandits","floor":21,"gold_loss":0},{"cards_removed":["ReplayTheSpireMod:Splinters","Clumsy"],"damage_healed":0,"gold_gain":0,"player_choice":"Removed Curses","damage_taken":0,"max_hp_gain":0,"max_hp_loss":0,"event_name":"Fountain of Cleansing","floor":30,"gold_loss":0},{"damage_healed":0,"gold_gain":0,"player_choice":"Fight","damage_taken":0,"max_hp_gain":0,"max_hp_loss":0,"event_name":"MindBloom","floor":40,"gold_loss":0},{"damage_healed":0,"gold_gain":222,"player_choice":"Wore Mask","damage_taken":0,"max_hp_gain":0,"max_hp_loss":0,"event_name":"Tomb of Lord Red Mask","floor":44,"gold_loss":0},{"damage_healed":0,"gold_gain":0,"player_choice":"Ignored","damage_taken":0,"max_hp_gain":0,"max_hp_loss":0,"event_name":"Mysterious Sphere","floor":48,"gold_loss":0}],"is_beta":false,"boss_relics":[{"not_picked":["energizedSpire:OgreHead","Empty Cage"],"picked":"Kintsugi"},{"not_picked":["Runic Dome","Pandora\u0027s Box"],"picked":"Snecko Eye"}],"items_purged_floors":[0,29,38,47],"is_endless":false,"potions_floor_spawned":[1,8,13,14,18,21,28,31,40,41,46],"ascension_level":20}}