{"host":"w97dq1whmpm6b2tc","time":1610051726,"event":{"mods":["BaseMod","Challenge The Spire","Downfall","Minty Spire (QoL Compilation)","Replay The Spire","StSLib","The Animator"],"gold_per_floor":[276,276,145,245,260,260,289,314,384,413,435,643,683,698,698,804,804,826,626,650,398,429,439,439],"floor_reached":23,"playtime":2367,"items_purged":["animator:Strike","animator:Strike"],"score":248,"play_id":"81b70276-929d-4cc2-81bd-c7aa6e237984","local_time":"20210107223526","is_ascension_mode":true,"campfire_choices":[{"data":"animator:MisaKurobane","floor":6.0,"key":"SMITH"},{"data":"animator:Shimakaze","floor":15,"key":"SMITH"}],"circlet_count":0,"master_deck":["animator:Strike_Kancolle","animator:Defend_Kancolle","animator:Strike","animator:Defend","animator:Defend","animator:Shimakaze+1","animator:Yoichi","animator:Shizu+1","animator:LimeBell","animator:MisaKurobane+1","animator:Yoichi","animator:ChaikaTrabant","animator:Hero","animator:Mikaela","animator:Shizu","animator:MisaKurobane+1","animator:Benimaru"],"relics":["animator:LivingPicture","animator:TheMissingPiece","NeowsBlessing","ReplayTheSpireMod:ShopPack","Lantern","animator:CursedGlyph","animator:ShionDessert","Replay:Wax Seal","Dream Catcher","Philosopher\u0027s Stone","animator:CerealBox","DollysMirror","Replay:Rubber Ducky"],"acts_visited":["Exordium","TheCity"],"potions_floor_usage":[13,13,16,22],"damage_taken":[{"damage":0.0,"enemies":"Cultist","floor":1.0,"turns":1.0},{"damage":0.0,"enemies":"2 Louse","floor":5.0,"turns":1.0},{"damage":0.0,"enemies":"Gremlin Nob","floor":7.0,"turns":1.0},{"damage":1.0,"enemies":"Jaw Worm","floor":8.0,"turns":2.0},{"damage":11.0,"enemies":"Lagavulin","floor":10.0,"turns":6.0},{"damage":0,"enemies":"Blue Slaver","floor":11,"turns":4},{"damage":11,"enemies":"Gremlin Nob","floor":13,"turns":3},{"damage":1,"enemies":"Red Slaver","floor":14,"turns":3},{"damage":39,"enemies":"Fading Forest","floor":16,"turns":11},{"damage":10,"enemies":"2 Thieves","floor":18,"turns":4},{"damage":10,"enemies":"Shell Parasite","floor":20,"turns":4},{"damage":14,"enemies":"Snecko","floor":22,"turns":4},{"damage":58,"enemies":"animator:HornedBat","floor":23,"turns":5}],"seed_played":"459551566291477190","potions_obtained":[{"floor":5.0,"key":"SkillPotion"},{"floor":8.0,"key":"sneckomod:MuddlingPotion"},{"floor":13,"key":"BlessingOfTheForge"},{"floor":18,"key":"Adrenaline Potion"}],"is_trial":false,"path_per_floor":["M","?","$","?","M","R","E","M","T","E","M","?","E","M","R","B",null,"M","$","M","$","M","E"],"character_chosen":"THE_ANIMATOR","items_purchased":["ReplayTheSpireMod:ShopPack","animator:CerealBox","DollysMirror"],"campfire_rested":0,"item_purchase_floors":[3,19,21],"current_hp_per_floor":[66,66,66,66,66,66,66,62,62,51,52,37,26,25,25,6,63,53,61,51,51,37,0,0],"gold":439,"neow_bonus":"THREE_ENEMY_KILL","is_daily":false,"chose_seed":false,"campfire_upgraded":2,"win_rate":0.0,"timestamp":1610051726,"path_taken":["M","?","$","?","M","R","E","?","T","E","?","?","E","?","R","BOSS","M","$","M","$","M","E"],"items_purchased_type":["Relic","Relic","Relic"],"build_version":"2020-12-22","purchased_purges":2,"victory":false,"max_hp_per_floor":[66,66,66,66,66,66,66,62,62,62,63,63,63,63,63,63,63,63,63,63,63,63,63,63],"card_choices":[{"not_picked":["animator:Millim","animator:YuiTsuruno"],"picked":"animator:Yoichi","floor":1.0},{"not_picked":["animator:MamizouFutatsuiwa","animator:NononJakuzure"],"picked":"animator:LimeBell","floor":3.0},{"not_picked":["animator:NononJakuzure","animator:Kagari"],"picked":"animator:MisaKurobane","floor":3.0},{"not_picked":["animator:HiiragiShinya","animator:ChlammyZell"],"picked":"animator:Yoichi","floor":5.0},{"not_picked":["animator:Shalltear","animator:KrulTepes"],"picked":"animator:ChaikaTrabant","floor":7.0},{"not_picked":["animator:Witch","animator:DwarfShaman"],"picked":"animator:Hero","floor":8.0},{"not_picked":["animator:SuzuneAmano","animator:Layla","animator:DolaRiku"],"picked":"SKIP","floor":10},{"not_picked":["animator:Tet","animator:GuildGirl"],"picked":"animator:Mikaela","floor":11},{"not_picked":["animator:Gillette","animator:DwarfShaman","animator:Shinoa"],"picked":"SKIP","floor":13},{"not_picked":["animator:MadokaKaname","animator:Guren"],"picked":"animator:Shizu","floor":16},{"not_picked":["animator:LizardPriest","animator:Jibril","animator:DwarfShaman"],"picked":"SKIP","floor":18},{"not_picked":["animator:AcuraTooru","animator:PandorasActor","animator:Gillette+1"],"picked":"SKIP","floor":20},{"not_picked":["animator:SayakaMiki+1","animator:Viivi"],"picked":"animator:Benimaru","floor":22}],"player_experience":4361043,"relics_obtained":[{"floor":7.0,"key":"Lantern"},{"floor":8.0,"key":"animator:CursedGlyph"},{"floor":10,"key":"animator:ShionDessert"},{"floor":13,"key":"Replay:Wax Seal"},{"floor":14,"key":"Dream Catcher"},{"floor":22,"key":"Replay:Rubber Ducky"}],"event_choices":[{"damage_healed":0.0,"max_hp_gain":0.0,"max_hp_loss":0.0,"gold_gain":100.0,"event_name":"Golden Shrine","player_choice":"Pray","floor":4.0,"gold_loss":0.0,"damage_taken":0.0}],"is_beta":false,"boss_relics":[{"not_picked":["animator:VividPicture","Pandora\u0027s Box"],"picked":"Philosopher\u0027s Stone"}],"items_purged_floors":[19,21],"is_endless":false,"potions_floor_spawned":[5,8,13,18],"killed_by":"animator:HornedBat","ascension_level":1}}