{"host":"dl7h25vjpuplx29g","time":1610006099,"event":{"mods":["BaseMod","Colored Map","Minty Spire (QoL Compilation)"],"gold_per_floor":[114,129,42,57,57,95,95,95,120,139,139,214,233,271,271,396,396,415,434,453,491,510,548,548,548,548,586,605,375,375,394,394,519,519,538,587,35,84,133,133,510,510,510,510,110,187,206,225,225,225],"floor_reached":51,"playtime":3780,"items_purged":[],"score":884,"play_id":"674b9986-8aef-4649-9689-64c2632a091c","local_time":"20210107165459","daily_mods":["SealedDeck","Vintage","Lethality"],"is_ascension_mode":false,"campfire_choices":[{"data":"Adaptation","floor":7.0,"key":"SMITH"},{"data":"Conclude","floor":11.0,"key":"SMITH"},{"data":"Protect","floor":15.0,"key":"SMITH"},{"data":"Meditate","floor":24.0,"key":"SMITH"},{"data":"BowlingBash","floor":32.0,"key":"SMITH"},{"data":"TalkToTheHand","floor":40,"key":"SMITH"},{"data":"Devotion","floor":42,"key":"SMITH"},{"data":"MentalFortress","floor":44,"key":"SMITH"},{"data":"Swivel","floor":49,"key":"SMITH"}],"circlet_count":0,"master_deck":["Halt","Conclude+1","EmptyFist","Crescendo+1","BowlingBash+1","Adaptation+1","WheelKick","Protect+1","Swivel+1","EmptyBody","Meditate+1","EmptyFist","ThirdEye","BattleHymn","Devotion+1","InnerPeace+1","Collect+1","WaveOfTheHand+1","Wish+1","TalkToTheHand+1","MentalFortress+1","Crescendo+1","MentalFortress+1"],"relics":["PureWater","TeardropLocket","Shuriken","Bronze Scales","Golden Idol","Matryoshka","Vajra","MealTicket","Potion Belt","Mercury Hourglass","Toxic Egg 2","Busted Crown","Meat on the Bone","Incense Burner","Happy Flower","Red Mask","Mummified Hand","Anchor","MutagenicStrength","Question Card","Blood Vial","The Courier","Smiling Mask","Kunai","HornCleat","Ornamental Fan","VioletLotus","Bottled Tornado","Lizard Tail","Medical Kit","Akabeko","Singing Bowl","CeramicFish","Pear","Old Coin","Frozen Egg 2","Membership Card","Molten Egg 2","Ancient Tea Set","Unceasing Top","Yang","Bottled Lightning","GoldenEye"],"acts_visited":["TheCity","TheBeyond"],"potions_floor_usage":[],"damage_taken":[{"damage":6.0,"enemies":"Jaw Worm","floor":1.0,"turns":2.0},{"damage":0.0,"enemies":"2 Louse","floor":2.0,"turns":1.0},{"damage":0.0,"enemies":"Cultist","floor":4.0,"turns":1.0},{"damage":0.0,"enemies":"Gremlin Nob","floor":6.0,"turns":3.0},{"damage":0.0,"enemies":"Looter","floor":10.0,"turns":2.0},{"damage":4.0,"enemies":"Large Slime","floor":13.0,"turns":2.0},{"damage":0.0,"enemies":"3 Sentries","floor":14.0,"turns":2.0},{"damage":22.0,"enemies":"Hexaghost","floor":16.0,"turns":5.0},{"damage":13.0,"enemies":"Chosen","floor":18.0,"turns":2.0},{"damage":0.0,"enemies":"Spheric Guardian","floor":19.0,"turns":3.0},{"damage":0.0,"enemies":"Centurion and Healer","floor":20.0,"turns":3.0},{"damage":0.0,"enemies":"Masked Bandits","floor":21.0,"turns":2.0},{"damage":0.0,"enemies":"Snecko","floor":22.0,"turns":3.0},{"damage":10.0,"enemies":"Gremlin Leader","floor":23.0,"turns":2.0},{"damage":0.0,"enemies":"Slavers","floor":27.0,"turns":2.0},{"damage":0.0,"enemies":"Sentry and Sphere","floor":28.0,"turns":1.0},{"damage":0.0,"enemies":"Centurion and Healer","floor":31.0,"turns":1.0},{"damage":13,"enemies":"Automaton","floor":33,"turns":8},{"damage":0,"enemies":"Orb Walker","floor":35,"turns":2},{"damage":0,"enemies":"3 Darklings","floor":36,"turns":3},{"damage":10,"enemies":"Maw","floor":38,"turns":7},{"damage":0,"enemies":"4 Shapes","floor":39,"turns":2},{"damage":1,"enemies":"Reptomancer","floor":41,"turns":5},{"damage":0,"enemies":"Giant Head","floor":46,"turns":6},{"damage":0,"enemies":"Sphere and 2 Shapes","floor":47,"turns":3},{"damage":0,"enemies":"3 Darklings","floor":48,"turns":2},{"damage":8,"enemies":"Time Eater","floor":50,"turns":9}],"seed_played":"8350349167999303424","potions_obtained":[{"floor":2.0,"key":"BlessingOfTheForge"},{"floor":6.0,"key":"Strength Potion"},{"floor":10.0,"key":"DuplicationPotion"},{"floor":16.0,"key":"DuplicationPotion"},{"floor":19.0,"key":"StancePotion"},{"floor":20.0,"key":"LiquidMemories"},{"floor":22.0,"key":"SkillPotion"}],"is_trial":false,"path_per_floor":["M","M","$","M","?","E","R","?","T","M","R","?","M","E","R","B",null,"M","M","M","?","M","E","R","?","T","E","M","$","T","M","R","B",null,"M","M","$","M","M","R","E","R","T","R","$","E","M","M","R","B",null],"character_chosen":"WATCHER","items_purchased":["Meditate","EmptyFist","WaveOfTheHand+1","Kunai","TalkToTheHand","Medical Kit","Akabeko","MentalFortress","Singing Bowl","Membership Card","Molten Egg 2","Ancient Tea Set","Unceasing Top"],"campfire_rested":0,"item_purchase_floors":[3,3,29,29,37,37,37,37,37,45,45,45,45],"current_hp_per_floor":[66,66,66,66,48,48,48,48,48,48,48,37,33,33,33,11,72,59,59,59,59,59,49,49,49,49,51,53,68,68,70,70,59,72,72,72,72,62,74,74,75,75,75,75,82,82,82,82,82,74],"gold":225,"neow_bonus":"","is_daily":true,"chose_seed":false,"campfire_upgraded":9,"win_rate":0.0,"timestamp":1610006099,"path_taken":["M","M","$","M","?","E","R","?","T","M","R","?","M","E","R","BOSS","M","M","M","?","M","E","R","?","T","E","?","$","?","M","R","BOSS","M","M","$","M","M","R","E","R","T","R","$","E","M","M","R","BOSS"],"items_purchased_type":["Card","Card","Card","Relic","Card","Relic","Relic","Card","Relic","Relic","Relic","Relic","Relic"],"build_version":"2020-12-22","purchased_purges":0,"victory":true,"max_hp_per_floor":[72,72,72,72,72,72,72,72,72,72,72,72,72,72,72,72,72,72,72,72,72,72,72,72,72,72,72,72,72,72,72,72,72,72,72,72,72,72,82,82,82,82,82,82,82,82,82,82,82,82],"card_choices":[{"not_picked":["Protect","CutThroughFate"],"picked":"ThirdEye","floor":6.0},{"not_picked":["EmptyBody+1","BowlingBash"],"picked":"BattleHymn","floor":14.0},{"not_picked":["Alpha+1","Brilliance"],"picked":"Devotion","floor":16.0},{"not_picked":[],"picked":"InnerPeace+1","floor":21.0},{"not_picked":[],"picked":"Collect+1","floor":23.0},{"not_picked":["CarveReality","FollowUp+1"],"picked":"SKIP","floor":27.0},{"not_picked":["SpiritShield+1"],"picked":"Wish+1","floor":33},{"not_picked":["Conclude"],"picked":"Crescendo+1","floor":41},{"not_picked":["FlyingSleeves+1"],"picked":"MentalFortress+1","floor":46}],"player_experience":1510885,"relics_obtained":[{"floor":1.0,"key":"TeardropLocket"},{"floor":2.0,"key":"Shuriken"},{"floor":4.0,"key":"Bronze Scales"},{"floor":6.0,"key":"Matryoshka"},{"floor":9.0,"key":"Vajra"},{"floor":9.0,"key":"MealTicket"},{"floor":10.0,"key":"Potion Belt"},{"floor":13.0,"key":"Mercury Hourglass"},{"floor":14.0,"key":"Toxic Egg 2"},{"floor":18.0,"key":"Meat on the Bone"},{"floor":19.0,"key":"Incense Burner"},{"floor":20.0,"key":"Happy Flower"},{"floor":21.0,"key":"Red Mask"},{"floor":22.0,"key":"Mummified Hand"},{"floor":23.0,"key":"Anchor"},{"floor":26.0,"key":"Question Card"},{"floor":26.0,"key":"Blood Vial"},{"floor":27.0,"key":"The Courier"},{"floor":28.0,"key":"Smiling Mask"},{"floor":30.0,"key":"HornCleat"},{"floor":31.0,"key":"Ornamental Fan"},{"floor":35,"key":"Bottled Tornado"},{"floor":36,"key":"Lizard Tail"},{"floor":38,"key":"CeramicFish"},{"floor":39,"key":"Pear"},{"floor":41,"key":"Old Coin"},{"floor":43,"key":"Frozen Egg 2"},{"floor":46,"key":"Yang"},{"floor":47,"key":"Bottled Lightning"},{"floor":48,"key":"GoldenEye"}],"event_choices":[{"damage_healed":0.0,"max_hp_gain":0.0,"max_hp_loss":0.0,"gold_gain":0.0,"event_name":"Golden Idol","player_choice":"Take Damage","floor":5.0,"gold_loss":0.0,"damage_taken":18.0,"relics_obtained":["Golden Idol"]},{"damage_healed":0.0,"max_hp_gain":0.0,"max_hp_loss":0.0,"gold_gain":0.0,"event_name":"Living Wall","player_choice":"Grow","floor":8.0,"gold_loss":0.0,"damage_taken":0.0,"cards_upgraded":["Crescendo"]},{"damage_healed":0.0,"max_hp_gain":0.0,"max_hp_loss":0.0,"gold_gain":75.0,"event_name":"World of Goop","player_choice":"Gather Gold","floor":12.0,"gold_loss":0.0,"damage_taken":11.0},{"damage_healed":0.0,"max_hp_gain":0.0,"max_hp_loss":0.0,"gold_gain":0.0,"event_name":"Masked Bandits","player_choice":"Fought Bandits","floor":21.0,"gold_loss":0.0,"damage_taken":0.0},{"damage_healed":0.0,"max_hp_gain":0.0,"max_hp_loss":0.0,"gold_gain":0.0,"event_name":"Drug Dealer","player_choice":"Inject Mutagens","floor":25.0,"gold_loss":0.0,"damage_taken":0.0,"relics_obtained":["MutagenicStrength"]}],"is_beta":false,"boss_relics":[{"not_picked":["Philosopher\u0027s Stone","Sozu"],"picked":"Busted Crown"},{"not_picked":["SlaversCollar","Velvet Choker"],"picked":"VioletLotus"}],"items_purged_floors":[],"is_endless":false,"potions_floor_spawned":[2,6,10,16,19,20,22,23,31,36,39,47,48],"ascension_level":0}}