{"host":"yuhy0i501zzmn1iz","time":1610003526,"event":{"mods":["AchievementEnabler","AlwaysNeverKeys","BaseMod","Bestiary","Better Match","Better Third Choice","Curses Come First","Downfall","Minty Spire (QoL Compilation)","StSLib","The Blue Laboratory","slay the spire mod where everything is the same but ironclad has a cowboy hat"],"gold_per_floor":[18,28,38,50,61,61,93,105,117,156,188,200,232,300,312,324,324],"floor_reached":16,"playtime":735,"items_purged":[],"score":153,"play_id":"335e09ad-7e96-4291-9edf-dd7bc8492401","local_time":"20210107021206","is_ascension_mode":true,"campfire_choices":[{"data":"Judgement","floor":6.0,"key":"SMITH"},{"data":"ClearTheMind","floor":8.0,"key":"SMITH"},{"data":"Eruption","floor":15.0,"key":"SMITH"}],"circlet_count":0,"master_deck":["Strike_P","Strike_P","Strike_P","Strike_P","Defend_P","Defend_P","Defend_P","Defend_P","Eruption+1","Vigilance","Judgement+1","FollowUp","BowlingBash","Consecrate","SashWhip","Sanctity","ClearTheMind+1","MentalFortress","EmptyBody","FollowUp","EmptyBody+1"],"relics":["PureWater","MawBank","Letter Opener","The Courier","Toxic Egg 2"],"acts_visited":["Exordium"],"potions_floor_usage":[16,16,16],"damage_taken":[{"damage":5.0,"enemies":"Cultist","floor":1.0,"turns":4.0},{"damage":0.0,"enemies":"2 Louse","floor":2.0,"turns":1.0},{"damage":12.0,"enemies":"Small Slimes","floor":3.0,"turns":2.0},{"damage":9.0,"enemies":"Red Slaver","floor":4.0,"turns":2.0},{"damage":3.0,"enemies":"Exordium Wildlife","floor":5.0,"turns":3.0},{"damage":5.0,"enemies":"3 Sentries","floor":7.0,"turns":5.0},{"damage":0.0,"enemies":"Gremlin Nob","floor":10.0,"turns":2.0},{"damage":0.0,"enemies":"Large Slime","floor":11.0,"turns":2.0},{"damage":0.0,"enemies":"Blue Slaver","floor":13.0,"turns":4.0},{"damage":6.0,"enemies":"3 Sentries","floor":14.0,"turns":4.0},{"damage":35,"enemies":"Hexaghost","floor":16,"turns":11}],"seed_played":"4343658859084948709","potions_obtained":[{"floor":1.0,"key":"PowerPotion"},{"floor":4.0,"key":"blueLaboratory:HorrorPotion"},{"floor":13.0,"key":"DistilledChaos"},{"floor":14.0,"key":"blueLaboratory:PhilterOfMotion"}],"is_trial":false,"path_per_floor":["M","M","M","M","M","R","E","R","T","E","M","$","M","?","R","B"],"character_chosen":"WATCHER","items_purchased":[],"campfire_rested":0,"item_purchase_floors":[],"current_hp_per_floor":[67,67,55,46,43,43,38,38,38,38,38,38,38,32,32,0,0],"gold":324,"neow_bonus":"THREE_RARE_CARDS","is_daily":false,"chose_seed":false,"campfire_upgraded":3,"win_rate":0.0,"timestamp":1610003526,"path_taken":["M","?","M","M","M","R","E","R","T","E","M","$","M","?","R","BOSS"],"items_purchased_type":[],"build_version":"2020-12-22","purchased_purges":0,"victory":false,"max_hp_per_floor":[72,72,72,72,72,72,72,72,72,72,72,72,72,72,72,72,72],"card_choices":[{"not_picked":["LessonLearned","Devotion"],"picked":"Judgement","floor":0.0},{"not_picked":["Study","EmptyBody"],"picked":"FollowUp","floor":1.0},{"not_picked":["CrushJoints","FollowUp"],"picked":"BowlingBash","floor":2.0},{"not_picked":["EmptyFist","CutThroughFate"],"picked":"Consecrate","floor":3.0},{"not_picked":["Meditate","Scrawl"],"picked":"SashWhip","floor":4.0},{"not_picked":["CutThroughFate","FearNoEvil"],"picked":"Sanctity","floor":5.0},{"not_picked":["ConjureBlade","Halt"],"picked":"ClearTheMind","floor":7.0},{"not_picked":["Swivel","Halt"],"picked":"MentalFortress","floor":10.0},{"not_picked":["WaveOfTheHand","Halt"],"picked":"EmptyBody","floor":11.0},{"not_picked":["BattleHymn","Omniscience"],"picked":"FollowUp","floor":13.0},{"not_picked":["Tantrum","SashWhip"],"picked":"EmptyBody+1","floor":14.0}],"player_experience":266801,"relics_obtained":[{"floor":7.0,"key":"MawBank"},{"floor":9.0,"key":"Letter Opener"},{"floor":10.0,"key":"The Courier"},{"floor":14.0,"key":"Toxic Egg 2"}],"event_choices":[{"damage_healed":0.0,"max_hp_gain":0.0,"max_hp_loss":0.0,"gold_gain":30.0,"event_name":"Dead Adventurer","player_choice":"Searched \u00272\u0027 times","floor":14.0,"gold_loss":0.0,"damage_taken":0.0}],"is_beta":false,"boss_relics":[],"items_purged_floors":[],"is_endless":false,"potions_floor_spawned":[1,4,13,14],"killed_by":"Hexaghost","ascension_level":2}}