{"host":"fn5w42qzz69x191g","time":1610041197,"event":{"mods":["BaseMod","KOR Keyword Fix","Minty Spire (QoL Compilation)","Replay The Spire","StSLib","SuperFastMode","The Jungle","The Poker Player"],"gold_per_floor":[109,109,122,122,133,133,144,144,170,198,209,209,209,134,134,237,237,207,217,217,229,247,247,263,263,341,354,354,354,354],"floor_reached":29,"playtime":1371,"items_purged":["Strike_B"],"score":227,"play_id":"309b4e64-65a6-4550-8c02-56a37849389d","local_time":"20210108023957","is_ascension_mode":false,"campfire_choices":[{"data":"Zap","floor":6,"key":"SMITH"},{"data":"Dualcast","floor":8,"key":"SMITH"},{"data":"Loop","floor":12,"key":"SMITH"},{"floor":15,"key":"REST"},{"data":"Hologram","floor":23,"key":"SMITH"},{"data":"FIFO Queue","floor":28,"key":"SMITH"}],"circlet_count":0,"master_deck":["Defend_B","Defend_B+1","Defend_B","Defend_B+1","Zap+1","Dualcast+1","Barrage","Ball Lightning","Leap","Skim","Loop+1","Hologram+1","Static Discharge+1","Scrape","Loop+1","Redo+1","Capacitor","ReplayTheSpireMod:Faulty Equipment","BootSequence","Self Repair","Conserve Battery+1","FIFO Queue+1"],"relics":["Cracked Core","ReplayTheSpireMod:Ring of Addiction","Ring of Peace","Chameleon Ring","White Beast Statue","ReplayFunnel","Replay:Mystery Machine","Prayer Wheel","Empty Cage","Prayer Wheel","GremlinMask","Replay:Bottled Flurry"],"acts_visited":["Exordium","TheCity"],"potions_floor_usage":[7,16,18,22,29,29],"damage_taken":[{"damage":0,"enemies":"Small Slimes","floor":1,"turns":4},{"damage":5,"enemies":"2 Louse","floor":3,"turns":3},{"damage":0,"enemies":"Cultist","floor":5,"turns":4},{"damage":0,"enemies":"Large Slime","floor":7,"turns":2},{"damage":16,"enemies":"Lagavulin","floor":10,"turns":5},{"damage":6,"enemies":"Lots of Slimes","floor":11,"turns":4},{"damage":37,"enemies":"Fading Forest","floor":16,"turns":11},{"damage":0,"enemies":"2 Thieves","floor":18,"turns":2},{"damage":4,"enemies":"Chosen","floor":19,"turns":6},{"damage":6,"enemies":"Snake Plant","floor":21,"turns":4},{"damage":19,"enemies":"3 Cultists","floor":22,"turns":4},{"damage":0,"enemies":"Snecko","floor":24,"turns":5},{"damage":7,"enemies":"Snake Plant","floor":27,"turns":4},{"damage":53,"enemies":"Slavers","floor":29,"turns":4}],"seed_played":"-8012537592796341883","potions_obtained":[{"floor":4,"key":"Energy Potion"},{"floor":4,"key":"Swift Potion"},{"floor":4,"key":"Death Potion"},{"floor":5,"key":"DuplicationPotion"},{"floor":7,"key":"Weak Potion"},{"floor":10,"key":"SmokeBomb"},{"floor":16,"key":"EssenceOfSteel"},{"floor":19,"key":"PotionOfCapacity"},{"floor":21,"key":"Doom Potion"},{"floor":22,"key":"PowerPotion"}],"is_trial":false,"path_per_floor":["M","?","M","?","M","R","M","R","T","E","M","R","?","$","R","B",null,"M","M","?","M","M","R","M","?","T","M","R","E"],"character_chosen":"DEFECT","items_purchased":[],"campfire_rested":1,"item_purchase_floors":[],"current_hp_per_floor":[82,66,61,61,61,61,61,61,61,45,39,39,39,39,62,35,78,78,74,74,68,49,49,49,49,49,42,42,0,0],"gold":354,"neow_bonus":"TEN_PERCENT_HP_BONUS","is_daily":false,"chose_seed":false,"campfire_upgraded":5,"win_rate":0.0,"timestamp":1610041197,"path_taken":["M","?","M","?","M","R","M","R","T","E","M","R","?","$","R","BOSS","M","M","?","M","M","R","?","?","T","M","R","E"],"items_purchased_type":[],"build_version":"2020-12-22","purchased_purges":1,"victory":false,"max_hp_per_floor":[82,82,82,82,82,82,82,82,82,82,80,80,80,78,78,78,78,78,78,78,78,76,76,76,76,74,74,74,72,72],"card_choices":[{"not_picked":["Gash","Consume"],"picked":"Barrage","floor":1},{"not_picked":["Compile Driver","Barrage"],"picked":"Ball Lightning","floor":3},{"not_picked":["ReplayTheSpireMod:GoodbyeWorld","Darkness"],"picked":"Leap","floor":5},{"not_picked":["Steam Power","Coolheaded"],"picked":"Skim","floor":7},{"not_picked":["Redo","BasicCrystalCard"],"picked":"ReplayTheSpireMod:Fabricate Wheel","floor":10},{"not_picked":["Echo Form","Beam Cell"],"picked":"Loop","floor":11},{"not_picked":["Coolheaded","Cold Snap","Gash"],"picked":"SKIP","floor":11},{"not_picked":["Amplify","Hyperbeam"],"picked":"ReplayTheSpireMod:Fabricate Wheel","floor":16},{"not_picked":["Blizzard+1","Gash"],"picked":"Hologram","floor":19},{"not_picked":["Cold Snap","Stack"],"picked":"Static Discharge+1","floor":19},{"not_picked":["Ball Lightning","Sweeping Beam","Stack"],"picked":"SKIP","floor":19},{"not_picked":["Gash","ReplaySort"],"picked":"Scrape","floor":21},{"not_picked":["Skim","Leap","Heatsinks+1"],"picked":"SKIP","floor":21},{"not_picked":["Steam","Rip and Tear","Ball Lightning"],"picked":"SKIP","floor":21},{"not_picked":["Ball Lightning","Hello World"],"picked":"Loop+1","floor":22},{"not_picked":["Machine Learning","Lockon"],"picked":"Redo+1","floor":22},{"not_picked":["ReplaySort","ReplaySolidLightProjector+1","Aggregate"],"picked":"SKIP","floor":22},{"not_picked":["Sweeping Beam","Leap"],"picked":"Capacitor","floor":24},{"not_picked":["Go for the Eyes","Hologram","Sweeping Beam"],"picked":"SKIP","floor":24},{"not_picked":["Rebound","Steam+1","Compile Driver+1"],"picked":"SKIP","floor":24},{"not_picked":["Fission","Conserve Battery"],"picked":"Self Repair","floor":27},{"not_picked":["ReplayTheSpireMod:Repulse","Beam Cell"],"picked":"Conserve Battery+1","floor":27},{"not_picked":["Turbo","Rebound"],"picked":"FIFO Queue","floor":27}],"player_experience":525605,"relics_obtained":[{"floor":4,"key":"ReplayTheSpireMod:Ring of Addiction"},{"floor":4,"key":"Ring of Peace"},{"floor":4,"key":"Chameleon Ring"},{"floor":4,"key":"White Beast Statue"},{"floor":9,"key":"ReplayFunnel"},{"floor":10,"key":"Replay:Mystery Machine"},{"floor":26,"key":"Replay:Bottled Flurry"}],"event_choices":[{"damage_healed":0,"gold_gain":0,"player_choice":"Entered Light","damage_taken":16,"max_hp_gain":0,"max_hp_loss":0,"event_name":"Shining Light","floor":2,"gold_loss":0,"cards_upgraded":["Defend_B","Defend_B"]},{"damage_healed":0,"gold_gain":0,"player_choice":"Ignored","damage_taken":0,"max_hp_gain":0,"max_hp_loss":0,"event_name":"Liars Game","floor":13,"gold_loss":0},{"damage_healed":0,"gold_gain":0,"player_choice":"Trade","damage_taken":0,"relics_obtained":["GremlinMask"],"max_hp_gain":0,"max_hp_loss":0,"event_name":"FaceTrader","floor":20,"gold_loss":0},{"damage_healed":0,"gold_gain":0,"cards_transformed":["Sickly","Strike_B"],"player_choice":"Became Test Subject","damage_taken":0,"max_hp_gain":0,"max_hp_loss":0,"event_name":"Drug Dealer","floor":25,"gold_loss":0,"cards_obtained":["ReplayTheSpireMod:Faulty Equipment","BootSequence"]}],"is_beta":false,"boss_relics":[{"not_picked":["Busted Crown","Kintsugi"],"picked":"Empty Cage"}],"items_purged_floors":[14],"is_endless":false,"potions_floor_spawned":[5,7,10,11,16,18,19,21,22,24,27],"killed_by":"Slavers","ascension_level":0}}