{"host":"xx5zt3jtdyh8iun7","time":1610020520,"event":{"mods":["AchievementEnabler","Act Like it!","BaseMod","Gensokyo","Koishi","Minty Spire (QoL Compilation)","StSLib","The Senshi"],"gold_per_floor":[110,110,110,121,137,137,162,162,162,202,31,40,40,66,66,180,189,213,242,21,21,49,87,87,126,203,203,239,248,287,296,296,296,296],"floor_reached":33,"playtime":2261,"items_purged":["Injury"],"score":367,"play_id":"d835b381-a2aa-41d5-be3a-7ca04d928946","local_time":"20210107125520","is_ascension_mode":true,"campfire_choices":[{"floor":6,"key":"REST"},{"data":"Infinite Blades","floor":8,"key":"SMITH"},{"data":"Apotheosis","floor":13,"key":"SMITH"},{"floor":15,"key":"REST"},{"floor":24,"key":"REST"},{"data":"Phantasmal Killer","floor":27,"key":"SMITH"},{"floor":32,"key":"REST"}],"circlet_count":0,"master_deck":["Strike_G","Strike_G","Defend_G","Defend_G","Defend_G","Survivor","Neutralize","Distraction","Cloak And Dagger","Blade Dance","Infinite Blades+1","Flechettes","Apotheosis+1","Dagger Throw","A Thousand Cuts","CurseOfTheBell","Tactician","Phantasmal Killer+1","Footwork","Blade Dance","Finisher+1","Escape Plan+1","Setup","Writhe","Calculated Gamble","Gensokyo:ManorOfTheDishes+1"],"relics":["Ring of the Snake","TungstenRod","Ornamental Fan","FossilizedHelix","CeramicFish","Smiling Mask","Calling Bell","Potion Belt","Matryoshka","theSenshi:SpiralHeartMoonRodRelic","Oddly Smooth Stone","Gensokyo:RedStar","theSenshi:SailorFukuRelic","Paper Crane","Frozen Egg 2","Molten Egg 2","Happy Flower"],"acts_visited":["Gensokyo:Gensokyo","Gensokyo:Gensokyoer"],"potions_floor_usage":[7,16,22,25],"damage_taken":[{"damage":0,"enemies":"Gensokyo:3_Fairies","floor":1,"turns":5},{"damage":0,"enemies":"Gensokyo:2_Kodama","floor":4,"turns":5},{"damage":2,"enemies":"Gensokyo:Python","floor":5,"turns":4},{"damage":16,"enemies":"Gensokyo:Cirno","floor":7,"turns":6},{"damage":0,"enemies":"Gensokyo:Aya","floor":10,"turns":5},{"damage":0,"enemies":"Gensokyo:3_Kodama","floor":14,"turns":3},{"damage":29,"enemies":"Gensokyo:Yukari","floor":16,"turns":11},{"damage":9,"enemies":"Gensokyo:AngelMirror","floor":18,"turns":3},{"damage":0,"enemies":"Gensokyo:Chomper","floor":19,"turns":3},{"damage":49,"enemies":"Gensokyo:3_Gloops","floor":22,"turns":7},{"damage":23,"enemies":"Gensokyo:Tenshi","floor":23,"turns":6},{"damage":3,"enemies":"Gensokyo:Reisen","floor":25,"turns":6},{"damage":23,"enemies":"Gensokyo:Tenshi","floor":28,"turns":6},{"damage":5,"enemies":"Gensokyo:Koishi","floor":30,"turns":5},{"damage":52,"enemies":"Gensokyo:Eternal_Rivals","floor":33,"turns":6}],"seed_played":"-1543102459006464838","potions_obtained":[{"floor":1,"key":"Explosive Potion"},{"floor":4,"key":"FairyPotion"},{"floor":7,"key":"Block Potion"},{"floor":18,"key":"GamblersBrew"},{"floor":23,"key":"LiquidMemories"},{"floor":25,"key":"SmokeBomb"},{"floor":30,"key":"Energy Potion"}],"is_trial":false,"path_per_floor":["M","?","?","M","M","R","E","R","T","E","$","?","R","M","R","B",null,"M","M","$","?","M","E","R","E","T","R","E","?","E","?","R","B"],"character_chosen":"THE_SILENT","items_purchased":["Apotheosis","Footwork","Oddly Smooth Stone"],"campfire_rested":4,"item_purchase_floors":[11,20,20],"current_hp_per_floor":[49,22,22,22,20,41,25,25,25,25,25,25,25,25,46,17,70,63,65,65,65,22,23,44,43,43,43,22,22,19,19,37,0,0],"gold":296,"neow_bonus":"ONE_RARE_RELIC","is_daily":false,"chose_seed":false,"campfire_upgraded":3,"win_rate":0.0,"timestamp":1610020520,"path_taken":["M","?","?","M","M","R","E","R","T","E","$","?","R","M","R","BOSS","M","M","?","?","?","E","R","E","T","R","E","?","E","?","R","BOSS"],"items_purchased_type":["Card","Card","Relic"],"build_version":"2020-12-22","purchased_purges":1,"victory":false,"max_hp_per_floor":[70,70,70,70,70,70,70,70,70,70,70,70,70,70,70,70,70,70,70,70,70,70,70,70,70,70,70,70,70,70,63,63,32,32],"card_choices":[{"not_picked":["Backflip","Bane"],"picked":"Distraction","floor":1},{"not_picked":["Leg Sweep","Deadly Poison"],"picked":"Cloak And Dagger","floor":4},{"not_picked":["Outmaneuver","Deflect"],"picked":"Blade Dance","floor":5},{"not_picked":["Reflex","Outmaneuver"],"picked":"Infinite Blades","floor":7},{"not_picked":["Dagger Throw","Caltrops"],"picked":"Flechettes","floor":10},{"not_picked":["Underhanded Strike","PiercingWail"],"picked":"Dagger Throw","floor":14},{"not_picked":["Phantasmal Killer","Malaise"],"picked":"A Thousand Cuts","floor":16},{"not_picked":["Deadly Poison","Underhanded Strike+1"],"picked":"Tactician","floor":18},{"not_picked":["Dodge and Roll","Slice"],"picked":"Phantasmal Killer","floor":19},{"not_picked":["Deadly Poison","Reflex"],"picked":"Blade Dance","floor":22},{"not_picked":["Dagger Throw","Setup"],"picked":"Finisher+1","floor":23},{"not_picked":["Poisoned Stab","Leg Sweep"],"picked":"Escape Plan+1","floor":25},{"not_picked":["Outmaneuver","Acrobatics"],"picked":"Setup","floor":28},{"not_picked":["Underhanded Strike+1","Prepared"],"picked":"Calculated Gamble","floor":30},{"not_picked":["Gensokyo:SpontaneousHumanCombustion+1","Gensokyo:TekeTeke+1"],"picked":"Gensokyo:ManorOfTheDishes+1","floor":31}],"player_experience":648648,"relics_obtained":[{"floor":7,"key":"Ornamental Fan"},{"floor":9,"key":"FossilizedHelix"},{"floor":10,"key":"CeramicFish"},{"floor":17,"key":"Potion Belt"},{"floor":17,"key":"Matryoshka"},{"floor":17,"key":"theSenshi:SpiralHeartMoonRodRelic"},{"floor":23,"key":"theSenshi:SailorFukuRelic"},{"floor":25,"key":"Paper Crane"},{"floor":26,"key":"Frozen Egg 2"},{"floor":26,"key":"Molten Egg 2"},{"floor":28,"key":"Happy Flower"}],"event_choices":[],"is_beta":false,"boss_relics":[{"not_picked":["Empty Cage","Sozu"],"picked":"Calling Bell"}],"items_purged_floors":[20],"is_endless":false,"potions_floor_spawned":[1,4,7,18,23,25,30],"killed_by":"Gensokyo:Eternal_Rivals","ascension_level":1}}