{"host":"atc9njsbcy6dgluf","time":1610046113,"event":{"mods":["BaseMod","Better Match","Better Note","Better Third Choice","Infinite Spire","Minty Spire (QoL Compilation)","StSLib"],"gold_per_floor":[111,111,129,140,156,183,183,215,215,215,215,246,62,62,62,156,156,172,172,188,188,188,231,251,251,251,265,309,309,170,201,201,201,201],"floor_reached":33,"playtime":2723,"items_purged":["Regret","Injury"],"score":635,"play_id":"7970bcb6-c319-4863-8c73-430469d7f882","local_time":"20210107200153","is_ascension_mode":true,"campfire_choices":[{"floor":7.0,"key":"REST"},{"floor":10.0,"key":"REST"},{"data":"Infinite Blades","floor":15.0,"key":"SMITH"},{"data":"Noxious Fumes","floor":25.0,"key":"SMITH"},{"data":"Catalyst","floor":29.0,"key":"SMITH"},{"floor":32.0,"key":"REST"}],"circlet_count":0,"master_deck":["AscendersBane","Strike_G","Strike_G","Strike_G","Defend_G","Defend_G","Defend_G","Defend_G","Defend_G","Survivor","Neutralize","Infinite Blades+1","infinitespire:Punishment","Bouncing Flask","A Thousand Cuts","PiercingWail","Noxious Fumes+1","Deadly Poison","Tools of the Trade","Catalyst+1","Tactician","Blade Dance","Caltrops","Accuracy","Catalyst"],"relics":["WristBlade","Sundial","Tingsha","Matryoshka","Darkstone Periapt","Eternal Feather","Golden Idol","SlaversCollar","Omamori","Bottled Tornado","Meat on the Bone","MealTicket","Question Card"],"acts_visited":["Exordium","TheCity"],"potions_floor_usage":[],"damage_taken":[{"damage":0.0,"enemies":"2 Louse","floor":1.0,"turns":3.0},{"damage":2.0,"enemies":"Jaw Worm","floor":3.0,"turns":3.0},{"damage":3.0,"enemies":"Small Slimes","floor":4.0,"turns":3.0},{"damage":6.0,"enemies":"Blue Slaver","floor":5.0,"turns":2.0},{"damage":14.0,"enemies":"3 Sentries","floor":6.0,"turns":5.0},{"damage":7.0,"enemies":"Lagavulin","floor":8.0,"turns":6.0},{"damage":9.0,"enemies":"3 Sentries","floor":12.0,"turns":6.0},{"damage":31.0,"enemies":"Hexaghost","floor":16.0,"turns":7.0},{"damage":14.0,"enemies":"2 Thieves","floor":18.0,"turns":4.0},{"damage":15.0,"enemies":"3 Byrds","floor":20.0,"turns":5.0},{"damage":33.0,"enemies":"Nightmare","floor":23.0,"turns":5.0},{"damage":25.0,"enemies":"Snake Plant","floor":24.0,"turns":4.0},{"damage":16.0,"enemies":"Centurion and Healer","floor":27.0,"turns":4.0},{"damage":38.0,"enemies":"Book of Stabbing","floor":28.0,"turns":4.0},{"damage":40.0,"enemies":"Gremlin Leader","floor":31.0,"turns":6.0},{"damage":85,"enemies":"Automaton","floor":33,"turns":6}],"seed_played":"-5989198719184141899","potions_obtained":[{"floor":3.0,"key":"Ancient Potion"},{"floor":6.0,"key":"SteroidPotion"},{"floor":8.0,"key":"SpeedPotion"},{"floor":16.0,"key":"infinitespire:BlackPotion"},{"floor":18.0,"key":"Strength Potion"},{"floor":23.0,"key":"Regen Potion"},{"floor":24.0,"key":"EssenceOfSteel"}],"is_trial":false,"path_per_floor":["M","?","M","M","M","E","R","E","T","R","?","E","$","?","R","B",null,"M","?","M","?","?","NM","M","R","T","M","E","R","$","E","R","B"],"character_chosen":"THE_SILENT","items_purchased":["Noxious Fumes","Deadly Poison","Accuracy"],"campfire_rested":3,"item_purchase_floors":[13,13,30],"current_hp_per_floor":[59,44,42,39,33,19,38,31,31,50,56,47,47,53,65,34,67,53,53,38,38,88,55,39,51,51,47,21,33,48,20,61,0,0],"gold":201,"neow_bonus":"BOSS_RELIC","is_daily":false,"chose_seed":false,"campfire_upgraded":3,"win_rate":0.0,"timestamp":1610046113,"path_taken":["M","?","M","M","M","E","R","E","T","R","?","E","$","?","R","BOSS","M","?","M","?","?","NM","M","R","T","M","E","R","$","E","R","BOSS"],"items_purchased_type":["Card","Card","Card"],"build_version":"2020-12-22","purchased_purges":2,"victory":false,"max_hp_per_floor":[66,66,66,66,66,66,66,66,66,66,72,72,72,78,78,78,78,78,78,78,78,88,88,88,88,88,88,88,88,88,88,88,88,88],"card_choices":[{"not_picked":["Quick Slash","Riddle With Holes"],"picked":"Infinite Blades","floor":1.0},{"not_picked":["infinitespire:Collect","infinitespire:UltimateForm"],"picked":"infinitespire:Punishment","floor":2.0},{"not_picked":["Calculated Gamble","Flechettes"],"picked":"Bouncing Flask","floor":3.0},{"not_picked":["Distraction","Deadly Poison"],"picked":"A Thousand Cuts","floor":4.0},{"not_picked":["Outmaneuver","Acrobatics","Predator"],"picked":"SKIP","floor":5.0},{"not_picked":["Dagger Spray","Cloak And Dagger"],"picked":"PiercingWail","floor":6.0},{"not_picked":["Escape Plan","Dodge and Roll","Sucker Punch"],"picked":"SKIP","floor":8.0},{"not_picked":["Dodge and Roll","Slice","Underhanded Strike"],"picked":"SKIP","floor":12.0},{"not_picked":["Doppelganger","Grand Finale"],"picked":"Tools of the Trade","floor":16.0},{"not_picked":["Quick Slash","Blade Dance"],"picked":"Catalyst","floor":18.0},{"not_picked":["Sucker Punch","Endless Agony"],"picked":"Blade Dance","floor":20.0},{"not_picked":["Dagger Throw","Grand Finale"],"picked":"Caltrops","floor":23.0},{"not_picked":["Flying Knee","Sucker Punch","Outmaneuver"],"picked":"SKIP","floor":24.0},{"not_picked":["Dagger Spray+1","Backstab","Prepared"],"picked":"SKIP","floor":27.0},{"not_picked":["Backflip","Dagger Throw+1","Underhanded Strike"],"picked":"SKIP","floor":28.0},{"not_picked":["Tactician","Night Terror"],"picked":"Catalyst","floor":31.0}],"player_experience":571209,"relics_obtained":[{"floor":6.0,"key":"Sundial"},{"floor":8.0,"key":"Tingsha"},{"floor":9.0,"key":"Matryoshka"},{"floor":12.0,"key":"Eternal Feather"},{"floor":23.0,"key":"Omamori"},{"floor":26.0,"key":"Bottled Tornado"},{"floor":26.0,"key":"Meat on the Bone"},{"floor":28.0,"key":"MealTicket"},{"floor":31.0,"key":"Question Card"}],"event_choices":[{"damage_healed":0.0,"max_hp_gain":0.0,"max_hp_loss":0.0,"gold_gain":0.0,"event_name":"Big Fish","player_choice":"Box","floor":11.0,"gold_loss":0.0,"damage_taken":0.0,"relics_obtained":["Darkstone Periapt"],"cards_obtained":["Regret"]},{"damage_healed":0.0,"max_hp_gain":0.0,"max_hp_loss":0.0,"gold_gain":0.0,"event_name":"Golden Idol","player_choice":"Take Wound","floor":14.0,"gold_loss":0.0,"damage_taken":0.0,"relics_obtained":["Golden Idol"],"cards_obtained":["Injury"]},{"damage_healed":0.0,"max_hp_gain":0.0,"max_hp_loss":0.0,"gold_gain":0.0,"cards_transformed":["Strike_G","Strike_G"],"event_name":"Drug Dealer","player_choice":"Became Test Subject","floor":19.0,"gold_loss":0.0,"damage_taken":0.0,"cards_obtained":["Tactician","Glass Knife"]},{"damage_healed":0.0,"max_hp_gain":0.0,"max_hp_loss":0.0,"gold_gain":0.0,"event_name":"Ghosts","player_choice":"Ignored","floor":21.0,"gold_loss":0.0,"damage_taken":0.0},{"cards_removed":["Glass Knife"],"damage_healed":40.0,"max_hp_gain":10.0,"max_hp_loss":0.0,"gold_gain":0.0,"event_name":"Bonfire Elementals","player_choice":"Offered Rare","floor":22.0,"gold_loss":0.0,"damage_taken":0.0}],"is_beta":false,"boss_relics":[{"not_picked":["Ectoplasm","Empty Cage"],"picked":"SlaversCollar"}],"items_purged_floors":[13,30],"is_endless":false,"potions_floor_spawned":[3,6,8,16,18,20,23,24],"killed_by":"Automaton","ascension_level":18}}