{"host":"66qk2d5itigvi6zt","time":1610053846,"event":{"mods":["Aspiration","BaseMod","Better Third Choice","Conspire","Minty Spire (QoL Compilation)","MostiFishMod","Replay The Spire","StSLib","Td1madao Mod","The Administrix","The Alterego","UnlockEverythingMod","Waifu the Spire","everything is the same but u backflip on backflip"],"gold_per_floor":[118,118,118,137,137,162,162,179,179,179,179],"floor_reached":10,"playtime":539,"items_purged":[],"score":66,"play_id":"0ac082c4-54ce-4823-a743-2b2a707db318","local_time":"20210107131046","daily_mods":["SealedDeck","DeadlyEvents"],"is_ascension_mode":false,"campfire_choices":[{"data":"alterego_mod:Clones","floor":7,"key":"SMITH"}],"circlet_count":0,"master_deck":["alterego_mod:Punishment","alterego_mod:Punishment","alterego_mod:Cycle","alterego_mod:Undulate","alterego_mod:Bounce","alterego_mod:Bounce","alterego_mod:SakuraFive","alterego_mod:Rip","alterego_mod:Clap","alterego_mod:SakuraFive","alterego_mod:Bounce","alterego_mod:Punishment","alterego_mod:Clones+1"],"relics":["alterego_mod:MasochisticConstitution","DaveBox","SynthV:TestCard","conspire:Dentures","NlothsMask","Quantum Egg"],"acts_visited":["Exordium"],"potions_floor_usage":[],"damage_taken":[{"damage":6,"enemies":"2 Louse","floor":1,"turns":2},{"damage":12,"enemies":"Small Slimes","floor":4,"turns":3},{"damage":28,"enemies":"Gremlin Nob","floor":6,"turns":4},{"damage":0,"enemies":"Cultist","floor":8,"turns":3},{"damage":28,"enemies":"3 Sentries","floor":10,"turns":4}],"seed_played":"2422022640613636765","potions_obtained":[{"floor":1,"key":"Toxic Potion"}],"is_trial":true,"path_per_floor":["M","?","?","M","?","E","R","M","T","E"],"character_chosen":"The_Alterego","items_purchased":[],"campfire_rested":0,"item_purchase_floors":[],"current_hp_per_floor":[65,65,65,54,54,27,27,27,27,0,0],"gold":179,"neow_bonus":"","is_daily":false,"chose_seed":false,"campfire_upgraded":1,"win_rate":0.0,"timestamp":1610053846,"path_taken":["M","?","?","?","?","E","R","M","T","?"],"items_purchased_type":[],"build_version":"2020-12-22","purchased_purges":0,"victory":false,"max_hp_per_floor":[71,71,71,72,72,73,73,73,73,73,73],"card_choices":[{"not_picked":["alterego_mod:PerceptionDisorder","alterego_mod:Nekomimi"],"picked":"alterego_mod:Bounce","floor":1},{"not_picked":["alterego_mod:Lingerie","alterego_mod:TrashNCrash","alterego_mod:SakuraLabyrinth","alterego_mod:Undulate"],"picked":"alterego_mod:Punishment","floor":4},{"not_picked":["alterego_mod:Nekomimi","alterego_mod:BusterCard","alterego_mod:STier","alterego_mod:1TonWallop"],"picked":"alterego_mod:Clones","floor":6},{"not_picked":["alterego_mod:BreastValley","alterego_mod:BiFurious","alterego_mod:Complex","alterego_mod:Belle","alterego_mod:1TonWallop"],"picked":"SKIP","floor":8}],"player_experience":53735,"relics_obtained":[{"floor":1,"key":"SynthV:TestCard"},{"floor":6,"key":"Quantum Egg"}],"event_choices":[{"damage_healed":0,"gold_gain":0,"player_choice":"Box","damage_taken":0,"relics_obtained":["conspire:Dentures"],"max_hp_gain":0,"max_hp_loss":0,"event_name":"Big Fish","floor":2,"gold_loss":0,"cards_obtained":["Regret"]},{"damage_healed":0,"gold_gain":0,"player_choice":"Trade","damage_taken":0,"relics_obtained":["NlothsMask"],"max_hp_gain":0,"max_hp_loss":0,"event_name":"FaceTrader","floor":3,"gold_loss":0},{"cards_removed":["Regret"],"damage_healed":0,"gold_gain":0,"player_choice":"Purged","damage_taken":0,"max_hp_gain":0,"max_hp_loss":0,"event_name":"Purifier","floor":5,"gold_loss":0}],"is_beta":false,"boss_relics":[],"items_purged_floors":[],"is_endless":true,"potions_floor_spawned":[1],"killed_by":"3 Sentries","ascension_level":0}}