{"host":"ex6y92ceh6h0mo7k","time":1610018179,"event":{"mods":["BaseMod","Minty Spire (QoL Compilation)","Quick Restart","StSLib","SuperFastMode"],"gold_per_floor":[116,128,53,53,69,100,60,60,60,80,113,127,146,171,171,248,248,260,260,17,35,50,50,77,77,102,102,137,155,174,248,248,323,323,334,352,30,47,59,59,59,93,93,110,142,142,168,181,181,181,181,181,181,1,30,30],"floor_reached":57,"playtime":3949,"items_purged":["Bite+1","Bite+1"],"score":2808,"play_id":"e622aca7-01c9-4508-abe4-d30d7d5a5c7b","local_time":"20210107191619","is_ascension_mode":true,"campfire_choices":[{"data":"Whirlwind","floor":8.0,"key":"SMITH"},{"data":"Inflame","floor":15.0,"key":"SMITH"},{"data":"Flame Barrier","floor":23.0,"key":"SMITH"},{"data":"Shockwave","floor":25.0,"key":"SMITH"},{"data":"Demon Form","floor":32.0,"key":"SMITH"},{"data":"Shrug It Off","floor":40.0,"key":"SMITH"},{"floor":49.0,"key":"RECALL"},{"data":"Disarm","floor":53.0,"key":"SMITH"}],"circlet_count":0,"master_deck":["AscendersBane","Defend_R","Defend_R","Defend_R","Bash","Inflame+1","Ghostly Armor","Whirlwind+1","Shockwave+1","Clothesline+1","Sword Boomerang+1","Feed+1","Bite+1","Bite+1","Bite+1","Flame Barrier+1","Iron Wave+1","Shrug It Off+1","Disarm+1","Demon Form+1","Sword Boomerang+1","Shrug It Off+1","Pummel+1","Battle Trance","Heavy Blade+1","True Grit","Swift Strike+1"],"relics":["Burning Blood","Mango","Singing Bowl","Molten Egg 2","Akabeko","Sundial","Coffee Dripper","Shuriken","Anchor","Pantograph","Cursed Key","Sling","Self Forming Clay","Bottled Flame","Bronze Scales","Orichalcum"],"acts_visited":["Exordium","TheCity","TheBeyond","TheEnding"],"potions_floor_usage":[56,56],"damage_taken":[{"damage":7.0,"enemies":"Cultist","floor":1.0,"turns":4.0},{"damage":4.0,"enemies":"Jaw Worm","floor":2.0,"turns":5.0},{"damage":7.0,"enemies":"Small Slimes","floor":5.0,"turns":4.0},{"damage":32.0,"enemies":"Gremlin Nob","floor":6.0,"turns":4.0},{"damage":7.0,"enemies":"Looter","floor":10.0,"turns":4.0},{"damage":25.0,"enemies":"Lagavulin","floor":11.0,"turns":7.0},{"damage":10.0,"enemies":"Exordium Thugs","floor":12.0,"turns":3.0},{"damage":1.0,"enemies":"Blue Slaver","floor":13.0,"turns":4.0},{"damage":15.0,"enemies":"3 Sentries","floor":14.0,"turns":3.0},{"damage":7.0,"enemies":"Slime Boss","floor":16.0,"turns":6.0},{"damage":0.0,"enemies":"Shell Parasite","floor":18.0,"turns":1.0},{"damage":13.0,"enemies":"2 Thieves","floor":21.0,"turns":3.0},{"damage":27.0,"enemies":"Snake Plant","floor":22.0,"turns":3.0},{"damage":47.0,"enemies":"Slavers","floor":24.0,"turns":4.0},{"damage":33.0,"enemies":"Book of Stabbing","floor":28.0,"turns":5.0},{"damage":8.0,"enemies":"Snecko","floor":29.0,"turns":3.0},{"damage":2.0,"enemies":"Chosen and Byrds","floor":30.0,"turns":5.0},{"damage":61.0,"enemies":"Automaton","floor":33.0,"turns":8.0},{"damage":0.0,"enemies":"3 Darklings","floor":35.0,"turns":1.0},{"damage":9.0,"enemies":"3 Shapes","floor":36.0,"turns":12.0},{"damage":42.0,"enemies":"Maw","floor":38.0,"turns":6.0},{"damage":22.0,"enemies":"Spire Growth","floor":39.0,"turns":4.0},{"damage":26.0,"enemies":"Nemesis","floor":42.0,"turns":5.0},{"damage":9.0,"enemies":"3 Darklings","floor":44.0,"turns":13.0},{"damage":24.0,"enemies":"Reptomancer","floor":45.0,"turns":4.0},{"damage":42.0,"enemies":"Nemesis","floor":47.0,"turns":7.0},{"damage":0.0,"enemies":"4 Shapes","floor":48.0,"turns":1.0},{"damage":89.0,"enemies":"Donu and Deca","floor":50.0,"turns":9.0},{"damage":46.0,"enemies":"Time Eater","floor":51.0,"turns":8.0},{"damage":64.0,"enemies":"Shield and Spear","floor":55.0,"turns":5.0},{"damage":118,"enemies":"The Heart","floor":56,"turns":8}],"seed_played":"5724484482507151927","potions_obtained":[{"floor":5.0,"key":"Strength Potion"},{"floor":7.0,"key":"SkillPotion"},{"floor":7.0,"key":"FearPotion"},{"floor":12.0,"key":"Ancient Potion"},{"floor":14.0,"key":"Fire Potion"},{"floor":18.0,"key":"EssenceOfSteel"},{"floor":21.0,"key":"Strength Potion"},{"floor":30.0,"key":"GamblersBrew"},{"floor":36.0,"key":"DistilledChaos"}],"is_trial":false,"path_per_floor":["M","M","?","?","M","E","?","R","T","M","E","M","M","E","R","B",null,"M","?","$","M","M","R","E","R","T","?","E","M","M","T","R","B",null,"M","M","$","M","M","R","?","E","T","M","E","?","E","M","R","B","B",null,"R","$","E","B",null],"character_chosen":"IRONCLAD","items_purchased":["Flame Barrier","Iron Wave+1","Shrug It Off","Sling","BloodPotion","True Grit","Swift Potion","Swift Strike+1"],"campfire_rested":0,"item_purchase_floors":[20,20,20,37,37,54,54,54],"current_hp_per_floor":[63,65,65,70,69,45,45,45,45,44,25,21,28,21,21,20,80,92,74,74,76,65,65,26,26,26,26,13,20,40,40,40,27,82,88,103,103,80,74,74,97,86,86,120,113,113,87,95,95,56,50,112,112,112,59,13],"gold":30,"neow_bonus":"ONE_RARE_RELIC","is_daily":false,"chose_seed":false,"campfire_upgraded":7,"win_rate":0.0,"timestamp":1610018179,"path_taken":["M","?","?","?","M","E","?","R","T","M","E","M","M","E","R","BOSS","M","?","$","M","M","R","E","R","T","?","E","M","?","?","R","BOSS","M","M","$","M","M","R","?","E","T","M","E","?","E","M","R","BOSS","BOSS","R","$","E","BOSS"],"items_purchased_type":["Card","Card","Card","Relic","Potion","Card","Potion","Card"],"build_version":"2020-12-22","purchased_purges":2,"victory":true,"max_hp_per_floor":[89,89,89,94,94,96,96,96,96,96,96,96,98,100,100,100,100,106,74,74,80,84,84,86,86,86,86,88,94,98,98,98,100,100,100,106,106,110,114,114,114,114,114,120,122,122,126,128,128,132,132,132,132,132,134,134],"card_choices":[{"not_picked":["Perfected Strike","Burning Pact"],"picked":"Inflame","floor":1.0},{"not_picked":["Combust","Warcry"],"picked":"Ghostly Armor","floor":2.0},{"not_picked":["Dual Wield","Havoc"],"picked":"Whirlwind","floor":5.0},{"not_picked":["Shrug It Off","Cleave","Metallicize"],"picked":"Singing Bowl","floor":6.0},{"not_picked":["Headbutt+1","Metallicize"],"picked":"Shockwave","floor":10.0},{"not_picked":["Wild Strike+1","Evolve"],"picked":"Clothesline+1","floor":11.0},{"not_picked":["Perfected Strike+1","Intimidate"],"picked":"Sword Boomerang+1","floor":12.0},{"not_picked":["Clash+1","Flex","Feel No Pain"],"picked":"Singing Bowl","floor":13.0},{"not_picked":["Rampage+1","Body Slam+1","Sever Soul+1"],"picked":"Singing Bowl","floor":14.0},{"not_picked":["Impervious","Barricade"],"picked":"Feed+1","floor":16.0},{"not_picked":["Thunderclap+1","Wild Strike+1","Havoc"],"picked":"Singing Bowl","floor":18.0},{"not_picked":["Wild Strike+1","Metallicize","Iron Wave+1"],"picked":"Singing Bowl","floor":21.0},{"not_picked":["Thunderclap+1","Clothesline+1"],"picked":"Disarm","floor":22.0},{"not_picked":["Body Slam+1","Fire Breathing","Double Tap"],"picked":"Singing Bowl","floor":24.0},{"not_picked":["Wild Strike+1","Headbutt+1","Sword Boomerang+1"],"picked":"Singing Bowl","floor":28.0},{"not_picked":["Twin Strike+1","Sword Boomerang+1","Combust+1"],"picked":"Singing Bowl","floor":29.0},{"not_picked":["Iron Wave+1","Clothesline+1"],"picked":"Demon Form","floor":30.0},{"not_picked":["Bludgeon+1","Brutality","Impervious"],"picked":"Singing Bowl","floor":33.0},{"not_picked":["Havoc","Flame Barrier"],"picked":"Sword Boomerang+1","floor":35.0},{"not_picked":["Reckless Charge+1","Armaments","Twin Strike+1"],"picked":"Singing Bowl","floor":36.0},{"not_picked":["Evolve+1","Reckless Charge+1"],"picked":"Shrug It Off+1","floor":38.0},{"not_picked":["Anger+1","Entrench"],"picked":"Pummel+1","floor":39.0},{"not_picked":["Reckless Charge+1","Clash+1"],"picked":"Battle Trance","floor":42.0},{"not_picked":["Havoc","Sever Soul+1","Thunderclap+1"],"picked":"Singing Bowl","floor":44.0},{"not_picked":["Dark Embrace+1","Hemokinesis+1","Armaments"],"picked":"Singing Bowl","floor":45.0},{"not_picked":["Twin Strike+1","Dropkick+1"],"picked":"Heavy Blade+1","floor":47.0},{"not_picked":["Combust+1","Immolate+1","Cleave+1"],"picked":"Singing Bowl","floor":48.0},{"not_picked":["Sword Boomerang+1","Clash+1","Infernal Blade+1"],"picked":"Singing Bowl","floor":55.0}],"player_experience":907358,"relics_obtained":[{"floor":6.0,"key":"Singing Bowl"},{"floor":9.0,"key":"Molten Egg 2"},{"floor":11.0,"key":"Akabeko"},{"floor":14.0,"key":"Sundial"},{"floor":24.0,"key":"Shuriken"},{"floor":28.0,"key":"Anchor"},{"floor":31.0,"key":"Pantograph"},{"floor":42.0,"key":"Self Forming Clay"},{"floor":45.0,"key":"Bottled Flame"},{"floor":47.0,"key":"Bronze Scales"},{"floor":55.0,"key":"Orichalcum"}],"event_choices":[{"cards_removed":["Strike_R"],"damage_healed":0.0,"max_hp_gain":0.0,"max_hp_loss":0.0,"gold_gain":0.0,"event_name":"The Cleric","player_choice":"Card Removal","floor":3.0,"gold_loss":75.0,"damage_taken":0.0},{"damage_healed":0.0,"max_hp_gain":5.0,"max_hp_loss":0.0,"gold_gain":0.0,"event_name":"Big Fish","player_choice":"Donut","floor":4.0,"gold_loss":0.0,"damage_taken":0.0},{"damage_healed":0.0,"max_hp_gain":0.0,"max_hp_loss":0.0,"gold_gain":0.0,"event_name":"The Woman in Blue","player_choice":"Bought 3 Potions","floor":7.0,"gold_loss":0.0,"damage_taken":0.0},{"damage_healed":0.0,"max_hp_gain":0.0,"max_hp_loss":32.0,"gold_gain":0.0,"event_name":"Vampires","player_choice":"Became a vampire","floor":19.0,"gold_loss":0.0,"damage_taken":0.0,"cards_obtained":["Bite","Bite","Bite","Bite","Bite"]},{"cards_removed":["Defend_R"],"damage_healed":0.0,"max_hp_gain":0.0,"max_hp_loss":0.0,"gold_gain":0.0,"event_name":"Purifier","player_choice":"Purged","floor":27.0,"gold_loss":0.0,"damage_taken":0.0},{"damage_healed":23.0,"max_hp_gain":0.0,"max_hp_loss":0.0,"gold_gain":0.0,"event_name":"Winding Halls","player_choice":"Writhe","floor":41.0,"gold_loss":0.0,"damage_taken":0.0,"cards_obtained":["Writhe"]},{"cards_removed":["Writhe"],"damage_healed":0.0,"max_hp_gain":0.0,"max_hp_loss":0.0,"gold_gain":0.0,"event_name":"Purifier","player_choice":"Purged","floor":46.0,"gold_loss":0.0,"damage_taken":0.0}],"is_beta":false,"boss_relics":[{"not_picked":["Fusion Hammer","Astrolabe"],"picked":"Coffee Dripper"},{"not_picked":["Black Blood","Calling Bell"],"picked":"Cursed Key"}],"items_purged_floors":[20,37],"is_endless":false,"potions_floor_spawned":[5,10,12,14,18,21,22,30,36,45,47,48],"ascension_level":20}}