{"host":"jksa5rawk3m4gilz","time":1610042577,"event":{"mods":["BaseMod","Colored Map","Highlight Path","Minty Spire (QoL Compilation)","Quick Restart"],"gold_per_floor":[19,33,33,33,53,53,86,96,173,184,184,203,203,203],"floor_reached":13,"playtime":491,"items_purged":[],"score":144,"play_id":"1bb66577-e361-4efe-862e-4f33e47ff1b1","local_time":"20210107190257","is_ascension_mode":true,"campfire_choices":[{"data":"Eruption","floor":6,"key":"SMITH"},{"floor":11,"key":"REST"}],"circlet_count":0,"master_deck":["AscendersBane","Strike_P","Strike_P","Strike_P","Strike_P","Defend_P","Defend_P","Defend_P","Defend_P+1","Eruption+1","Vigilance","Magnetism+1","FollowUp","Prostrate","LessonLearned"],"relics":["PureWater","Gambling Chip","Kunai"],"acts_visited":["Exordium"],"potions_floor_usage":[13],"damage_taken":[{"damage":1,"enemies":"Cultist","floor":1,"turns":4},{"damage":2,"enemies":"Small Slimes","floor":2,"turns":5},{"damage":2,"enemies":"Jaw Worm","floor":5,"turns":3},{"damage":15,"enemies":"Lagavulin","floor":7,"turns":6},{"damage":8,"enemies":"Blue Slaver","floor":8,"turns":5},{"damage":0,"enemies":"2 Fungi Beasts","floor":10,"turns":2},{"damage":25,"enemies":"Gremlin Gang","floor":12,"turns":8},{"damage":58,"enemies":"Gremlin Nob","floor":13,"turns":3}],"seed_played":"6466291253974033662","potions_obtained":[{"floor":5,"key":"Dexterity Potion"},{"floor":7,"key":"Swift Potion"}],"is_trial":false,"path_per_floor":["M","M","?","?","M","R","E","M","T","M","R","M","E"],"character_chosen":"WATCHER","items_purchased":[],"campfire_rested":1,"item_purchase_floors":[],"current_hp_per_floor":[64,62,67,67,65,65,50,42,42,42,65,40,0,0],"gold":203,"neow_bonus":"RANDOM_COLORLESS_2","is_daily":false,"chose_seed":false,"campfire_upgraded":1,"win_rate":0.0,"timestamp":1610042577,"path_taken":["M","?","?","?","M","R","E","M","T","M","R","M","E"],"items_purchased_type":[],"build_version":"2020-12-22","purchased_purges":0,"victory":false,"max_hp_per_floor":[72,72,77,77,77,77,77,77,77,77,77,77,77,77],"card_choices":[{"not_picked":["Secret Weapon","The Bomb"],"picked":"Magnetism","floor":0},{"not_picked":["MentalFortress","EmptyBody","Protect"],"picked":"SKIP","floor":1},{"not_picked":["PathToVictory","Collect"],"picked":"FollowUp","floor":2},{"not_picked":["EmptyFist","Tantrum"],"picked":"Prostrate","floor":5},{"not_picked":["Halt","ThirdEye","JustLucky"],"picked":"SKIP","floor":7},{"not_picked":["Prostrate","WaveOfTheHand"],"picked":"LessonLearned","floor":8},{"not_picked":["ThirdEye","CutThroughFate","Consecrate"],"picked":"SKIP","floor":10},{"not_picked":["BowlingBash","Crescendo","LikeWater"],"picked":"SKIP","floor":12}],"player_experience":2114501,"relics_obtained":[{"floor":7,"key":"Gambling Chip"},{"floor":9,"key":"Kunai"}],"event_choices":[{"damage_healed":0,"gold_gain":0,"player_choice":"Donut","damage_taken":0,"max_hp_gain":5,"max_hp_loss":0,"event_name":"Big Fish","floor":3,"gold_loss":0},{"damage_healed":0,"gold_gain":0,"player_choice":"Grow","damage_taken":0,"max_hp_gain":0,"max_hp_loss":0,"event_name":"Living Wall","floor":4,"gold_loss":0,"cards_upgraded":["Magnetism"]}],"is_beta":false,"boss_relics":[],"items_purged_floors":[],"is_endless":false,"potions_floor_spawned":[5,7],"killed_by":"Gremlin Nob","ascension_level":13}}