{"host":"b995t17pt6d05w8c","time":1610031894,"event":{"mods":["AchievementEnabler","BaseMod","Colored Map","Minty Spire (QoL Compilation)","SuperFastMode"],"gold_per_floor":[110,123,123,48,48,48,62,62,62,62,73,99,119,138,138,238,238,252,252,266,277,293,293,307,307,307,307,327,43,77,77,77,180,180,197,197,247,266,281,281,308,326,326,343,343,394,19,30,30,30],"floor_reached":51,"playtime":1848,"items_purged":["Strike_R","Strike_R+1"],"score":1264,"play_id":"623fde05-ed3c-45dd-824c-dac00b9d4724","local_time":"20210108000454","is_ascension_mode":true,"campfire_choices":[{"data":"Seeing Red","floor":6.0,"key":"SMITH"},{"data":"Cleave","floor":15.0,"key":"SMITH"},{"data":"Evolve","floor":23.0,"key":"SMITH"},{"floor":25.0,"key":"REST"},{"data":"Feel No Pain","floor":27.0,"key":"SMITH"},{"floor":32.0,"key":"REST"},{"data":"Ghostly","floor":40.0,"key":"SMITH"},{"data":"Ghostly","floor":45.0,"key":"SMITH"},{"data":"Ghostly","floor":49,"key":"SMITH"}],"circlet_count":0,"master_deck":["Defend_R+1","Defend_R+1","Defend_R+1","Defend_R+1","Bash","Cleave+1","Seeing Red+1","Shrug It Off","Evolve+1","Barricade","Feel No Pain+1","Armaments+1","Power Through","Body Slam","Impervious","Fire Breathing","Ghostly","Ghostly+1","Ghostly+1","Ghostly","Ghostly+1","Corruption","Entrench","Second Wind+1","Sentinel"],"relics":["Burning Blood","Oddly Smooth Stone","Regal Pillow","Snecko Eye","Du-Vu Doll","The Courier","Empty Cage","Pocketwatch","Dream Catcher","White Beast Statue","Bird Faced Urn","ClockworkSouvenir","Sundial"],"acts_visited":["Exordium","TheCity","TheBeyond"],"potions_floor_usage":[50],"damage_taken":[{"damage":11.0,"enemies":"Jaw Worm","floor":1.0,"turns":6.0},{"damage":11.0,"enemies":"Small Slimes","floor":2.0,"turns":3.0},{"damage":1.0,"enemies":"Cultist","floor":7.0,"turns":3.0},{"damage":28.0,"enemies":"Large Slime","floor":11.0,"turns":7.0},{"damage":8.0,"enemies":"Gremlin Nob","floor":12.0,"turns":3.0},{"damage":15.0,"enemies":"Exordium Wildlife","floor":13.0,"turns":6.0},{"damage":7.0,"enemies":"Red Slaver","floor":14.0,"turns":6.0},{"damage":32.0,"enemies":"Slime Boss","floor":16.0,"turns":11.0},{"damage":0.0,"enemies":"3 Byrds","floor":18.0,"turns":6.0},{"damage":0.0,"enemies":"Spheric Guardian","floor":20.0,"turns":4.0},{"damage":12.0,"enemies":"Centurion and Healer","floor":21.0,"turns":9.0},{"damage":37.0,"enemies":"Sentry and Sphere","floor":22.0,"turns":9.0},{"damage":12.0,"enemies":"Chosen and Byrds","floor":24.0,"turns":10.0},{"damage":18.0,"enemies":"Cultist and Chosen","floor":28.0,"turns":6.0},{"damage":42.0,"enemies":"Slavers","floor":30.0,"turns":8.0},{"damage":39.0,"enemies":"Champ","floor":33.0,"turns":15.0},{"damage":0.0,"enemies":"3 Darklings","floor":35.0,"turns":9.0},{"damage":0.0,"enemies":"Mind Bloom Boss Battle","floor":37.0,"turns":5.0},{"damage":0.0,"enemies":"Orb Walker","floor":38.0,"turns":5.0},{"damage":0.0,"enemies":"Transient","floor":39.0,"turns":5.0},{"damage":12.0,"enemies":"Nemesis","floor":41.0,"turns":7.0},{"damage":0.0,"enemies":"4 Shapes","floor":42.0,"turns":7.0},{"damage":1.0,"enemies":"Writhing Mass","floor":44.0,"turns":8.0},{"damage":2.0,"enemies":"2 Orb Walkers","floor":46.0,"turns":6.0},{"damage":2.0,"enemies":"Jaw Worm Horde","floor":48.0,"turns":7.0},{"damage":0,"enemies":"Awakened One","floor":50,"turns":4}],"seed_played":"1796102965582094229","potions_obtained":[{"floor":2.0,"key":"DistilledChaos"},{"floor":11.0,"key":"Explosive Potion"},{"floor":18.0,"key":"Explosive Potion"},{"floor":21.0,"key":"AttackPotion"},{"floor":28.0,"key":"Weak Potion"},{"floor":33.0,"key":"Explosive Potion"},{"floor":38.0,"key":"SteroidPotion"},{"floor":42.0,"key":"EssenceOfSteel"},{"floor":44.0,"key":"Swift Potion"},{"floor":46.0,"key":"ElixirPotion"},{"floor":48.0,"key":"PowerPotion"}],"is_trial":false,"path_per_floor":["M","M","?","$","?","R","M","?","T","$","M","E","M","M","R","B",null,"M","?","M","M","M","R","M","R","T","R","M","$","E","?","R","B",null,"M","$","?","M","M","R","E","M","T","M","R","?","$","M","R","B",null],"character_chosen":"IRONCLAD","items_purchased":["Body Slam","Impervious","Sentinel","ClockworkSouvenir","Sundial"],"campfire_rested":2,"item_purchase_floors":[29,29,47,47,47],"current_hp_per_floor":[75,70,70,70,70,70,75,68,68,68,46,44,35,34,34,8,62,68,68,74,68,37,37,31,70,70,70,58,58,22,22,40,7,32,38,38,40,40,40,40,34,40,40,40,40,40,40,40,40,40],"gold":30,"neow_bonus":"ONE_RANDOM_RARE_CARD","is_daily":false,"chose_seed":false,"campfire_upgraded":7,"win_rate":0.0,"timestamp":1610031894,"path_taken":["M","M","?","$","?","R","?","?","T","?","?","E","M","M","R","BOSS","M","?","M","M","M","R","M","R","T","R","M","$","E","?","R","BOSS","M","$","?","M","M","R","E","M","T","M","R","?","$","M","R","BOSS"],"items_purchased_type":["Card","Card","Card","Relic","Relic"],"build_version":"2020-12-22","purchased_purges":2,"victory":true,"max_hp_per_floor":[80,80,80,80,80,80,80,80,80,80,80,80,80,80,80,80,80,80,80,80,80,80,80,80,80,80,80,80,80,80,40,40,40,40,40,40,40,40,40,40,40,40,40,40,40,40,40,40,40,40],"card_choices":[{"not_picked":["Clash","Iron Wave"],"picked":"Cleave","floor":1.0},{"not_picked":["True Grit","Sword Boomerang"],"picked":"Seeing Red","floor":2.0},{"not_picked":["Anger","Sword Boomerang","Whirlwind"],"picked":"SKIP","floor":7.0},{"not_picked":["Bloodletting","Warcry","Havoc"],"picked":"SKIP","floor":11.0},{"not_picked":["Flame Barrier","Seeing Red"],"picked":"Shrug It Off","floor":12.0},{"not_picked":["Spot Weakness","Sword Boomerang","Flex"],"picked":"SKIP","floor":13.0},{"not_picked":["Clothesline","Pommel Strike"],"picked":"Evolve","floor":14.0},{"not_picked":["Juggernaut","Demon Form"],"picked":"Barricade","floor":16.0},{"not_picked":["Wild Strike","Shrug It Off"],"picked":"Feel No Pain","floor":18.0},{"not_picked":["Feel No Pain","Twin Strike"],"picked":"Armaments+1","floor":20.0},{"not_picked":["Heavy Blade","Fiend Fire","True Grit"],"picked":"SKIP","floor":21.0},{"not_picked":["Hemokinesis","Armaments","Cleave"],"picked":"SKIP","floor":22.0},{"not_picked":["Shrug It Off","Dual Wield","Havoc+1"],"picked":"SKIP","floor":24.0},{"not_picked":["Cleave","Clash"],"picked":"Power Through","floor":28.0},{"not_picked":["Sentinel","Clash"],"picked":"Fire Breathing","floor":30.0},{"not_picked":["Double Tap","Berserk"],"picked":"Corruption","floor":33.0},{"not_picked":["Armaments","Flex","Perfected Strike+1"],"picked":"SKIP","floor":35.0},{"not_picked":["Clothesline","Flex"],"picked":"Entrench","floor":38.0},{"not_picked":["Thunderclap+1","Iron Wave","Armaments+1"],"picked":"SKIP","floor":39.0},{"not_picked":["Fire Breathing","Reckless Charge+1","Bludgeon"],"picked":"SKIP","floor":41.0},{"not_picked":["Headbutt","Sword Boomerang","Armaments+1"],"picked":"SKIP","floor":42.0},{"not_picked":["Thunderclap+1","Havoc+1","Headbutt"],"picked":"SKIP","floor":44.0},{"not_picked":["Headbutt+1","Reaper"],"picked":"Second Wind+1","floor":46.0},{"not_picked":["Pommel Strike","Twin Strike","Wild Strike"],"picked":"SKIP","floor":48.0}],"player_experience":42379,"relics_obtained":[{"floor":9.0,"key":"Oddly Smooth Stone"},{"floor":12.0,"key":"Regal Pillow"},{"floor":26.0,"key":"Du-Vu Doll"},{"floor":30.0,"key":"The Courier"},{"floor":37.0,"key":"Pocketwatch"},{"floor":41.0,"key":"Dream Catcher"},{"floor":43.0,"key":"White Beast Statue"},{"floor":46.0,"key":"Bird Faced Urn"}],"event_choices":[{"damage_healed":0.0,"max_hp_gain":0.0,"max_hp_loss":0.0,"gold_gain":0.0,"event_name":"Liars Game","player_choice":"Ignored","floor":3.0,"gold_loss":0.0,"damage_taken":0.0},{"cards_removed":["Brutality"],"damage_healed":0.0,"max_hp_gain":0.0,"max_hp_loss":0.0,"gold_gain":0.0,"event_name":"Purifier","player_choice":"Purged","floor":5.0,"gold_loss":0.0,"damage_taken":0.0},{"cards_removed":["Strike_R"],"damage_healed":0.0,"max_hp_gain":0.0,"max_hp_loss":0.0,"gold_gain":0.0,"event_name":"Golden Wing","player_choice":"Card Removal","floor":8.0,"gold_loss":0.0,"damage_taken":7.0},{"damage_healed":0.0,"max_hp_gain":0.0,"max_hp_loss":0.0,"gold_gain":0.0,"event_name":"Back to Basics","player_choice":"Simplicity","floor":19.0,"gold_loss":0.0,"damage_taken":0.0,"cards_upgraded":["Strike_R","Strike_R","Strike_R","Defend_R","Defend_R","Defend_R","Defend_R"]},{"damage_healed":0.0,"max_hp_gain":0.0,"max_hp_loss":40.0,"gold_gain":0.0,"event_name":"Ghosts","player_choice":"Became a Ghost","floor":31.0,"gold_loss":0.0,"damage_taken":0.0,"cards_obtained":["Ghostly","Ghostly","Ghostly","Ghostly","Ghostly"]},{"damage_healed":0.0,"max_hp_gain":0.0,"max_hp_loss":0.0,"gold_gain":0.0,"event_name":"MindBloom","player_choice":"Fight","floor":37.0,"gold_loss":0.0,"damage_taken":0.0},{"damage_healed":0.0,"max_hp_gain":0.0,"max_hp_loss":0.0,"gold_gain":0.0,"event_name":"Mysterious Sphere","player_choice":"Fight","floor":46.0,"gold_loss":0.0,"damage_taken":0.0}],"is_beta":false,"boss_relics":[{"not_picked":["Sozu","Pandora\u0027s Box"],"picked":"Snecko Eye"},{"not_picked":["SacredBark","Busted Crown"],"picked":"Empty Cage"}],"items_purged_floors":[4,29],"is_endless":false,"potions_floor_spawned":[2,11,18,21,28,33,38,42,44,46,48],"ascension_level":5}}