{"host":"tajvl4a2h5uddv3z","time":1610012811,"event":{"mods":["BaseMod","LagranYue(©Ô®æ®Ô¡P¤ë)","Marisa¡]Ãú«B¡@Å]²z¨F¡^","Minty Spire (QoL Compilation)","The Servant 0.9.4","Youmu¡]»î¾z§¯?¡^"],"gold_per_floor":[13,13,288,300,315,315,315,329,354,370,370,409,409,443,443,567,567,583,384,384,405,405,405,405,441,468,515,289,289,289],"floor_reached":29,"playtime":936,"items_purged":[],"score":383,"play_id":"dde75934-389c-489d-a456-1739b168ad63","local_time":"20210107174650","is_ascension_mode":true,"campfire_choices":[{"data":"Fire Breathing","floor":11,"key":"SMITH"},{"data":"Warcry","floor":13,"key":"SMITH"},{"floor":15,"key":"REST"},{"data":"Armaments","floor":23,"key":"SMITH"}],"circlet_count":0,"master_deck":["Strike_R","Strike_R","Strike_R","Strike_R","Strike_R","Defend_R","Defend_R","Defend_R","Defend_R","Bash+1","Fire Breathing+1","Regret","Power Through","Cleave","Power Through","Sword Boomerang","Warcry+1","Perfected Strike","Immolate","Thunderclap+1","Fire Breathing+1","Armaments+1","Evolve","Pommel Strike+1","Wild Strike","Cleave+1"],"relics":["Burning Blood","LagranYue:RandomDrawCardRelic","Charon\u0027s Ashes","Golden Idol","MealTicket","Art of War","InkBottle","Sozu","DollysMirror","Mercury Hourglass","WingedGreaves","MawBank","Bottled Lightning","Toxic Egg 2"],"acts_visited":["Exordium","TheCity"],"potions_floor_usage":[12,14,25],"damage_taken":[{"damage":3,"enemies":"2 Louse","floor":1,"turns":3},{"damage":4,"enemies":"Small Slimes","floor":4,"turns":3},{"damage":11,"enemies":"Cultist","floor":5,"turns":4},{"damage":8,"enemies":"3 Louse","floor":8,"turns":3},{"damage":3,"enemies":"Looter","floor":10,"turns":4},{"damage":8,"enemies":"3 Sentries","floor":12,"turns":5},{"damage":22,"enemies":"Gremlin Nob","floor":14,"turns":4},{"damage":4,"enemies":"Slime Boss","floor":16,"turns":7},{"damage":14,"enemies":"Spheric Guardian","floor":18,"turns":4},{"damage":13,"enemies":"2 Thieves","floor":21,"turns":3},{"damage":19,"enemies":"Book of Stabbing","floor":25,"turns":5},{"damage":56,"enemies":"Gremlin Leader","floor":27,"turns":6},{"damage":28,"enemies":"Slavers","floor":29,"turns":2}],"seed_played":"1876949761987971572","potions_obtained":[{"floor":10,"key":"Dexterity Potion"},{"floor":12,"key":"DuplicationPotion"},{"floor":16,"key":"ColorlessPotion"}],"is_trial":false,"path_per_floor":["M","?","?","M","M","?","?","M","T","M","R","E","R","E","R","B",null,"M","$","?","M","?","R","T","E","T","E","$","E"],"character_chosen":"IRONCLAD","items_purchased":["DollysMirror","Armaments","Toxic Egg 2"],"campfire_rested":1,"item_purchase_floors":[19,19,28],"current_hp_per_floor":[80,80,80,80,75,55,48,46,46,49,49,47,47,31,55,57,80,72,80,80,73,73,73,73,60,60,10,25,0,0],"gold":289,"neow_bonus":"ONE_RARE_RELIC","is_daily":false,"chose_seed":false,"campfire_upgraded":3,"win_rate":0.0,"timestamp":1610012810,"path_taken":["M","?","?","M","?","?","?","M","T","M","R","E","R","E","R","BOSS","M","$","?","M","?","R","?","E","T","E","?","E"],"items_purchased_type":["Relic","Card","Relic"],"build_version":"2020-12-22","purchased_purges":0,"victory":false,"max_hp_per_floor":[80,80,80,80,80,80,80,80,80,80,80,80,80,80,80,80,80,80,80,80,80,80,80,80,80,80,80,80,80,80],"card_choices":[{"not_picked":["Anger","Iron Wave"],"picked":"Fire Breathing","floor":1},{"not_picked":["Havoc","Shrug It Off"],"picked":"Power Through","floor":4},{"not_picked":["Twin Strike","Havoc"],"picked":"Cleave","floor":5},{"not_picked":["Pommel Strike","Pummel"],"picked":"Power Through","floor":8},{"not_picked":["Searing Blow","Rage"],"picked":"Sword Boomerang","floor":10},{"not_picked":["Bloodletting","Seeing Red"],"picked":"Warcry","floor":12},{"not_picked":["Clash","Hemokinesis"],"picked":"Perfected Strike","floor":14},{"not_picked":["Reaper","Impervious"],"picked":"Immolate","floor":16},{"not_picked":["Anger","Headbutt"],"picked":"Thunderclap+1","floor":18},{"not_picked":["Headbutt+1","Disarm"],"picked":"Pommel Strike+1","floor":21},{"not_picked":["Rupture","Twin Strike"],"picked":"Wild Strike","floor":25},{"not_picked":["Twin Strike","Headbutt"],"picked":"Cleave+1","floor":27}],"player_experience":157620,"relics_obtained":[{"floor":12,"key":"Art of War"},{"floor":14,"key":"InkBottle"},{"floor":24,"key":"Mercury Hourglass"},{"floor":25,"key":"WingedGreaves"},{"floor":26,"key":"MawBank"},{"floor":27,"key":"Bottled Lightning"}],"event_choices":[{"damage_healed":0,"gold_gain":0,"player_choice":"Grow","damage_taken":0,"max_hp_gain":0,"max_hp_loss":0,"event_name":"Living Wall","floor":2,"gold_loss":0,"cards_upgraded":["Bash"]},{"damage_healed":0,"gold_gain":275,"player_choice":"Desecrate","damage_taken":0,"max_hp_gain":0,"max_hp_loss":0,"event_name":"Golden Shrine","floor":3,"gold_loss":0,"cards_obtained":["Regret"]},{"damage_healed":0,"gold_gain":0,"player_choice":"Take Damage","damage_taken":20,"relics_obtained":["Golden Idol"],"max_hp_gain":0,"max_hp_loss":0,"event_name":"Golden Idol","floor":6,"gold_loss":0},{"damage_healed":0,"gold_gain":0,"player_choice":"Success","damage_taken":7,"relics_obtained":["MealTicket"],"max_hp_gain":0,"max_hp_loss":0,"event_name":"Scrap Ooze","floor":7,"gold_loss":0},{"damage_healed":0,"gold_gain":0,"player_choice":"Read","damage_taken":0,"max_hp_gain":0,"max_hp_loss":0,"event_name":"The Library","floor":20,"gold_loss":0,"cards_obtained":["Evolve"]},{"damage_healed":0,"gold_gain":0,"player_choice":"Ignored","damage_taken":0,"max_hp_gain":0,"max_hp_loss":0,"event_name":"Ghosts","floor":22,"gold_loss":0}],"is_beta":false,"boss_relics":[{"not_picked":["Ectoplasm","Black Blood"],"picked":"Sozu"}],"items_purged_floors":[],"is_endless":false,"potions_floor_spawned":[10,12,16,18],"killed_by":"Slavers","ascension_level":4}}