{"host":"raaimkojny05jekw","time":1610003126,"event":{"mods":["AchievementEnabler","BaseMod","Colored Map","Colored Powertips","DeckTracker","Minty Spire (QoL Compilation)","Quick Restart","Rare Cards Sparkle","everything is the same but u backflip on backflip"],"gold_per_floor":[216,227,239,255,42,42,72,72,125,125,40,50,62,62,62,139,139,150,166,166,166,166,166],"floor_reached":22,"playtime":881,"items_purged":["Strike_G"],"score":372,"play_id":"0720f907-408a-4b6f-9610-d22c2815dda3","local_time":"20210107160526","is_ascension_mode":true,"campfire_choices":[{"data":"Blade Dance","floor":6,"key":"SMITH"},{"data":"A Thousand Cuts","floor":8,"key":"SMITH"},{"data":"Leg Sweep","floor":10,"key":"SMITH"},{"data":"Envenom","floor":15,"key":"SMITH"}],"circlet_count":0,"master_deck":["AscendersBane","Strike_G","Strike_G","Strike_G","Strike_G","Defend_G","Defend_G","Defend_G","Defend_G","Defend_G","Survivor","Neutralize","Leg Sweep+1","Quick Slash","Deflect","Blade Dance+1","Accuracy","Flying Knee","A Thousand Cuts+1","Envenom+1","Dodge and Roll+1","Storm of Steel+1","CurseOfTheBell","Blade Dance+1","Escape Plan+1"],"relics":["Ring of the Snake","Toxic Egg 2","Smiling Mask","Calling Bell","Centennial Puzzle","Eternal Feather","Turnip"],"acts_visited":["Exordium","TheCity"],"potions_floor_usage":[4,7,13,16,19],"damage_taken":[{"damage":8,"enemies":"Jaw Worm","floor":1,"turns":5},{"damage":5,"enemies":"Small Slimes","floor":2,"turns":5},{"damage":0,"enemies":"2 Louse","floor":3,"turns":4},{"damage":3,"enemies":"Looter","floor":4,"turns":5},{"damage":13,"enemies":"Lagavulin","floor":7,"turns":8},{"damage":1,"enemies":"3 Louse","floor":12,"turns":5},{"damage":4,"enemies":"Lots of Slimes","floor":13,"turns":5},{"damage":16,"enemies":"Hexaghost","floor":16,"turns":9},{"damage":22,"enemies":"3 Byrds","floor":18,"turns":5},{"damage":11,"enemies":"Shell Parasite","floor":19,"turns":7},{"damage":26,"enemies":"3 Cultists","floor":22,"turns":4}],"seed_played":"5139708595507860829","potions_obtained":[{"floor":1,"key":"Explosive Potion"},{"floor":4,"key":"Poison Potion"},{"floor":7,"key":"FairyPotion"},{"floor":12,"key":"GhostInAJar"},{"floor":13,"key":"GamblersBrew"},{"floor":18,"key":"GamblersBrew"}],"is_trial":false,"path_per_floor":["M","M","M","M","$","R","E","R","T","R","$","M","M","?","R","B",null,"M","M","?","?","M"],"character_chosen":"THE_SILENT","items_purchased":["Accuracy","Flying Knee","Envenom"],"campfire_rested":0,"item_purchase_floors":[5,5,11],"current_hp_per_floor":[51,46,46,43,43,43,30,30,30,30,30,29,25,25,25,9,52,30,19,19,1,0,0],"gold":166,"neow_bonus":"HUNDRED_GOLD","is_daily":false,"chose_seed":false,"campfire_upgraded":4,"win_rate":0.0,"timestamp":1610003126,"path_taken":["M","M","M","M","$","R","E","R","T","R","$","M","M","?","R","BOSS","M","M","?","?","M"],"items_purchased_type":["Card","Card","Card"],"build_version":"2020-12-22","purchased_purges":1,"victory":false,"max_hp_per_floor":[66,66,66,66,66,66,66,66,66,66,66,66,66,66,66,66,66,66,66,66,71,71,71],"card_choices":[{"not_picked":["Caltrops","Underhanded Strike"],"picked":"Leg Sweep","floor":1},{"not_picked":["Leg Sweep","Bane"],"picked":"Quick Slash","floor":2},{"not_picked":["Prepared","PiercingWail"],"picked":"Deflect","floor":3},{"not_picked":["Outmaneuver","Dodge and Roll"],"picked":"Blade Dance","floor":4},{"not_picked":["Slice","Bane"],"picked":"A Thousand Cuts","floor":7},{"not_picked":["Underhanded Strike","Predator"],"picked":"Dodge and Roll+1","floor":12},{"not_picked":["Eviscerate","Dagger Throw","Poisoned Stab"],"picked":"SKIP","floor":13},{"not_picked":["Envenom","Die Die Die"],"picked":"Storm of Steel+1","floor":16},{"not_picked":["Backflip+1","Sucker Punch"],"picked":"Blade Dance+1","floor":18},{"not_picked":["Heel Hook","Dodge and Roll+1"],"picked":"Escape Plan+1","floor":19}],"player_experience":729385,"relics_obtained":[{"floor":7,"key":"Toxic Egg 2"},{"floor":9,"key":"Smiling Mask"},{"floor":17,"key":"Centennial Puzzle"},{"floor":17,"key":"Eternal Feather"},{"floor":17,"key":"Turnip"}],"event_choices":[{"damage_healed":0,"gold_gain":0,"player_choice":"Searched \u00271\u0027 times","damage_taken":0,"max_hp_gain":0,"max_hp_loss":0,"event_name":"Dead Adventurer","floor":14,"gold_loss":0},{"damage_healed":0,"gold_gain":0,"player_choice":"Ignored","damage_taken":0,"max_hp_gain":0,"max_hp_loss":0,"event_name":"Ghosts","floor":20,"gold_loss":0},{"damage_healed":0,"gold_gain":0,"player_choice":"Shed Blood","damage_taken":23,"max_hp_gain":5,"max_hp_loss":0,"event_name":"Forgotten Altar","floor":21,"gold_loss":0}],"is_beta":false,"boss_relics":[{"not_picked":["Snecko Eye","Ectoplasm"],"picked":"Calling Bell"}],"items_purged_floors":[5],"is_endless":false,"potions_floor_spawned":[1,4,7,12,13,18],"killed_by":"3 Cultists","ascension_level":20}}