{"host":"s9mizfpm0ux1oq2e","time":1610013349,"event":{"mods":["Aspiration","BaseMod","Downfall","Minty Spire (QoL Compilation)","Permanent Neow","Replay The Spire","StSLib","SuperFastMode"],"gold_per_floor":[0,14,31,181,193,193,217,228,228,244,244,244,244,244,254,164,180,284,284,284,303,303,114,130,130,183,183,43,43,69,89,101,131,150,249,249,249,263,274,285,160,178,178,178,178,178,197,224,224,224,80,97,116,116],"floor_reached":55,"playtime":3507,"items_purged":["Slimebound:Icky","hexamod:Defend","hexamod:Strike","octo:OctoNothing","hexamod:Strike"],"score":808,"play_id":"343688bd-4b94-4f9d-9e9a-91dd28df8f43","local_time":"25640107165549","is_ascension_mode":false,"campfire_choices":[{"data":"hexamod:Sear","floor":1,"key":"SMITH"},{"data":"hexamod:Rewind","floor":6,"key":"SMITH"},{"data":"hexamod:Hexaguard","floor":11,"key":"SMITH"},{"data":"hexamod:Defend","floor":20,"key":"PURGE"},{"data":"hexamod:Again","floor":25,"key":"SMITH"},{"data":"hexamod:EmpoweringStance","floor":27,"key":"SMITH"},{"floor":37,"key":"DIG"},{"floor":46,"key":"RECALL"},{"floor":49,"key":"REST"}],"circlet_count":0,"master_deck":["hexamod:Strike","hexamod:Defend","hexamod:Sear+1","hexamod:Float","hexamod:Rewind+1","hexamod:FlamesFromBeyond","hexamod:Hexaguard+1","hexamod:FourthSeal","hexamod:TimeOfNeed+1","hexamod:EmpoweringStance+1","hexamod:Again+1","FIFO Queue","hexamod:PhantomCloak+1","Streamline+1","hexamod:EmpoweringStance","Panic Button","Turbo+1","hexamod:EmpoweringStance+1","hexamod:Rewind+1","hexamod:CatchUp+1","hexamod:PowerFromBeyond+1","hexamod:SixthSeal","Loop+1","hexamod:GhostOfSpirePresent","hexamod:RecurringNightmare+1","Creative AI"],"relics":["hexamod:SpiritBrand","Pocketwatch","Vajra","aspiration:DefectSkillbook","Bag of Preparation","Replay:PocketPolymizer","Replay:Mystery Machine","aspiration:Stellarator","FossilizedHelix","Prayer Wheel","Pet Ghost","aspiration:StickyExplosives_weak","Happy Flower"],"acts_visited":["Exordium","TheCity","TheBeyond"],"potions_floor_usage":[21,30,31,33,48,48],"damage_taken":[{"damage":0,"enemies":"2 Louse","floor":2,"turns":2},{"damage":0,"enemies":"Small Slimes","floor":3,"turns":4},{"damage":0,"enemies":"Jaw Worm","floor":5,"turns":3},{"damage":4,"enemies":"Exordium Thugs","floor":8,"turns":3},{"damage":1,"enemies":"2 Fungi Beasts","floor":10,"turns":3},{"damage":0,"enemies":"Blue Slaver","floor":15,"turns":4},{"damage":0,"enemies":"downfall:FleeingMerchant","floor":16,"turns":4},{"damage":3,"enemies":"Exordium Thugs","floor":17,"turns":5},{"damage":26,"enemies":"downfall:Ironclad","floor":18,"turns":10},{"damage":2,"enemies":"3 Byrds","floor":21,"turns":4},{"damage":0,"enemies":"downfall:FleeingMerchant","floor":23,"turns":4},{"damage":0,"enemies":"Spheric Guardian","floor":24,"turns":5},{"damage":0,"enemies":"downfall:FleeingMerchant","floor":28,"turns":4},{"damage":0,"enemies":"Gremlin Leader","floor":30,"turns":6},{"damage":0,"enemies":"Centurion and Healer","floor":31,"turns":4},{"damage":0,"enemies":"Snecko","floor":32,"turns":4},{"damage":13,"enemies":"Slavers","floor":33,"turns":6},{"damage":3,"enemies":"Sentry and Sphere","floor":34,"turns":4},{"damage":6,"enemies":"downfall:Silent","floor":35,"turns":7},{"damage":8,"enemies":"3 Darklings","floor":38,"turns":5},{"damage":0,"enemies":"3 Shapes","floor":39,"turns":4},{"damage":0,"enemies":"Sphere and 2 Shapes","floor":40,"turns":6},{"damage":0,"enemies":"downfall:FleeingMerchant","floor":41,"turns":4},{"damage":0,"enemies":"4 Shapes","floor":42,"turns":6},{"damage":13,"enemies":"Maw","floor":47,"turns":6},{"damage":28,"enemies":"Reptomancer","floor":48,"turns":7},{"damage":0,"enemies":"Transient","floor":52,"turns":5},{"damage":7,"enemies":"Jaw Worm Horde","floor":53,"turns":5},{"damage":0,"enemies":"downfall:Watcher","floor":54,"turns":7}],"seed_played":"7731020988562424363","potions_obtained":[{"floor":3,"key":"ColorlessPotion"},{"floor":5,"key":"hexamod:EctoCoolerPotion"},{"floor":10,"key":"SmokeBomb"},{"floor":15,"key":"Reflective Coating"},{"floor":18,"key":"BlessingOfTheForge"},{"floor":21,"key":"ColorlessPotion"},{"floor":30,"key":"DuplicationPotion"},{"floor":31,"key":"SpeedPotion"},{"floor":32,"key":"Guardian:BlockOnCardUsePotion"},{"floor":33,"key":"PowerPotion"},{"floor":34,"key":"Energy Potion"},{"floor":38,"key":"Elixir"},{"floor":40,"key":"Dexterity Potion"},{"floor":48,"key":"Flashbang"},{"floor":48,"key":"BlessingOfTheForge"},{"floor":52,"key":"hexamod:DoubleChargePotion"}],"is_trial":false,"path_per_floor":["R","M","M","?","M","R","T","M","?","M","R","?","PTL","PTL","M","$","M","B",null,"R","M","?","$","M","R","T","R","$","?","E","M","M","E","M","B",null,"R","M","M","M","$","M","PTL","PTL","T","R","M","E","R","?","$","M","M","B",null],"character_chosen":"THE_SPIRIT","items_purchased":["hexamod:PhantomCloak","Pet Ghost","Happy Flower"],"campfire_rested":1,"item_purchase_floors":[23,41,51],"current_hp_per_floor":[70,70,70,70,70,70,70,66,66,65,65,65,65,65,65,65,62,36,70,70,68,68,68,68,68,68,68,68,70,70,70,70,57,54,48,70,70,62,62,62,62,62,62,62,62,62,49,21,42,61,61,61,54,54],"gold":116,"neow_bonus":"ONE_RARE_RELIC","is_daily":false,"chose_seed":false,"campfire_upgraded":5,"win_rate":0.0,"timestamp":1610013349,"path_taken":["R","M","M","?","M","R","T","M","?","M","R","?","PTL","PTL","M","$","M","BOSS","R","M","?","$","M","R","T","R","$","?","E","M","?","E","M","BOSS","R","M","M","M","$","M","PTL","PTL","T","R","M","E","R","?","$","M","M","BOSS"],"items_purchased_type":["Card","Relic","Relic"],"build_version":"2020-12-22","purchased_purges":5,"victory":true,"max_hp_per_floor":[70,70,70,70,70,70,70,70,70,70,70,70,70,70,70,70,70,70,70,70,70,70,70,70,70,70,70,70,70,70,70,70,70,70,70,70,70,70,70,70,70,70,70,70,70,70,70,70,70,61,61,61,61,61],"card_choices":[{"not_picked":["hexamod:RainOfEmbers","hexamod:SkipABeat"],"picked":"hexamod:Rewind","floor":2},{"not_picked":["hexamod:Rewind","hexamod:GhostOfSpirePresent"],"picked":"hexamod:FlamesFromBeyond","floor":3},{"not_picked":["hexamod:ThermalTransfer","hexamod:GhostShield"],"picked":"hexamod:Hexaguard","floor":5},{"not_picked":["hexamod:ShieldOfDarkness","hexamod:ThermalTransfer","hexamod:HeatShield"],"picked":"SKIP","floor":8},{"not_picked":["hexamod:NightmareStrike","hexamod:SpectersWail"],"picked":"hexamod:FourthSeal","floor":10},{"not_picked":["hexamod:GhostLash","hexamod:RainOfEmbers"],"picked":"hexamod:TimeOfNeed","floor":15},{"not_picked":["hexamod:ExtraCrispy","hexamod:RadiantFlame","hexamod:HauntingEcho"],"picked":"SKIP","floor":16},{"not_picked":["hexamod:Hexaguard","hexamod:Firestarter","hexamod:InspiringFlames"],"picked":"SKIP","floor":17},{"not_picked":["hexamod:GhostflameInferno","hexamod:TurnItUp"],"picked":"hexamod:EmpoweringStance","floor":18},{"not_picked":["Streamline","hexamod:BurningTouch","Double Energy"],"picked":"hexamod:Again","floor":21},{"not_picked":["hexamod:SearingWound","BootSequence","hexamod:SwordOfDarkness"],"picked":"FIFO Queue","floor":23},{"not_picked":["hexamod:Firestarter","hexamod:SpectralAdrenaline","Cold Snap","Steam"],"picked":"SKIP","floor":24},{"not_picked":["Time Bomb","hexamod:ShieldOfDarkness","Compile Driver"],"picked":"Streamline+1","floor":28},{"not_picked":["Glacier","Consume","BasicCrystalCard"],"picked":"hexamod:EmpoweringStance","floor":30},{"not_picked":["hexamod:SpectersWail","hexamod:SecondSeal","Chaos+1"],"picked":"Panic Button","floor":31},{"not_picked":["Fusion","Cold Snap","hexamod:GhostLash","Time Bomb"],"picked":"SKIP","floor":32},{"not_picked":["hexamod:AdvancingGuard+1","Reinforced Body","hexamod:BurningTouch+1","aspiration:Polymerization+1"],"picked":"SKIP","floor":33},{"not_picked":["Melter","Sweeping Beam","Redo","Sunder"],"picked":"SKIP","floor":34},{"not_picked":["Thunder Strike","hexamod:WildfireWeapon","Buffer"],"picked":"ReplayTheSpireMod:Fabricate Wheel","floor":35},{"not_picked":["Sunder+1","Coolheaded","Aggregate+1","hexamod:HauntingEcho"],"picked":"SKIP","floor":38},{"not_picked":["ReplayTheSpireMod:System Scan","Redo+1","hexamod:AdvancingGuard","hexamod:Firestarter+1"],"picked":"SKIP","floor":38},{"not_picked":["Skim","Reprogram","hexamod:InspiringFlames+1"],"picked":"Turbo+1","floor":39},{"not_picked":["Defragment","Hologram","White Noise"],"picked":"hexamod:EmpoweringStance","floor":39},{"not_picked":["Turbo+1","Coolheaded","Redo"],"picked":"hexamod:Rewind","floor":40},{"not_picked":["hexamod:GhostOfSpireFuture","Streamline","ReplayGash+1"],"picked":"hexamod:CatchUp+1","floor":40},{"not_picked":["hexamod:BurningTouch","Steam Power","hexamod:ChargedBarrage+1","hexamod:ExtraCrispy+1"],"picked":"SKIP","floor":41},{"not_picked":["Barrage","Redo+1","hexamod:HeatMetal","hexamod:GhostShield+1"],"picked":"SKIP","floor":42},{"not_picked":["hexamod:FirstSeal","Recycle","Sweeping Beam","hexamod:NightmareGuise+1"],"picked":"SKIP","floor":42},{"not_picked":["hexamod:EmpoweredFlame","Leap+1","hexamod:GhostOfSpireFuture"],"picked":"hexamod:PowerFromBeyond+1","floor":47},{"not_picked":["Cold Snap","hexamod:BacktrackSmack+1","hexamod:ThermalTransfer+1"],"picked":"hexamod:SixthSeal","floor":47},{"not_picked":["hexamod:ParanormalForm","Storm","hexamod:SkipABeat"],"picked":"Loop+1","floor":48},{"not_picked":["Coolheaded+1","ReplayGash+1","hexamod:GhostShield"],"picked":"hexamod:GhostOfSpirePresent","floor":52},{"not_picked":["hexamod:NightmareGuise","hexamod:SpectralAdrenaline","hexamod:AdvancingGuard","hexamod:GhostShield+1"],"picked":"SKIP","floor":52},{"not_picked":["Glacier+1","hexamod:SwordOfDarkness+1","hexamod:PhantomFireball"],"picked":"hexamod:RecurringNightmare+1","floor":53},{"not_picked":["hexamod:GhostShield","hexamod:CatchUp+1","Ball Lightning+1"],"picked":"Creative AI","floor":53}],"player_experience":174276,"relics_obtained":[{"floor":7,"key":"Vajra"},{"floor":26,"key":"Bag of Preparation"},{"floor":30,"key":"Replay:PocketPolymizer"},{"floor":33,"key":"Replay:Mystery Machine"},{"floor":37,"key":"FossilizedHelix"},{"floor":48,"key":"aspiration:StickyExplosives_weak"}],"event_choices":[{"cards_removed":["hexamod:Strike"],"damage_healed":0,"gold_gain":0,"player_choice":"Forget","damage_taken":0,"max_hp_gain":0,"max_hp_loss":0,"event_name":"Living Wall","floor":9,"gold_loss":0}],"is_beta":false,"boss_relics":[{"not_picked":["Honey Jar","Replay:Wanted Poster"],"picked":"aspiration:DefectSkillbook"},{"not_picked":["SlaversCollar","aspiration:RitualDagger"],"picked":"aspiration:Stellarator"}],"items_purged_floors":[16,23,28,41,41],"is_endless":false,"potions_floor_spawned":[3,5,10,18,21,24,31,32,33,35,38,42,48,52],"ascension_level":0}}