{"host":"ds1yr10zonoc6w4a","time":1610060679,"event":{"mods":["BaseMod","Better Match","Better Third Choice","BetterRewards","Minty Spire (QoL Compilation)","StSLib","The Animator"],"gold_per_floor":[122,133,133,143,143,143,68,97,97,97,124,184,184,200,200,286,286,301,115,131,6,25,25,25,25],"floor_reached":24,"playtime":3966,"items_purged":["animator:Strike","animator:Strike","animator:Strike"],"score":377,"play_id":"fba762f4-f390-4a65-b721-104817231279","local_time":"20210107160439","is_ascension_mode":true,"campfire_choices":[{"data":"animator:Sloth","floor":6,"key":"SMITH"},{"data":"animator:SirTouchMe","floor":10,"key":"SMITH"},{"floor":13,"key":"REST"},{"floor":15,"key":"REST"},{"data":"animator:Demiurge","floor":23,"key":"SMITH"}],"circlet_count":0,"master_deck":["AscendersBane","animator:Strike_Overlord","animator:Defend_Overlord","animator:Defend","animator:Defend","animator:Defend","animator:Cocytus","animator:Demiurge+1","animator:Sloth+1","animator:Cocytus","animator:Demiurge","animator:SirTouchMe+1","animator:Biyorigo","animator:Hans","animator:CowGirl","animator:Shalltear","animator:Demiurge"],"relics":["animator:LivingPicture","animator:TheMissingPiece","NeowsBlessing","Orichalcum","Gremlin Horn","animator:AlchemistGlove","animator:CursedGlyph","Pantograph","Coffee Dripper"],"acts_visited":["Exordium","TheCity"],"potions_floor_usage":[8,22],"damage_taken":[{"damage":0,"enemies":"Cultist","floor":1,"turns":1},{"damage":0,"enemies":"Small Slimes","floor":2,"turns":1},{"damage":0,"enemies":"Jaw Worm","floor":4,"turns":1},{"damage":28,"enemies":"Lagavulin","floor":8,"turns":5},{"damage":13,"enemies":"Gremlin Nob","floor":11,"turns":4},{"damage":9,"enemies":"3 Louse","floor":14,"turns":3},{"damage":4,"enemies":"The Guardian","floor":16,"turns":7},{"damage":4,"enemies":"3 Byrds","floor":18,"turns":3},{"damage":0,"enemies":"Chosen","floor":20,"turns":4},{"damage":26,"enemies":"Snake Plant","floor":22,"turns":4},{"damage":29,"enemies":"Book of Stabbing","floor":24,"turns":5}],"seed_played":"1272146059667388477","potions_obtained":[{"floor":1,"key":"PowerPotion"},{"floor":20,"key":"Dexterity Potion"}],"is_trial":false,"path_per_floor":["M","M","?","M","?","R","$","E","T","R","E","?","R","M","R","B",null,"M","$","M","$","M","R","E"],"character_chosen":"THE_ANIMATOR","items_purchased":["animator:Shalltear"],"campfire_rested":2,"item_purchase_floors":[19],"current_hp_per_floor":[54,54,59,59,43,43,43,15,15,15,2,2,20,11,29,50,58,54,54,54,54,28,28,0,0],"gold":25,"neow_bonus":"THREE_ENEMY_KILL","is_daily":false,"chose_seed":false,"campfire_upgraded":3,"win_rate":0.0,"timestamp":1610060679,"path_taken":["M","?","?","M","?","R","$","E","T","R","E","?","R","M","R","BOSS","M","$","M","$","M","R","E"],"items_purchased_type":["Card"],"build_version":"2020-12-22","purchased_purges":3,"victory":false,"max_hp_per_floor":[60,60,65,65,65,65,65,61,61,61,61,61,61,61,61,61,61,61,61,61,61,61,61,61,61],"card_choices":[{"not_picked":["animator:Mitsuba","animator:Vanir"],"picked":"animator:Sloth","floor":1},{"not_picked":["animator:Yoichi","animator:Emonzaemon"],"picked":"animator:Cocytus","floor":2},{"not_picked":["animator:PandorasActor","animator:Azekura"],"picked":"animator:Demiurge","floor":4},{"not_picked":["animator:Demiurge","animator:NarberalGamma"],"picked":"animator:SirTouchMe","floor":8},{"not_picked":["animator:Laby","animator:GuildGirl","animator:ElricAlphonse"],"picked":"SKIP","floor":11},{"not_picked":["animator:TsurugaMeisai","animator:NarberalGamma"],"picked":"animator:Biyorigo","floor":14},{"not_picked":["animator:Albedo","animator:FeridBathory"],"picked":"animator:Hans","floor":16},{"not_picked":["animator:Azekura","animator:Megumin"],"picked":"animator:CowGirl","floor":18},{"not_picked":["animator:Entoma","animator:Cocytus"],"picked":"animator:Demiurge","floor":20},{"not_picked":["animator:ElricAlphonse","animator:Azekura+1","animator:Raven"],"picked":"SKIP","floor":22}],"player_experience":676389,"relics_obtained":[{"floor":8,"key":"animator:AlchemistGlove"},{"floor":8,"key":"animator:CursedGlyph"},{"floor":11,"key":"Pantograph"}],"event_choices":[{"damage_healed":0,"gold_gain":0,"player_choice":"Donut","damage_taken":0,"max_hp_gain":5,"max_hp_loss":0,"event_name":"Big Fish","floor":3,"gold_loss":0},{"damage_healed":0,"gold_gain":1,"player_choice":"Relic Relic ","damage_taken":16,"max_hp_gain":0,"max_hp_loss":0,"event_name":"betterThird:BetterScrap","floor":5,"gold_loss":0,"cards_obtained":["Heel Hook"]},{"damage_healed":0,"gold_gain":60,"player_choice":"Gained Gold","damage_taken":0,"max_hp_gain":0,"max_hp_loss":0,"event_name":"Golden Wing","floor":12,"gold_loss":0}],"is_beta":false,"boss_relics":[{"not_picked":["Runic Dome","Black Star"],"picked":"Coffee Dripper"}],"items_purged_floors":[7,19,21],"is_endless":false,"potions_floor_spawned":[1,20],"killed_by":"Book of Stabbing","ascension_level":17}}