{"host":"7s0ipaqx8m4pdduf","time":1610040354,"event":{"mods":["BaseMod","Better Note","BetterRewards","Colored Map","Downfall","Infinite Spire","Minty Spire (QoL Compilation)","StSLib","SuperFastMode"],"gold_per_floor":[99,114,114,114,114,133,133,167,180,206,206,226,254,12,25,127,127,127,141,155,60,60,60,60,134,189,248,248,248,248,308,360,499,499,499,552,603,284,424,107,107,167,167,222,281,299,299,374,424,424],"floor_reached":51,"playtime":3347,"items_purged":["champ:Strike","champ:Strike"],"score":846,"play_id":"97492d5c-efc1-4110-858b-acd2e419f423","local_time":"20210107182554","is_ascension_mode":false,"campfire_choices":[{"data":"champ:Taunt","floor":1,"key":"SMITH"},{"data":"champ:Devastate","floor":18,"key":"SMITH"},{"data":"infinitespire:NeuralNetwork","floor":30,"key":"SMITH"},{"data":"champ:StrikeOfGenius","floor":35,"key":"SMITH"},{"data":"sneckomod:Bewildered","floor":43,"key":"PURGE"}],"circlet_count":0,"master_deck":["champ:Defend","champ:Defend","champ:Defend","champ:Defend","champ:Execute","champ:Taunt+1","champ:Duel+1","infinitespire:NeuralNetwork+1","champ:ViciousMockery","champ:FightOn","champ:Devastate+1","champ:DancingMaster","champ:MurderStrike","champ:Backstep+1","champ:RisingSlash","champ:BerserkerStyle","champ:Riposte+1","champ:MurderStrike","champ:ShieldWall","champ:Devastate+1","champ:IronFortress+1","champ:StrikeOfGenius+1","champ:StrikeOfGenius","expansioncontent:DashGenerateEvil","champ:DefensiveStyle","champ:Duel+1","champ:FocusedDefense+1"],"relics":["champ:ChampionCrown","infinitespire:Satchel","infinitespire:CheckeredPen","Nunchaku","infinitespire:EmpoweringShard","infinitespire:Bottled Soul","Guardian:BottledAnomaly","infinitespire:Cupcake","downfall:KnowingSkull","Eternal Feather","infinitespire:ShieldingShard","Cursed Key","Peace Pipe","SacredBark","Anchor","Gambling Chip","Toy Ornithopter","Lee\u0027s Waffle","infinitespire:WardingShard","Regal Pillow"],"acts_visited":["Exordium","TheCity","TheBeyond"],"potions_floor_usage":[12,13,25,25,32,38],"damage_taken":[{"damage":5,"enemies":"Small Slimes","floor":2,"turns":3},{"damage":4,"enemies":"2 Louse","floor":6,"turns":4},{"damage":14,"enemies":"Gremlin Nob","floor":8,"turns":4},{"damage":11,"enemies":"Jaw Worm","floor":9,"turns":3},{"damage":23,"enemies":"3 Sentries","floor":10,"turns":9},{"damage":5,"enemies":"Lots of Slimes","floor":12,"turns":4},{"damage":5,"enemies":"Gremlin Nob","floor":13,"turns":3},{"damage":5,"enemies":"downfall:FleeingMerchant","floor":14,"turns":4},{"damage":0,"enemies":"Blue Slaver","floor":15,"turns":2},{"damage":22,"enemies":"downfall:Ironclad","floor":16,"turns":9},{"damage":21,"enemies":"3 Byrds","floor":19,"turns":7},{"damage":0,"enemies":"Spheric Guardian","floor":20,"turns":2},{"damage":10,"enemies":"downfall:FleeingMerchant","floor":21,"turns":4},{"damage":21,"enemies":"Slavers","floor":25,"turns":5},{"damage":17,"enemies":"Snake Plant","floor":26,"turns":2},{"damage":14,"enemies":"Snecko","floor":27,"turns":2},{"damage":0,"enemies":"Shelled Parasite and Fungi","floor":31,"turns":4},{"damage":5,"enemies":"Cultist and Chosen","floor":32,"turns":4},{"damage":9,"enemies":"downfall:Defect","floor":33,"turns":5},{"damage":0,"enemies":"3 Shapes","floor":36,"turns":7},{"damage":17,"enemies":"3 Darklings","floor":37,"turns":4},{"damage":0,"enemies":"downfall:FleeingMerchant","floor":38,"turns":1},{"damage":19,"enemies":"downfall:LadyInBlue","floor":39,"turns":5},{"damage":0,"enemies":"Writhing Mass","floor":42,"turns":3},{"damage":0,"enemies":"Maw","floor":44,"turns":5},{"damage":0,"enemies":"Sphere and 2 Shapes","floor":45,"turns":3},{"damage":0,"enemies":"Spire Growth","floor":46,"turns":3},{"damage":11,"enemies":"Nightmare","floor":48,"turns":5},{"damage":19,"enemies":"Jaw Worm Horde","floor":49,"turns":3},{"damage":44,"enemies":"downfall:Silent","floor":50,"turns":4}],"seed_played":"8172185695962036220","potions_obtained":[{"floor":2,"key":"champ:CounterPotion"},{"floor":8,"key":"FearPotion"},{"floor":10,"key":"SneckoOil"},{"floor":16,"key":"Weak Potion"},{"floor":19,"key":"sneckomod:MuddlingPotion"},{"floor":26,"key":"Swift Potion"},{"floor":27,"key":"ColorlessPotion"},{"floor":32,"key":"EntropicBrew"},{"floor":39,"key":"Fire Potion"},{"floor":45,"key":"LiquidMemories"},{"floor":46,"key":"infinitespire:BlackPotion"},{"floor":49,"key":"champ:UltimateStancePotion"}],"is_trial":false,"path_per_floor":["R","M","?","?","?","M","T","E","M","E","?","M","E","$","M","B",null,"R","M","M","$","?","?","T","E","M","M","?","AVR","R","M","M","B",null,"R","M","M","$","?","$","T","M","R","M","M","M","?","NM","M","B",null],"character_chosen":"THE_CHAMP","items_purchased":["Guardian:BottledAnomaly","champ:BerserkerStyle","Anchor","Gambling Chip","Fruit Juice","Lee\u0027s Waffle","expansioncontent:DashGenerateEvil"],"campfire_rested":0,"item_purchase_floors":[14,21,38,38,38,40,40],"current_hp_per_floor":[90,90,95,95,72,68,68,59,54,41,41,41,41,41,41,19,95,95,85,85,85,85,76,76,63,63,63,63,63,75,75,70,63,95,95,95,80,90,73,112,112,112,112,112,112,112,112,106,102,58],"gold":424,"neow_bonus":"RANDOM_COMMON_RELIC","is_daily":false,"chose_seed":false,"campfire_upgraded":4,"win_rate":0.0,"timestamp":1610040354,"path_taken":["R","M","?","?","?","M","T","E","M","E","?","M","E","$","M","BOSS","R","M","M","$","?","?","T","E","M","M","?","AVR","R","?","M","BOSS","R","M","M","$","?","?","T","?","R","M","M","M","?","NM","M","BOSS"],"items_purchased_type":["Relic","Card","Relic","Relic","Potion","Relic","Card"],"build_version":"2020-12-22","purchased_purges":2,"victory":true,"max_hp_per_floor":[90,90,95,95,95,95,95,95,95,95,95,95,95,95,95,95,95,95,95,95,95,95,95,95,95,95,95,95,95,95,95,95,95,95,95,95,95,105,105,112,112,112,112,112,112,112,112,112,112,112],"card_choices":[{"not_picked":["champ:GladiatorsShout","champ:TornadoPunch"],"picked":"champ:Duel","floor":2},{"not_picked":["infinitespire:UltimateForm","infinitespire:FinalStrike"],"picked":"infinitespire:NeuralNetwork","floor":5},{"not_picked":["champ:GladiatorsShout","champ:TornadoPunch"],"picked":"champ:ViciousMockery","floor":6},{"not_picked":["champ:BladeFlurry","champ:DeathBlow"],"picked":"champ:FightOn","floor":8},{"not_picked":["champ:Haymaker","champ:HeartStrike","champ:FlashCut"],"picked":"SKIP","floor":9},{"not_picked":["champ:ViciousMockery","champ:RapidStrikes"],"picked":"champ:Devastate","floor":10},{"not_picked":["champ:SkillfulDodge","champ:Backstep","champ:CrookedStrike"],"picked":"SKIP","floor":12},{"not_picked":["champ:CrookedStrike","champ:GladiatorsShout"],"picked":"champ:DancingMaster","floor":13},{"not_picked":["champ:CrookedStrike","champ:FalseCounter","champ:BladeFlurry"],"picked":"SKIP","floor":14},{"not_picked":["champ:PerfectedStrike","champ:AdrenalArmor","champ:SkillfulDodge"],"picked":"SKIP","floor":15},{"not_picked":["champ:DancingMaster","champ:IgnorePain"],"picked":"champ:MurderStrike","floor":16},{"not_picked":["champ:EnragedBash","champ:RapidStrikes"],"picked":"champ:Backstep+1","floor":19},{"not_picked":["champ:Haymaker+1","champ:FightOn"],"picked":"champ:RisingSlash","floor":20},{"not_picked":["champ:BerserkersShout","champ:FlashCut","champ:Circumvent+1"],"picked":"SKIP","floor":21},{"not_picked":["champ:TornadoPunch","champ:Haymaker+1"],"picked":"champ:Riposte+1","floor":25},{"not_picked":["champ:FaceSlap","champ:StanceDance"],"picked":"champ:MurderStrike","floor":26},{"not_picked":["champ:BerserkerStyle","champ:CrookedStrike"],"picked":"champ:ShieldWall","floor":27},{"not_picked":["champ:FanOfKnives","champ:StanceDance+1"],"picked":"champ:IronFortress+1","floor":31},{"not_picked":["champ:HeartStrike+1","champ:BerserkersShout","champ:BerserkerStyle"],"picked":"SKIP","floor":32},{"not_picked":["champ:LastStand","champ:CrownThrow"],"picked":"champ:StrikeOfGenius","floor":33},{"not_picked":["champ:AdrenalArmor","champ:Haymaker","champ:EndlessRage+1"],"picked":"SKIP","floor":36},{"not_picked":["champ:Circumvent","champ:Haymaker+1","champ:RisingSlash"],"picked":"SKIP","floor":37},{"not_picked":["champ:HeartStrike","champ:DefensiveShout","champ:TornadoPunch+1"],"picked":"SKIP","floor":38},{"not_picked":["champ:FanOfKnives+1","champ:CrookedStrike"],"picked":"champ:StrikeOfGenius","floor":39},{"not_picked":["champ:StanceDance","champ:BladeFlurry+1"],"picked":"champ:DefensiveStyle","floor":42},{"not_picked":["champ:DeathBlow","champ:EnragedBash+1","champ:RisingSlash"],"picked":"SKIP","floor":44},{"not_picked":["champ:PerfectedStrike","champ:Circumvent","champ:Lariat"],"picked":"SKIP","floor":45},{"not_picked":["champ:PerfectedStrike","champ:Haymaker+1"],"picked":"champ:Duel+1","floor":46},{"not_picked":["champ:DefensiveShout","champ:FanOfKnives+1"],"picked":"champ:FocusedDefense+1","floor":48},{"not_picked":["champ:TornadoPunch+1","champ:BerserkersShout","champ:StanceDance+1"],"picked":"SKIP","floor":49}],"player_experience":2343351,"relics_obtained":[{"floor":7,"key":"infinitespire:CheckeredPen"},{"floor":8,"key":"Nunchaku"},{"floor":10,"key":"infinitespire:EmpoweringShard"},{"floor":13,"key":"infinitespire:Bottled Soul"},{"floor":24,"key":"Eternal Feather"},{"floor":25,"key":"infinitespire:ShieldingShard"},{"floor":39,"key":"Toy Ornithopter"},{"floor":41,"key":"infinitespire:WardingShard"},{"floor":48,"key":"Regal Pillow"}],"event_choices":[{"damage_healed":0,"gold_gain":0,"player_choice":"Donut","damage_taken":0,"max_hp_gain":5,"max_hp_loss":0,"event_name":"Big Fish","floor":3,"gold_loss":0},{"cards_removed":["champ:Strike"],"damage_healed":0,"gold_gain":0,"player_choice":"Purged","damage_taken":0,"max_hp_gain":0,"max_hp_loss":0,"event_name":"Purifier","floor":22,"gold_loss":0},{"damage_healed":0,"gold_gain":0,"player_choice":"Copied","damage_taken":0,"max_hp_gain":0,"max_hp_loss":0,"event_name":"Duplicator","floor":28,"gold_loss":0,"cards_obtained":["champ:Devastate"]}],"is_beta":false,"boss_relics":[{"not_picked":["Runic Pyramid","SlaversCollar"],"picked":"infinitespire:Cupcake"},{"not_picked":["Astrolabe","Pandora\u0027s Box"],"picked":"SacredBark"}],"items_purged_floors":[14,38],"is_endless":false,"potions_floor_spawned":[2,8,10,16,19,26,27,31,32,37,42,45,46,49],"ascension_level":0}}