{"host":"ika5blmljv34vrx1","time":1610007030,"event":{"mods":["AchievementEnabler","Act Like it!","Aspiration","BaseMod","CapriCore","Challenge The Spire","Conspire","Gensokyo","Gold Saver","Grow up Mod","KinomotoSakuraMod(ƒæ÷Æ±æ”£)","Koishi","Marisa£®ÏF”Í°°ƒß¿Ì…≥£©","Minty Spire (QoL Compilation)","Pale of the Ancients","Quick Restart","Reimu£®≤©¿ˆ¡È√Œ£©","Remilia£®¿Ÿ√◊¿Ú—«£©","Remove Card Discount Mod","Replay The Spire","StSLib","The Immortal","Yakumo Yukari mod"],"gold_per_floor":[1071,825,825,118,88,88,88,90,90,122,118,107,135,135,135,970,970,985,1015,1015,1015,1015,1015,1015,1003,1028,408,288,308,10,33,33,391,391,393,393,393,393,64,64,96,129,129,138,138,138,21,54,54,354,534,504,522,522,289,289,231,231,12,12,12],"floor_reached":62,"playtime":3797,"items_purged":["Amnesia","BarrageOfMoneybags:ReiMu","PhosphorusFlame:ReiMu","DoubleButterfly:ReiMu","OrbThrow:ReiMu","ForcedLanding:ReiMu+1","BarrageOfMoneybags:ReiMu+1"],"score":3441,"play_id":"7b49e28c-cb32-41a9-91e1-a16a8b540a82","local_time":"20210107161030","daily_mods":["SealedDeck","Heirloom","Time Dilation","Flight"],"is_ascension_mode":true,"campfire_choices":[{"floor":6,"key":"RECALL"},{"data":"SpringWay:ReiMu","floor":7,"key":"SMITH"},{"data":"LearningPray:ReiMu","floor":15,"key":"SMITH"},{"data":"Authority:ReiMu","floor":23,"key":"SMITH"},{"data":"SubcavityFantasy:ReiMu","floor":24,"key":"SMITH"},{"data":"DependentForm:ReiMu","floor":32,"key":"SMITH"},{"data":"CleanRite:ReiMu","floor":40,"key":"SMITH"},{"data":"DependentForm:ReiMu+1","floor":45,"key":"SMITH"},{"data":"UniversalSpiritual:ReiMu","floor":49,"key":"SMITH"},{"data":"ManaGlint:ReiMu","floor":56,"key":"SMITH"},{"data":"UniversalSpiritual:ReiMu+1","floor":58,"key":"SMITH"}],"circlet_count":0,"master_deck":["AscendersBane","AirManeuver:ReiMu+1","SpreadBorder2:ReiMu+1","ManaGlint:ReiMu+1","LearningPray:ReiMu+1","DoubleButterfly:ReiMu+1","Authority:ReiMu+1","SubcavityFantasy:ReiMu+1","DependentForm:ReiMu+2","CleanRite:ReiMu+1","UniversalSpiritual:ReiMu+2"],"relics":["FlyPower:ReiMu","Replay:Kaleidoscope","ReplayTheSpireMod:CursedCoin","SkyOrb:ReiMu","Happy Flower","Gensokyo:OccultBall","Frozen Eye","TheAbacus","Chemical X","ReplayFunnel","Replay:Mystery Machine","Mastiff:ReiMu","Mango","TungstenRod","aspiration:SeaSaltIceCream","Kunai","aspiration:RandomNobGenerator","Calipers","conspire:InfiniteJournal","Blue Doll","Gensokyo:MosesMiracle","ScarletDevilRocket","War Paint","Potion Belt","Boot","Guide Book","Gensokyo:SpiderMask","Medical Kit","conspire:TreasureMap","The Courier","DonationBox:ReiMu","PreservedInsect","Molten Egg 2","Blue Candle","conspire:TopHat","Mummified Hand","conspire:DeflatedDodgeball","Gensokyo:EmptyGrave","Durian","paleoftheancients:Timepiece","paleoftheancients:KeyRelic","Oddly Smooth Stone","Gremlin Horn","paleoftheancients:SoulOfTheVixen"],"acts_visited":["Exordium","Gensokyo:Gensokyo","Gensokyo:Gensokyoer","Gensokyo:Gensokyoest"],"potions_floor_usage":[10,16,19,31,33,35,44,55,57,57,57,61,61,61],"damage_taken":[{"damage":0,"enemies":"Gensokyo:2_Kodama","floor":1,"turns":1},{"damage":0,"enemies":"Gensokyo:Gryphon","floor":5,"turns":2},{"damage":2,"enemies":"Gensokyo:Mamizou","floor":8,"turns":10},{"damage":2,"enemies":"Gensokyo:Cirno","floor":10,"turns":4},{"damage":0,"enemies":"Gensokyo:Python","floor":12,"turns":2},{"damage":0,"enemies":"Gensokyo:Mamizou","floor":13,"turns":9},{"damage":94,"enemies":"Gensokyo:Kokoro","floor":16,"turns":8},{"damage":0,"enemies":"Gensokyo:CosmicMonolith","floor":18,"turns":2},{"damage":0,"enemies":"Gensokyo:CosmicMonolith","floor":19,"turns":5},{"damage":0,"enemies":"conspire:MimicChest","floor":21,"turns":6},{"damage":0,"enemies":"Gensokyo:Koishi","floor":25,"turns":5},{"damage":0,"enemies":"Gensokyo:Chomper","floor":29,"turns":2},{"damage":0,"enemies":"Gensokyo:Reisen","floor":31,"turns":4},{"damage":3,"enemies":"Gensokyo:Kaguya","floor":33,"turns":5},{"damage":0,"enemies":"Gensokyo:AncientGuardian","floor":35,"turns":6},{"damage":13,"enemies":"Gensokyo:Kasen","floor":41,"turns":3},{"damage":0,"enemies":"Gensokyo:Doremy","floor":42,"turns":2},{"damage":0,"enemies":"Gensokyo:Marisa","floor":44,"turns":3},{"damage":78,"enemies":"Gensokyo:Kasen","floor":48,"turns":5},{"damage":8,"enemies":"Gensokyo:Yuyuko","floor":50,"turns":6},{"damage":0,"enemies":"Gensokyo:Scarlet_Devils","floor":51,"turns":8},{"damage":14,"enemies":"Gensokyo:Scarlet_Devils","floor":52,"turns":5},{"damage":6,"enemies":"Gensokyo:Scarlet_Devils","floor":53,"turns":4},{"damage":0,"enemies":"Gensokyo:Scarlet_Devils","floor":57,"turns":5},{"damage":0,"enemies":"paleoftheancients:N","floor":61,"turns":13}],"seed_played":"-5921096449499208025","potions_obtained":[{"floor":10,"key":"FearPotion"},{"floor":18,"key":"Strength Potion"},{"floor":29,"key":"GrandPatriotsElixir:ReiMu"},{"floor":42,"key":"AttackPotion"},{"floor":52,"key":"SteroidPotion"}],"is_trial":true,"path_per_floor":["M","$","?","COS","M","R","R","E","T","E","$","M","E","?","R","B",null,"M","?","?","?","?","R","R","E","T","$","?","M","COS","E","R","B",null,"M","?","?","?","$","R","E","E","T","E","R","?","COS","E","R","B","B","M","M","?","$","R","M","R","$","?","B",null],"character_chosen":"REIMU","items_purchased":["ReplayTheSpireMod:CursedCoin","SkyOrb:ReiMu","Happy Flower","Explosive Potion","Potion Belt","Boot","Swift Potion","ColorlessPotion","Guide Book","PreservedInsect","Molten Egg 2","Fruit Juice","Ancient Potion","Dexterity Potion","Swift Potion","Energy Potion","Venom Potion","ZuzhouPotion:ReiMu","ColorlessPotion","Elixir"],"campfire_rested":0,"item_purchase_floors":[2,2,2,2,27,27,27,27,27,39,39,55,55,55,55,59,59,59,59,59],"current_hp_per_floor":[74,84,94,104,114,124,134,142,152,160,170,180,204,162,172,88,215,225,235,259,269,279,289,299,334,344,354,364,374,384,394,404,411,423,433,422,432,353,363,373,370,380,390,400,410,420,430,367,526,536,546,549,561,571,586,596,610,620,630,640,651],"gold":12,"neow_bonus":"","is_daily":false,"chose_seed":false,"campfire_upgraded":10,"win_rate":0.0,"timestamp":1610007030,"path_taken":["M","$","?","COS","?","R","R","E","T","E","?","?","E","?","R","BOSS","M","?","?","?","?","R","R","E","T","$","?","?","COS","E","R","BOSS","M","?","?","?","?","R","E","E","T","E","R","?","COS","E","R","BOSS","BOSS","M","M","?","$","R","M","R","$","?","BOSS"],"items_purchased_type":["Relic","Relic","Relic","Potion","Relic","Relic","Potion","Potion","Relic","Relic","Relic","Potion","Potion","Potion","Potion","Potion","Potion","Potion","Potion","Potion"],"build_version":"2020-12-22","purchased_purges":7,"victory":true,"max_hp_per_floor":[80,90,100,110,120,130,140,150,160,170,180,190,214,224,234,244,254,264,274,284,294,304,314,324,334,344,354,364,374,384,394,404,414,424,434,444,454,464,474,484,494,504,514,524,534,491,501,516,526,536,546,556,566,576,591,601,611,621,631,641,651],"card_choices":[{"not_picked":["AirManeuver:ReiMu","TightArray:ReiMu","KamiSacrifice:ReiMu"],"picked":"SKIP","floor":1},{"not_picked":["SafetyPray:ReiMu","Intuition:ReiMu","Amulet:ReiMu"],"picked":"SKIP","floor":5},{"not_picked":["OctopathSalyBorderN:ReiMu","Enchanting:ReiMu"],"picked":"LearningPray:ReiMu","floor":8},{"not_picked":["TightArray:ReiMu+1","CareerPray:ReiMu+1"],"picked":"DoubleButterfly:ReiMu+1","floor":8},{"not_picked":["Free:ReiMu","Dreaming:ReiMu"],"picked":"Authority:ReiMu","floor":10},{"not_picked":["SpreadBorder2:ReiMu","SubcavityInstant:ReiMu","SpringWay:ReiMu"],"picked":"SKIP","floor":10},{"not_picked":["Intuition:ReiMu","KyokaiOfKami:ReiMu","SubcavityInstant:ReiMu"],"picked":"SKIP","floor":12},{"not_picked":["EmergencyTakeOff:ReiMu","TightArray:ReiMu","SpringWay:ReiMu"],"picked":"SKIP","floor":13},{"not_picked":["CleanRite:ReiMu","RunawayExorcism:ReiMu"],"picked":"SubcavityFantasy:ReiMu","floor":16},{"not_picked":["UpKicking:ReiMu","OrbThrow:ReiMu+1","AirStrike:ReiMu"],"picked":"SKIP","floor":18},{"not_picked":["Meditation:ReiMu","MountainWay:ReiMu","AlertArray:ReiMu"],"picked":"SKIP","floor":25},{"not_picked":["EmergencyTakeOff:ReiMu","SubAcupoint:ReiMu"],"picked":"DependentForm:ReiMu","floor":29},{"not_picked":["SubAcupoint:ReiMu+1","Meditation:ReiMu","SealNeedle:ReiMu"],"picked":"SKIP","floor":31},{"not_picked":["OctopathSalyBorderN:ReiMu","SubcavityFantasy:ReiMu"],"picked":"Authority:ReiMu","floor":33},{"not_picked":["OctopathBindingBorder2:ReiMu","Amulet:ReiMu","SubAcupoint:ReiMu"],"picked":"SKIP","floor":35},{"not_picked":["LearningPray:ReiMu","AlertArray:ReiMu","OrbThrow:ReiMu+1"],"picked":"SKIP","floor":41},{"not_picked":["Meditation:ReiMu+1","Amulet:ReiMu","SpreadBorder2:ReiMu"],"picked":"SKIP","floor":42},{"not_picked":["RainPray2:ReiMu+1","FoulBorder2:ReiMu","RunawayExorcism:ReiMu"],"picked":"SKIP","floor":44},{"not_picked":["AirStrike:ReiMu+1","AlertArray:ReiMu"],"picked":"UniversalSpiritual:ReiMu","floor":48},{"not_picked":["ForcedLanding:ReiMu+1","Intuition:ReiMu","SubAcupoint:ReiMu+1"],"picked":"SKIP","floor":52},{"not_picked":["Intuition:ReiMu","SubAcupoint:ReiMu+1","OctopathBindingBorder2:ReiMu+1"],"picked":"SKIP","floor":53},{"not_picked":["LovePray:ReiMu","SpringWay:ReiMu+1","Revelation:ReiMu"],"picked":"SKIP","floor":57}],"player_experience":2066088,"relics_obtained":[{"floor":8,"key":"Gensokyo:OccultBall"},{"floor":8,"key":"Replay:Mystery Machine"},{"floor":10,"key":"Mastiff:ReiMu"},{"floor":13,"key":"TungstenRod"},{"floor":16,"key":"Gensokyo:OccultBall"},{"floor":19,"key":"Calipers"},{"floor":19,"key":"conspire:InfiniteJournal"},{"floor":21,"key":"Blue Doll"},{"floor":21,"key":"Gensokyo:OccultBall"},{"floor":25,"key":"ScarletDevilRocket"},{"floor":26,"key":"War Paint"},{"floor":31,"key":"Gensokyo:MosesMiracle"},{"floor":31,"key":"The Courier"},{"floor":33,"key":"Gensokyo:OccultBall"},{"floor":41,"key":"Blue Candle"},{"floor":42,"key":"Gensokyo:OccultBall"},{"floor":42,"key":"conspire:TopHat"},{"floor":43,"key":"Mummified Hand"},{"floor":44,"key":"conspire:DeflatedDodgeball"},{"floor":48,"key":"Durian"},{"floor":57,"key":"paleoftheancients:SoulOfTheVixen"}],"event_choices":[{"damage_healed":0,"gold_gain":0,"player_choice":"Leave","damage_taken":0,"max_hp_gain":0,"max_hp_loss":0,"event_name":"conspire:Investor","floor":36,"gold_loss":0},{"damage_healed":0,"gold_gain":0,"cards_transformed":["SpringWay:ReiMu"],"player_choice":"Transformed","damage_taken":0,"max_hp_gain":0,"max_hp_loss":0,"event_name":"Transmorgrifier","floor":54,"gold_loss":0,"cards_obtained":["ForcedLanding:ReiMu"]}],"is_beta":false,"boss_relics":[{"not_picked":["aspiration:SecretTechniqueScroll","Calling Bell"],"picked":"aspiration:RandomNobGenerator"},{"not_picked":["aspiration:FutureDiary","Astrolabe"],"picked":"DonationBox:ReiMu"}],"items_purged_floors":[2,2,2,11,11,55,59],"is_endless":false,"potions_floor_spawned":[10,18,29,42,52],"ascension_level":20}}