{"host":"dr5ef424til0p8zn","time":1610053981,"event":{"mods":["2.2 Compatiblity","Act Like it!","BaseMod","Better Skull","Downfall","Gremlin Skip","Hallownest","Hermit","Minty Spire (QoL Compilation)","Shade Mod","StSLib","Td1madao Mod","The Bug Knight","The Hierophant","The Marked"],"gold_per_floor":[99,1,1,1,1,28,108,121,154,174,174,191,191,208,226,321,321,246,264,264,26,37,49,76,176,195,223,148,148,148,165,183,288,288,288,307,103,103,115,100,100,126,236,236,161,184,184,214,225,225,225,258,2,2,2],"floor_reached":56,"playtime":7544,"items_purged":[],"score":1333,"play_id":"f92f47b7-4bdc-4b12-8ab8-cbb9933c55e7","local_time":"20210107221301","is_ascension_mode":false,"campfire_choices":[{"data":"champ:Taunt","floor":1,"key":"SMITH"},{"data":"champ:CrookedStrike","floor":11,"key":"SMITH"},{"floor":13,"key":"RECALL"},{"data":"champ:CalledShot","floor":18,"key":"SMITH"},{"floor":28,"key":"REST"},{"data":"champ:Improvising","floor":35,"key":"SMITH"},{"floor":45,"key":"REST"},{"floor":54,"key":"REST"}],"circlet_count":0,"master_deck":["champ:Strike+1","champ:Strike+1","champ:Defend+1","champ:Defend+1","champ:Defend+1","champ:Defend+1","champ:Taunt+1","champ:StanceDance+1","champ:Backstep+1","champ:GutPunch+1","champ:TornadoPunch+1","champ:CrookedStrike+1","champ:BringItOn+1","champ:CalledShot+1","champ:ArenaPreparation+1","champ:DancingMaster+1","champ:CalledShot+1","champ:AdrenalArmor+1","champ:EnragedBash+1","champ:Backstep+1","champ:BladeFlurry+1","champ:MurderStrike+1","champ:Improvising+1","champ:StanceDance+1","champ:FaceSlap+1","champ:DefensiveShout+1","champ:DefensiveStyle+1","champ:HeartStrike+1","champ:Shatter"],"relics":["champ:ChampionCrown","downfall:HeartsMalice","Potion Belt","Mummified Hand","Orichalcum","Empty Cage","Enchiridion","OrangePellets","champ:BlackKnightHelmet","HollowMod:LifeEnderRelic","Singing Bowl","champ:FightingForDummies","Black Star","Medical Kit","Bird Faced Urn","Juzu Bracelet","Pantograph","Membership Card","Pen Nib","Boot","Question Card","InkBottle","Mango","Lantern","HandDrill","Pear"],"acts_visited":["Exordium","TheCity","TheBeyond","TheEnding"],"potions_floor_usage":[2,9,9,15,19,19,22,23,25,27,33,37,40,43,52,55,55,55],"damage_taken":[{"damage":0,"enemies":"downfall:FleeingMerchant","floor":2,"turns":1},{"damage":0,"enemies":"2 Louse","floor":3,"turns":1},{"damage":0,"enemies":"HollowMod:MossKnight","floor":6,"turns":1},{"damage":13,"enemies":"Cultist","floor":8,"turns":4},{"damage":23,"enemies":"Lagavulin","floor":9,"turns":6},{"damage":0,"enemies":"Small Slimes","floor":10,"turns":3},{"damage":14,"enemies":"2 Fungi Beasts","floor":12,"turns":3},{"damage":6,"enemies":"Red Slaver","floor":14,"turns":4},{"damage":9,"enemies":"3 Louse","floor":15,"turns":6},{"damage":72,"enemies":"downfall:Silent","floor":16,"turns":11},{"damage":21,"enemies":"3 Byrds","floor":19,"turns":8},{"damage":18,"enemies":"downfall:FleeingMerchant","floor":21,"turns":4},{"damage":19,"enemies":"Shell Parasite","floor":22,"turns":4},{"damage":49,"enemies":"Shelled Parasite and Fungi","floor":23,"turns":5},{"damage":30,"enemies":"Shelled Parasite and Fungi","floor":25,"turns":9},{"damage":36,"enemies":"Chosen and Byrds","floor":26,"turns":5},{"damage":60,"enemies":"Gremlin Leader","floor":27,"turns":8},{"damage":33,"enemies":"Cultist and Chosen","floor":31,"turns":7},{"damage":20,"enemies":"Snake Plant","floor":32,"turns":3},{"damage":106,"enemies":"downfall:Watcher","floor":33,"turns":12},{"damage":46,"enemies":"3 Shapes","floor":36,"turns":6},{"damage":10,"enemies":"downfall:FleeingMerchant","floor":37,"turns":4},{"damage":14,"enemies":"Orb Walker","floor":39,"turns":3},{"damage":35,"enemies":"downfall:FleeingMerchant","floor":40,"turns":4},{"damage":98,"enemies":"Nemesis","floor":42,"turns":9},{"damage":31,"enemies":"downfall:FleeingMerchant","floor":43,"turns":3},{"damage":42,"enemies":"Reptomancer","floor":48,"turns":5},{"damage":31,"enemies":"Jaw Worm Horde","floor":49,"turns":4},{"damage":50,"enemies":"downfall:Defect","floor":50,"turns":5},{"damage":117,"enemies":"downfall:CharBossMerchant","floor":52,"turns":7},{"damage":215,"enemies":"downfall:NeowBoss","floor":55,"turns":27}],"seed_played":"-460367428774059017","potions_obtained":[{"floor":6,"key":"EssenceOfSteel"},{"floor":8,"key":"LiquidMemories"},{"floor":9,"key":"Regen Potion"},{"floor":14,"key":"Block Potion"},{"floor":15,"key":"Fire Potion"},{"floor":22,"key":"Energy Potion"},{"floor":23,"key":"PowerPotion"},{"floor":25,"key":"SkillPotion"},{"floor":26,"key":"Strength Potion"},{"floor":27,"key":"EssenceOfSteel"},{"floor":33,"key":"ColorlessPotion"},{"floor":36,"key":"BlessingOfTheForge"},{"floor":42,"key":"AttackPotion"},{"floor":49,"key":"SpeedPotion"}],"is_trial":false,"path_per_floor":["R","$","M","?","?","E","T","M","E","M","R","M","R","M","M","B",null,"R","M","?","$","M","M","T","?","M","E","R","?","?","M","M","B",null,"R","M","$","?","M","$","T","E","$","?","R","T","?","E","M","B",null,"E","$","R","B",null],"character_chosen":"THE_CHAMP","items_purchased":["EntropicBrew","OrangePellets","champ:EnragedBash","Medical Kit","champ:FaceSlap","Membership Card","Pen Nib","HandDrill","Pear","BlessingOfTheForge","champ:Shatter"],"campfire_rested":3,"item_purchase_floors":[2,21,21,37,37,43,43,53,53,53,53],"current_hp_per_floor":[90,90,90,95,95,95,95,95,85,85,85,84,84,83,94,69,95,95,95,79,79,78,72,72,62,62,47,88,88,88,86,88,39,109,109,109,109,111,111,113,113,41,51,51,85,85,85,84,88,115,117,96,106,143,117],"gold":2,"neow_bonus":"THREE_ENEMY_KILL","is_daily":false,"chose_seed":false,"campfire_upgraded":4,"win_rate":0.0,"timestamp":1610053981,"path_taken":["R","$","M","?","?","E","T","M","E","M","R","?","R","M","M","BOSS","R","M","?","$","M","M","T","?","M","E","R","?","?","M","M","BOSS","R","M","$","?","M","$","T","E","?","?","R","?","?","E","M","BOSS","E","$","R","BOSS"],"items_purchased_type":["Potion","Relic","Card","Relic","Card","Relic","Relic","Relic","Relic","Potion","Card"],"build_version":"2020-12-22","purchased_purges":0,"victory":true,"max_hp_per_floor":[90,90,90,95,95,95,95,95,95,95,95,95,95,95,95,95,95,95,95,95,95,95,95,95,95,95,95,105,105,105,107,109,109,109,109,111,111,111,113,115,115,115,115,115,115,115,115,117,117,117,117,133,143,143,143],"card_choices":[{"not_picked":["champ:Haymaker","champ:BringItOn"],"picked":"champ:StanceDance","floor":2},{"not_picked":["champ:PerfectedStrike","champ:ShieldSlam"],"picked":"champ:Backstep","floor":3},{"not_picked":["champ:PerfectedStrike","champ:Haymaker"],"picked":"champ:GutPunch","floor":6},{"not_picked":["champ:CrookedStrike","champ:FanOfKnives"],"picked":"champ:TornadoPunch","floor":8},{"not_picked":["champ:FocusedDefense","champ:HeavySlash"],"picked":"champ:CrookedStrike","floor":9},{"not_picked":["champ:GutPunch","champ:Haymaker","champ:FocusedGladiator"],"picked":"SKIP","floor":10},{"not_picked":["champ:GladiatorsShout","champ:FlashCut"],"picked":"champ:BringItOn","floor":12},{"not_picked":["champ:BerserkersShout","champ:VampiricStrike"],"picked":"champ:CalledShot","floor":14},{"not_picked":["champ:RecklessLeap","champ:GladiatorsShout"],"picked":"champ:ArenaPreparation","floor":15},{"not_picked":["champ:ShieldSlam","champ:CrownThrow"],"picked":"champ:DancingMaster","floor":16},{"not_picked":["champ:EnragedBash","champ:FlashCut"],"picked":"champ:CalledShot+1","floor":19},{"not_picked":["champ:BerserkersShout+1","champ:PerfectedStrike+1"],"picked":"champ:AdrenalArmor","floor":21},{"not_picked":["champ:DefensiveShout","champ:PreciseThrust","champ:RecklessLeap"],"picked":"SKIP","floor":22},{"not_picked":["champ:DeathBlow+1","champ:GladiatorsShout"],"picked":"champ:Backstep+1","floor":23},{"not_picked":["champ:BerserkersShout","champ:PerfectedStrike"],"picked":"champ:BladeFlurry+1","floor":26},{"not_picked":["champ:TornadoPunch+1","champ:AdrenalArmor"],"picked":"champ:MurderStrike","floor":27},{"not_picked":["champ:GladiatorsShout","champ:GutPunch","champ:BerserkersShout"],"picked":"Singing Bowl","floor":31},{"not_picked":["champ:Haymaker","champ:FlashCut","champ:AdrenalArmor"],"picked":"Singing Bowl","floor":32},{"not_picked":["champ:CrownThrow","champ:ShieldSlam"],"picked":"champ:Improvising","floor":33},{"not_picked":["champ:FocusedBerserking+1","champ:Encircle+1","champ:RisingSlash+1"],"picked":"Singing Bowl","floor":36},{"not_picked":["champ:EnragedBash+1","champ:CalledShot+1"],"picked":"champ:StanceDance+1","floor":37},{"not_picked":["champ:BringItOn+1","champ:StanceDance","champ:Duel+1"],"picked":"Singing Bowl","floor":39},{"not_picked":["champ:EnragedBash","champ:DefensiveShout","champ:BringItOn+1"],"picked":"Singing Bowl","floor":40},{"not_picked":["champ:SkillfulDodge","champ:ShieldWall"],"picked":"champ:DefensiveShout+1","floor":42},{"not_picked":["champ:FocusedGladiator","champ:FlashCut"],"picked":"champ:DefensiveStyle+1","floor":43},{"not_picked":["champ:Backstep+1","champ:FlashCut+1","champ:TornadoPunch"],"picked":"Singing Bowl","floor":48},{"not_picked":["champ:BerserkerStyle+1","champ:Duel","champ:PerfectedStrike+1"],"picked":"champ:HeartStrike+1","floor":49},{"not_picked":["champ:FanOfKnives","champ:StanceDance+1","champ:FlashCut","champ:BladeFlurry"],"picked":"Singing Bowl","floor":52}],"player_experience":478696,"relics_obtained":[{"floor":6,"key":"Potion Belt"},{"floor":7,"key":"Mummified Hand"},{"floor":9,"key":"Orichalcum"},{"floor":20,"key":"Enchiridion"},{"floor":25,"key":"champ:BlackKnightHelmet"},{"floor":25,"key":"HollowMod:LifeEnderRelic"},{"floor":27,"key":"Singing Bowl"},{"floor":41,"key":"Bird Faced Urn"},{"floor":42,"key":"Juzu Bracelet"},{"floor":42,"key":"Pantograph"},{"floor":46,"key":"Boot"},{"floor":48,"key":"Question Card"},{"floor":48,"key":"InkBottle"},{"floor":52,"key":"Mango"},{"floor":52,"key":"Lantern"}],"event_choices":[{"damage_healed":0,"gold_gain":0,"player_choice":"Donut","damage_taken":0,"max_hp_gain":5,"max_hp_loss":0,"event_name":"Big Fish","floor":4,"gold_loss":0},{"damage_healed":0,"gold_gain":0,"player_choice":"Forge","damage_taken":0,"max_hp_gain":0,"max_hp_loss":0,"event_name":"Accursed Blacksmith","floor":5,"gold_loss":0,"cards_upgraded":["champ:StanceDance"]},{"damage_healed":0,"gold_gain":0,"player_choice":"Ignored","damage_taken":0,"max_hp_gain":0,"max_hp_loss":0,"event_name":"Ghosts","floor":29,"gold_loss":0},{"damage_healed":6,"gold_gain":0,"player_choice":"LEAVE ","damage_taken":0,"relics_obtained":[],"max_hp_gain":0,"max_hp_loss":0,"event_name":"betterSkull:BetterSkull","floor":38,"gold_loss":0,"cards_upgraded":[]},{"cards_removed":["champ:Execute"],"damage_healed":0,"gold_gain":0,"player_choice":"Removed Attack","damage_taken":0,"max_hp_gain":0,"max_hp_loss":0,"event_name":"Falling","floor":44,"gold_loss":0}],"is_beta":false,"boss_relics":[{"not_picked":["Coffee Dripper","Runic Dome"],"picked":"Empty Cage"},{"not_picked":["Astrolabe","Fusion Hammer"],"picked":"Black Star"}],"items_purged_floors":[],"is_endless":false,"potions_floor_spawned":[6,8,9,14,15,22,23,25,26,27,33,36,42,49],"ascension_level":0}}