{"host":"axuns55dzq466eei","time":1610026345,"event":{"mods":["BaseMod","Colored Map","Keyboard Shortcuts","Minty Spire (QoL Compilation)","StSLib","SuperFastMode"],"gold_per_floor":[217,142,142,56,56,56,81,98,98,98,112,112,138,158,158,229,229,240,240,251,251,261,261,211,227,227,227,152,152,169,69,69,146,146,157,32,32,0,13,13,39,39,66,66,82,115,115,125,125,125,125],"floor_reached":52,"playtime":1372,"items_purged":["Hemokinesis","Defend_R","Anger+1"],"score":2282,"play_id":"148438b7-3617-4bdd-8e56-b68ba156f837","local_time":"20210107223225","is_ascension_mode":true,"campfire_choices":[{"data":"Anger","floor":6.0,"key":"SMITH"},{"data":"Bash","floor":15.0,"key":"SMITH"},{"floor":23.0,"key":"REST"},{"data":"Double Tap","floor":27.0,"key":"SMITH"},{"data":"Dark Embrace","floor":29.0,"key":"SMITH"},{"data":"Dual Wield","floor":32.0,"key":"SMITH"},{"data":"Offering","floor":40.0,"key":"SMITH"},{"floor":49.0,"key":"REST"}],"circlet_count":0,"master_deck":["AscendersBane","Defend_R","Defend_R","Bash+1","Offering+1","Ghostly Armor","Dropkick","Dual Wield+1","Dark Embrace+1","Double Tap+1","Shrug It Off+1","Second Wind","Sentinel+1","Madness","Madness","Power Through"],"relics":["Burning Blood","Juzu Bracelet","White Beast Statue","CaptainsWheel","Orichalcum","Empty Cage","Letter Opener","Runic Pyramid","Red Mask","Shuriken","Happy Flower","Calipers"],"acts_visited":["Exordium","TheCity","TheBeyond"],"potions_floor_usage":[],"damage_taken":[{"damage":5.0,"enemies":"Small Slimes","floor":1.0,"turns":4.0},{"damage":38.0,"enemies":"Lagavulin","floor":7.0,"turns":6.0},{"damage":9.0,"enemies":"2 Louse","floor":8.0,"turns":2.0},{"damage":6.0,"enemies":"Cultist","floor":11.0,"turns":3.0},{"damage":34.0,"enemies":"3 Sentries","floor":13.0,"turns":8.0},{"damage":7.0,"enemies":"Blue Slaver","floor":14.0,"turns":2.0},{"damage":31.0,"enemies":"Hexaghost","floor":16.0,"turns":9.0},{"damage":16.0,"enemies":"3 Byrds","floor":18.0,"turns":5.0},{"damage":9.0,"enemies":"2 Thieves","floor":20.0,"turns":3.0},{"damage":30.0,"enemies":"Cultist and Chosen","floor":22.0,"turns":7.0},{"damage":19.0,"enemies":"Snecko","floor":25.0,"turns":4.0},{"damage":6.0,"enemies":"Chosen and Byrds","floor":30.0,"turns":4.0},{"damage":6.0,"enemies":"Collector","floor":33.0,"turns":3.0},{"damage":12.0,"enemies":"3 Shapes","floor":35.0,"turns":11.0},{"damage":12.0,"enemies":"Orb Walker","floor":39.0,"turns":2.0},{"damage":8.0,"enemies":"Reptomancer","floor":41.0,"turns":2.0},{"damage":6.0,"enemies":"3 Darklings","floor":45.0,"turns":2.0},{"damage":6.0,"enemies":"Giant Head","floor":46.0,"turns":1.0},{"damage":20.0,"enemies":"Writhing Mass","floor":48.0,"turns":3.0},{"damage":6,"enemies":"Time Eater","floor":50,"turns":5},{"damage":6,"enemies":"Donu and Deca","floor":51,"turns":3}],"seed_played":"-2570902117948774316","potions_obtained":[{"floor":1.0,"key":"Fire Potion"},{"floor":11.0,"key":"BloodPotion"},{"floor":13.0,"key":"EssenceOfSteel"},{"floor":16.0,"key":"FearPotion"},{"floor":18.0,"key":"FairyPotion"},{"floor":20.0,"key":"Fire Potion"},{"floor":22.0,"key":"Swift Potion"},{"floor":25.0,"key":"PowerPotion"},{"floor":33.0,"key":"DuplicationPotion"},{"floor":35.0,"key":"Regen Potion"}],"is_trial":false,"path_per_floor":["M","?","?","$","?","R","E","M","T","?","M","?","E","M","R","B",null,"M","?","M","?","M","R","?","M","T","R","$","R","M","$","R","B",null,"M","$","T","?","M","R","E","?","T","$","M","E","?","M","R","B","B",null],"character_chosen":"IRONCLAD","items_purchased":["Offering"],"campfire_rested":2,"item_purchase_floors":[4],"current_hp_per_floor":[69,69,62,62,62,62,30,27,27,52,52,47,19,18,18,8,58,48,48,45,24,28,52,52,39,39,39,39,39,39,39,39,39,70,64,64,64,64,58,58,56,42,42,42,42,42,42,28,52,52,52],"gold":125,"neow_bonus":"HUNDRED_GOLD","is_daily":false,"chose_seed":false,"campfire_upgraded":6,"win_rate":0.0,"timestamp":1610026345,"path_taken":["M","?","?","$","?","R","E","M","T","?","M","?","E","M","R","BOSS","M","?","M","?","M","R","?","M","T","R","?","R","M","$","R","BOSS","M","?","?","?","M","R","E","?","T","$","M","E","?","M","R","BOSS","BOSS"],"items_purchased_type":["Card"],"build_version":"2020-12-22","purchased_purges":3,"victory":true,"max_hp_per_floor":[75,75,75,75,75,75,75,75,75,75,75,75,75,75,75,75,75,75,75,75,80,80,80,80,80,80,80,80,80,80,80,80,80,80,80,80,80,80,80,80,80,80,80,80,80,80,80,80,80,80,80],"card_choices":[{"not_picked":["Burning Pact","Warcry"],"picked":"Anger","floor":1.0},{"not_picked":["Dual Wield","Sword Boomerang"],"picked":"Dropkick","floor":7.0},{"not_picked":["Havoc","Wild Strike"],"picked":"Hemokinesis","floor":8.0},{"not_picked":["Armaments","Warcry"],"picked":"Carnage","floor":11.0},{"not_picked":["Heavy Blade","Headbutt"],"picked":"Dual Wield","floor":13.0},{"not_picked":["Flame Barrier","Burning Pact"],"picked":"Dark Embrace","floor":14.0},{"not_picked":["Exhume","Feed"],"picked":"Double Tap","floor":16.0},{"not_picked":["Sword Boomerang","Battle Trance"],"picked":"Shrug It Off+1","floor":18.0},{"not_picked":["Wild Strike","Metallicize"],"picked":"Second Wind","floor":20.0},{"not_picked":["Second Wind","Shrug It Off","Dark Embrace"],"picked":"SKIP","floor":22.0},{"not_picked":["Blood for Blood","Perfected Strike","Dropkick"],"picked":"SKIP","floor":25.0},{"not_picked":["Heavy Blade","Uppercut","Body Slam"],"picked":"SKIP","floor":30.0},{"not_picked":["Perfected Strike","Iron Wave","Second Wind"],"picked":"SKIP","floor":35.0},{"not_picked":["Metallicize","Warcry"],"picked":"Sentinel+1","floor":39.0},{"not_picked":["Infernal Blade","Flex","Sword Boomerang"],"picked":"SKIP","floor":41.0},{"not_picked":["Combust+1","Flame Barrier+1","Iron Wave"],"picked":"SKIP","floor":45.0},{"not_picked":["Wild Strike+1","Armaments"],"picked":"Power Through","floor":46.0},{"not_picked":["Twin Strike","Rampage","Brutality"],"picked":"SKIP","floor":48.0}],"player_experience":1067098,"relics_obtained":[{"floor":7.0,"key":"Juzu Bracelet"},{"floor":9.0,"key":"White Beast Statue"},{"floor":13.0,"key":"Orichalcum"},{"floor":26.0,"key":"Letter Opener"},{"floor":41.0,"key":"Shuriken"},{"floor":43.0,"key":"Happy Flower"},{"floor":46.0,"key":"Calipers"}],"event_choices":[{"cards_removed":["Strike_R"],"damage_healed":0.0,"max_hp_gain":0.0,"max_hp_loss":0.0,"gold_gain":0.0,"event_name":"The Cleric","player_choice":"Card Removal","floor":2.0,"gold_loss":75.0,"damage_taken":0.0},{"cards_removed":["Defend_R"],"damage_healed":0.0,"max_hp_gain":0.0,"max_hp_loss":0.0,"gold_gain":0.0,"event_name":"Golden Wing","player_choice":"Card Removal","floor":3.0,"gold_loss":0.0,"damage_taken":7.0},{"damage_healed":0.0,"max_hp_gain":0.0,"max_hp_loss":0.0,"gold_gain":0.0,"cards_transformed":["Strike_R"],"event_name":"Living Wall","player_choice":"Change","floor":5.0,"gold_loss":0.0,"damage_taken":0.0,"cards_obtained":["Ghostly Armor"]},{"damage_healed":25.0,"max_hp_gain":0.0,"max_hp_loss":0.0,"gold_gain":0.0,"event_name":"Big Fish","player_choice":"Banana","floor":10.0,"gold_loss":0.0,"damage_taken":0.0},{"damage_healed":0.0,"max_hp_gain":0.0,"max_hp_loss":0.0,"gold_gain":0.0,"event_name":"Scrap Ooze","player_choice":"Success","floor":12.0,"gold_loss":0.0,"damage_taken":5.0,"relics_obtained":["CaptainsWheel"]},{"cards_removed":["Strike_R"],"damage_healed":0.0,"max_hp_gain":0.0,"max_hp_loss":0.0,"gold_gain":0.0,"event_name":"Purifier","player_choice":"Purged","floor":19.0,"gold_loss":0.0,"damage_taken":0.0},{"damage_healed":0.0,"max_hp_gain":5.0,"max_hp_loss":0.0,"gold_gain":0.0,"event_name":"Forgotten Altar","player_choice":"Shed Blood","floor":21.0,"gold_loss":0.0,"damage_taken":26.0},{"damage_healed":0.0,"max_hp_gain":0.0,"max_hp_loss":0.0,"gold_gain":0.0,"event_name":"The Joust","player_choice":"Bet on Murderer","floor":24.0,"gold_loss":50.0,"damage_taken":0.0},{"damage_healed":0.0,"max_hp_gain":0.0,"max_hp_loss":0.0,"gold_gain":0.0,"event_name":"Tomb of Lord Red Mask","player_choice":"Paid","floor":38.0,"gold_loss":32.0,"damage_taken":0.0,"relics_obtained":["Red Mask"]},{"damage_healed":0.0,"max_hp_gain":0.0,"max_hp_loss":0.0,"gold_gain":0.0,"event_name":"Winding Halls","player_choice":"Embrace Madness","floor":42.0,"gold_loss":0.0,"damage_taken":14.0,"cards_obtained":["Madness","Madness"]},{"cards_removed":["Carnage"],"damage_healed":0.0,"max_hp_gain":0.0,"max_hp_loss":0.0,"gold_gain":0.0,"event_name":"Falling","player_choice":"Removed Attack","floor":47.0,"gold_loss":0.0,"damage_taken":0.0}],"is_beta":false,"boss_relics":[{"not_picked":["Ectoplasm","SlaversCollar"],"picked":"Empty Cage"},{"not_picked":["Tiny House","Sozu"],"picked":"Runic Pyramid"}],"items_purged_floors":[28,31,36],"is_endless":false,"potions_floor_spawned":[1,11,13,14,16,18,20,22,25,30,33,35,39,41,45,46,48],"ascension_level":20}}