{"host":"i9h64q9gphvrup4n","time":1610058326,"event":{"mods":["2.2 Compatiblity","AchievementEnabler","Aspiration","Astrologer","Bard","BaseMod","Beaked The Cultist","BetterRewards","Colored Powertips","Conspire","Downfall","Gremlin Mod","Hermit","Hubris","Infinite Spire","Jorbs\u0027s Wanderer Trilogy","Minty Spire (QoL Compilation)","Replay The Spire","Shop Mod","StSLib","SuperFastMode","The Blackbeard","The Bladedancer","The Bug Knight","The Construct","The Cursed","The Disciple","The Hierophant","The Jungle","The Necromancer","The Runesmith","The Wild Card","slay the spire mod where everything is the same but ironclad has a cowboy hat","vexMod"],"gold_per_floor":[118,130,140,140,101,136,136,136,136,96,115,129,157,170,170,246,346,365,415,257,207,211,211,256,256],"floor_reached":24,"playtime":843,"items_purged":[],"score":340,"play_id":"cf3ce699-8bad-461a-bd7f-e8348829a2c0","local_time":"20210107162526","is_ascension_mode":true,"campfire_choices":[{"floor":7,"key":"REST"},{"floor":15,"key":"REST"},{"floor":23,"key":"REST"}],"circlet_count":0,"master_deck":["AscendersBane","Strike_W","Strike_W+1","Strike_W","Strike_W","Defend_W","Defend_W","Defend_W","Defend_W","Negative_Energy_Arrows","Bone_Wall","Summon_Undead_Army","Negative_Energy_Javelin","Life_Drain","Necrotic_Claws","Uncharnel","Pandemic","Summon_Undead_Army","Summon_Vampire_Lady","Negative_Energy_Shield","Hallucinations","Summon_Undead_Army","Uncharnel","Summon_Lich"],"relics":["Vampire_Amulet","aspiration:Nostalgia","m_MusicBox","Potion Belt","infinitespire:Bottled Soul","conspire:TopHat","Replay:Wanted Poster","ReplayTheSpireMod:Ring of Challenge","Ring of Greed"],"acts_visited":["Exordium","TheCity"],"potions_floor_usage":[6,12,12,16,16,18],"damage_taken":[{"damage":0,"enemies":"Cultist","floor":1,"turns":4},{"damage":4,"enemies":"Jaw Worm","floor":2,"turns":4},{"damage":7,"enemies":"Small Slimes","floor":3,"turns":4},{"damage":61,"enemies":"Lagavulin","floor":6,"turns":7},{"damage":9,"enemies":"Looter","floor":11,"turns":3},{"damage":17,"enemies":"Gremlin Gang","floor":12,"turns":6},{"damage":35,"enemies":"Gremlin Nob","floor":13,"turns":5},{"damage":15,"enemies":"Exordium Thugs","floor":14,"turns":5},{"damage":34,"enemies":"Hexaghost","floor":16,"turns":9},{"damage":29,"enemies":"3 Byrds","floor":18,"turns":6},{"damage":59,"enemies":"2 Thieves","floor":22,"turns":5},{"damage":0,"enemies":"Gremlin Leader","floor":24,"turns":2}],"seed_played":"6833627374292921799","potions_obtained":[{"floor":1,"key":"PowerPotion"},{"floor":10,"key":"SpeedPotion"},{"floor":10,"key":"SkillPotion"},{"floor":10,"key":"AttackPotion"},{"floor":12,"key":"Reflective Coating"},{"floor":13,"key":"BlessingOfTheForge"}],"is_trial":false,"path_per_floor":["M","M","M","?","$","E","R","?","T","?","M","M","E","M","R","B",null,"M","?","$","?","M","R","E"],"character_chosen":"NECROMANCER","items_purchased":["Necrotic_Claws","Summon_Undead_Army","Uncharnel"],"campfire_rested":3,"item_purchase_floors":[5,20,20],"current_hp_per_floor":[70,68,65,65,65,16,38,63,63,63,56,57,30,19,41,21,62,60,60,60,60,21,43,43,43],"gold":256,"neow_bonus":"NOSTALGIA","is_daily":false,"chose_seed":false,"campfire_upgraded":0,"win_rate":0.0,"timestamp":1610058326,"path_taken":["M","?","M","?","$","E","R","?","T","?","?","M","E","M","R","BOSS","M","?","?","?","?","R","E"],"items_purchased_type":["Card","Card","Card"],"build_version":"2020-12-22","purchased_purges":0,"victory":false,"max_hp_per_floor":[75,75,75,75,75,75,75,75,75,75,75,75,75,75,75,75,75,75,75,75,75,75,75,75,75],"card_choices":[{"not_picked":["Toxic_Smoke_Screen","Bone_Armor"],"picked":"Summon_Undead_Army","floor":1},{"not_picked":["Shackles_Of_Pain","Vampiric_Strike"],"picked":"Negative_Energy_Javelin","floor":2},{"not_picked":["Negative_Energy_Mist","Bone_Bullets"],"picked":"Life_Drain","floor":3},{"not_picked":["Capacitor","Cloudkill"],"picked":"Uncharnel","floor":6},{"not_picked":["Shade_Step","Bone_Shift"],"picked":"Pandemic","floor":11},{"not_picked":["Blood_Whip","Blood_Shield","Loop"],"picked":"SKIP","floor":12},{"not_picked":["Summon_Undead","Bone_Prison"],"picked":"Summon_Undead_Army","floor":13},{"not_picked":["Bone_Bullets","Blood_Curse","Blood_Wake"],"picked":"SKIP","floor":14},{"not_picked":["Reap_The_Weak","Negative_Energy_Bomb"],"picked":"Summon_Vampire_Lady","floor":16},{"not_picked":["Scare","Bones_to_Steel+1"],"picked":"Negative_Energy_Shield","floor":18},{"not_picked":["Consume_Illness","Whirlwind_of_Bones"],"picked":"Summon_Lich","floor":22}],"player_experience":689912,"relics_obtained":[{"floor":6,"key":"Potion Belt"},{"floor":9,"key":"infinitespire:Bottled Soul"},{"floor":13,"key":"conspire:TopHat"},{"floor":19,"key":"ReplayTheSpireMod:Ring of Challenge"},{"floor":19,"key":"Ring of Greed"}],"event_choices":[{"damage_healed":25,"gold_gain":0,"player_choice":"Banana","damage_taken":0,"max_hp_gain":0,"max_hp_loss":0,"event_name":"Big Fish","floor":8,"gold_loss":0},{"damage_healed":0,"gold_gain":0,"player_choice":"Bought 3 Potions","damage_taken":0,"max_hp_gain":0,"max_hp_loss":0,"event_name":"The Woman in Blue","floor":10,"gold_loss":0},{"damage_healed":0,"gold_gain":0,"player_choice":"Bet on Owner","damage_taken":0,"max_hp_gain":0,"max_hp_loss":0,"event_name":"The Joust","floor":21,"gold_loss":50}],"is_beta":false,"boss_relics":[{"not_picked":["vexMod:FluxCapacitor","Kintsugi"],"picked":"Replay:Wanted Poster"}],"items_purged_floors":[],"is_endless":false,"potions_floor_spawned":[1,12,13],"killed_by":"Gremlin Leader","ascension_level":13}}