{"host":"oiai0qxasotny765","time":1610026270,"event":{"mods":["2.2 Compatiblity","AchievementEnabler","BaseMod","Colored Map","Minty Spire (QoL Compilation)","Permanent Neow","Relic Stats","StSLib","SuperFastMode","everything is the same but u backflip on backflip"],"gold_per_floor":[114,131,143,218,143,143,177,157,157,177,177,194,207,207,207],"floor_reached":14,"playtime":330,"items_purged":["Strike_R"],"score":170,"play_id":"fd5098ba-041e-4594-9f03-33d9f3752b70","local_time":"20210107223110","is_ascension_mode":true,"campfire_choices":[{"data":"Wild Strike","floor":6,"key":"SMITH"},{"data":"Blood for Blood","floor":11,"key":"SMITH"}],"circlet_count":0,"master_deck":["AscendersBane","Strike_R","Strike_R","Strike_R","Strike_R","Defend_R","Defend_R","Defend_R","Defend_R","Bash","Brutality","Burning Pact","Wild Strike+1","Ghostly Armor","Pommel Strike","Blood for Blood+1","Fiend Fire"],"relics":["Burning Blood","Toy Ornithopter","Mummified Hand"],"acts_visited":["Exordium"],"potions_floor_usage":[],"damage_taken":[{"damage":14.0,"enemies":"Jaw Worm","floor":1.0,"turns":4.0},{"damage":9,"enemies":"Cultist","floor":2,"turns":4},{"damage":4,"enemies":"Small Slimes","floor":3,"turns":3},{"damage":35,"enemies":"Gremlin Nob","floor":7,"turns":4},{"damage":7,"enemies":"2 Fungi Beasts","floor":10,"turns":3},{"damage":2,"enemies":"Looter","floor":12,"turns":2},{"damage":12,"enemies":"Large Slime","floor":13,"turns":5},{"damage":16,"enemies":"Lagavulin","floor":14,"turns":3}],"seed_played":"476233685900480246","potions_obtained":[{"floor":3,"key":"Explosive Potion"},{"floor":7,"key":"BlessingOfTheForge"},{"floor":8,"key":"CultistPotion"}],"is_trial":false,"path_per_floor":["M","M","M","?","$","R","E","?","T","M","R","M","M","E"],"character_chosen":"IRONCLAD","items_purchased":[],"campfire_rested":0,"item_purchase_floors":[],"current_hp_per_floor":[60,57,59,48,48,48,19,19,19,18,18,22,16,0,0],"gold":207,"neow_bonus":"ONE_RANDOM_RARE_CARD","is_daily":false,"chose_seed":false,"campfire_upgraded":2,"win_rate":0.0,"timestamp":1610026270,"path_taken":["M","M","M","?","$","R","E","?","T","M","R","M","M","E"],"items_purchased_type":[],"build_version":"2020-12-22","purchased_purges":1,"victory":false,"max_hp_per_floor":[75,75,75,75,75,75,75,75,75,75,75,75,75,75,75],"relic_stats":{"counters":[8,27],"Mummified Hand":[4],"obtain_stats":[{"Mummified Hand":9,"Burning Blood":0,"Toy Ornithopter":7},{"Mummified Hand":4,"Burning Blood":0,"Toy Ornithopter":4},{"Mummified Hand":15,"Burning Blood":0,"Toy Ornithopter":15}],"Burning Blood":42,"Toy Ornithopter":0},"card_choices":[{"not_picked":["Havoc","Iron Wave"],"picked":"Burning Pact","floor":1.0},{"not_picked":["Clash","Twin Strike"],"picked":"Wild Strike","floor":2},{"not_picked":["Metallicize","Headbutt"],"picked":"Ghostly Armor","floor":3},{"not_picked":["Perfected Strike","Wild Strike"],"picked":"Pommel Strike","floor":7},{"not_picked":["Spot Weakness","Inflame"],"picked":"Blood for Blood","floor":10},{"not_picked":["Armaments","Flex"],"picked":"Fiend Fire","floor":12},{"not_picked":["Heavy Blade","True Grit","Clash"],"picked":"SKIP","floor":13}],"player_experience":312034,"relics_obtained":[{"floor":7,"key":"Toy Ornithopter"},{"floor":9,"key":"Mummified Hand"}],"event_choices":[{"damage_healed":0,"gold_gain":75,"player_choice":"Gather Gold","damage_taken":11,"max_hp_gain":0,"max_hp_loss":0,"event_name":"World of Goop","floor":4,"gold_loss":0},{"damage_healed":0,"gold_gain":0,"player_choice":"Bought 1 Potion","damage_taken":0,"max_hp_gain":0,"max_hp_loss":0,"event_name":"The Woman in Blue","floor":8,"gold_loss":0}],"is_beta":false,"boss_relics":[],"items_purged_floors":[5],"is_endless":false,"potions_floor_spawned":[3,7,10],"killed_by":"Lagavulin","ascension_level":17}}