{"host":"l84l8xigz5v5foa2","time":1610031061,"event":{"mods":["2.2 Compatiblity","AchievementEnabler","BaseMod","Better Note","Better Vampires","Card Filter","Colored Map","DeckTracker","Downfall","Gremlin Skip","Highlight Path","Keyboard Shortcuts","Minty Spire (QoL Compilation)","Permanent Neow","Quick Restart","Relic Filter","Relic Stats","StSLib","SuperFastMode","Transform Curses","Unknown Chances"],"gold_per_floor":[99,117,128,128,148,148,198,226,226,259,141,66,76,76,87,161,161,161,179,179,179,89,119,167,167,185,215,228,248,248,265,278,356,356,206,216,236,291,521,531,557,198,227,275,327,352,352,365,376,376,376,401,8,8,8],"floor_reached":56,"playtime":5451,"items_purged":["Guardian:Strike_Guardian","Guardian:Defend_Guardian","Guardian:Defend_Guardian","Guardian:Defend_Guardian"],"score":3279,"play_id":"ddcb2858-5062-4573-af01-1fa221b03202","local_time":"20210107235101","is_ascension_mode":true,"campfire_choices":[{"data":"Guardian:CurlUp","floor":1.0,"key":"SMITH"},{"data":"Guardian:TwinSlam","floor":6.0,"key":"SMITH"},{"floor":12.0,"key":"REST"},{"data":"Guardian:Planning","floor":18.0,"key":"SMITH"},{"data":"Guardian:ExploitGems","floor":25.0,"key":"SMITH"},{"floor":30.0,"key":"RECALL"},{"data":"Guardian:StasisEngine","floor":35.0,"key":"SMITH"},{"data":"Guardian:Suspension","floor":47,"key":"SMITH"},{"data":"Guardian:Suspension","floor":54,"key":"SMITH"}],"circlet_count":0,"master_deck":["AscendersBane","Guardian:Defend_Guardian","Guardian:CurlUp+1","Guardian:TwinSlam+1","Guardian:ChargeCore","Guardian:ShieldSpikes","Guardian:Incinerate","Guardian:Reroute","Guardian:Incinerate","Guardian:Planning+1","Guardian:ExploitGems+1","Guardian:EvasiveProtocol","Guardian:Gem_Cyan","Guardian:StasisEngine+1","Guardian:Clone","Guardian:Suspension+1","Guardian:TimeCapacitor","expansioncontent:CaCaw","Guardian:Suspension+1","Guardian:StasisEngine+1"],"relics":["Guardian:ModeShifter","champ:DeflectingBracers","Potion Belt","Tiny Chest","Guardian:SackOfGems","downfall:HeartBlessingGreen","Runic Pyramid","Guardian:GemstoneGun","HornCleat","Oddly Smooth Stone","Sozu","downfall:HeartBlessingRed","downfall:HeartBlessingBlue","Bird Faced Urn","Happy Flower","Singing Bowl","Smiling Mask","Regal Pillow","Turnip","Blood Vial","DollysMirror","sneckomod:BlankCard"],"acts_visited":["Exordium","TheCity","TheBeyond","TheEnding"],"potions_floor_usage":[55],"damage_taken":[{"damage":6.0,"enemies":"Cultist","floor":2.0,"turns":5.0},{"damage":0.0,"enemies":"Small Slimes","floor":3.0,"turns":3.0},{"damage":0.0,"enemies":"Jaw Worm","floor":5.0,"turns":3.0},{"damage":32.0,"enemies":"Gremlin Nob","floor":8.0,"turns":4.0},{"damage":19.0,"enemies":"Lagavulin","floor":10.0,"turns":7.0},{"damage":0.0,"enemies":"downfall:FleeingMerchant","floor":11.0,"turns":4.0},{"damage":0.0,"enemies":"Exordium Thugs","floor":13.0,"turns":4.0},{"damage":0.0,"enemies":"Large Slime","floor":15.0,"turns":4.0},{"damage":5.0,"enemies":"downfall:Ironclad","floor":16.0,"turns":7.0},{"damage":0.0,"enemies":"3 Byrds","floor":19.0,"turns":3.0},{"damage":0.0,"enemies":"downfall:FleeingMerchant","floor":22.0,"turns":4.0},{"damage":0.0,"enemies":"Book of Stabbing","floor":23.0,"turns":4.0},{"damage":0.0,"enemies":"Chosen","floor":26.0,"turns":3.0},{"damage":0.0,"enemies":"Slavers","floor":27.0,"turns":3.0},{"damage":0.0,"enemies":"Snake Plant","floor":28.0,"turns":3.0},{"damage":0.0,"enemies":"Sentry and Sphere","floor":29.0,"turns":3.0},{"damage":0.0,"enemies":"Centurion and Healer","floor":31.0,"turns":4.0},{"damage":0.0,"enemies":"3 Cultists","floor":32.0,"turns":4.0},{"damage":0.0,"enemies":"downfall:Watcher","floor":33.0,"turns":7.0},{"damage":0.0,"enemies":"3 Shapes","floor":36.0,"turns":3.0},{"damage":0.0,"enemies":"Orb Walker","floor":37.0,"turns":2.0},{"damage":0.0,"enemies":"2 Orb Walkers","floor":38.0,"turns":4.0},{"damage":0.0,"enemies":"downfall:FleeingMerchant","floor":39.0,"turns":3.0},{"damage":5.0,"enemies":"Writhing Mass","floor":40.0,"turns":3.0},{"damage":0.0,"enemies":"Nemesis","floor":43.0,"turns":5.0},{"damage":0,"enemies":"Mind Bloom Boss Battle","floor":46,"turns":3},{"damage":0,"enemies":"4 Shapes","floor":48,"turns":3},{"damage":0,"enemies":"Maw","floor":49,"turns":4},{"damage":0,"enemies":"downfall:Defect","floor":50,"turns":5},{"damage":0,"enemies":"downfall:CharBossMerchant","floor":52,"turns":2},{"damage":0,"enemies":"downfall:NeowBoss","floor":55,"turns":9}],"seed_played":"-7639922161898829621","potions_obtained":[{"floor":2.0,"key":"Energy Potion"},{"floor":3.0,"key":"Swift Potion"},{"floor":13.0,"key":"GamblersBrew"},{"floor":19.0,"key":"SkillPotion"},{"floor":27.0,"key":"GamblersBrew"},{"floor":29.0,"key":"SteroidPotion"},{"floor":33.0,"key":"Fire Potion"}],"is_trial":false,"path_per_floor":["R","M","M","?","M","R","T","E","?","E","$","R","M","?","M","B",null,"R","M","T","?","$","E","T","R","M","E","M","M","R","M","M","B",null,"R","M","M","?","$","M","T","$","E","?","T","?","R","M","M","B",null,"E","$","R","B",null],"character_chosen":"GUARDIAN","items_purchased":["Guardian:Incinerate","Guardian:Planning","Guardian:Suspension","Guardian:TimeCapacitor","expansioncontent:CaCaw","DollysMirror","sneckomod:BlankCard"],"campfire_rested":1,"item_purchase_floors":[11,11,42,42,42,53,53],"current_hp_per_floor":[65,59,59,59,59,59,59,27,27,8,8,27,27,27,27,22,54,54,54,54,54,54,54,54,54,54,54,54,54,54,54,54,54,62,72,72,72,72,75,72,72,72,77,77,77,79,79,79,81,81,81,81,81,81,81],"gold":8,"neow_bonus":"ONE_RARE_RELIC","is_daily":false,"chose_seed":false,"campfire_upgraded":7,"win_rate":0.0,"timestamp":1610031061,"path_taken":["R","M","M","?","M","R","T","E","?","E","$","R","?","?","M","BOSS","R","M","?","?","$","E","T","R","M","E","M","M","R","M","M","BOSS","R","M","M","?","$","M","T","$","E","?","?","?","R","M","M","BOSS","E","$","R","BOSS"],"items_purchased_type":["Card","Card","Card","Card","Card","Relic","Relic"],"build_version":"2020-12-22","purchased_purges":4,"victory":true,"max_hp_per_floor":[65,65,65,65,65,65,65,65,65,65,65,65,65,65,65,65,65,65,65,65,65,65,65,65,65,65,65,65,65,65,65,65,65,65,75,75,75,75,75,75,75,75,77,77,77,79,79,79,81,81,81,81,81,81,81],"relic_stats":{"Sozu":4,"Blood Vial":0,"Regal Pillow":0,"Happy Flower":[10],"Singing Bowl":6,"counters":[31,125],"Bird Faced Urn":[8],"Tiny Chest":2,"Turnip":[7],"Smiling Mask":100,"obtain_stats":[{"Potion Belt":7,"Regal Pillow":45,"downfall:HeartBlessingRed":35,"Happy Flower":41,"Singing Bowl":43,"Guardian:GemstoneGun":20,"sneckomod:BlankCard":53,"Guardian:ModeShifter":0,"Oddly Smooth Stone":27,"Guardian:SackOfGems":10,"downfall:HeartBlessingGreen":12,"champ:DeflectingBracers":0,"Smiling Mask":44,"Sozu":34,"Blood Vial":52,"HornCleat":23,"downfall:HeartBlessingBlue":35,"DollysMirror":53,"Bird Faced Urn":38,"Tiny Chest":8,"Turnip":46,"Runic Pyramid":17},{"Potion Belt":3,"Regal Pillow":25,"downfall:HeartBlessingRed":19,"Happy Flower":24,"Singing Bowl":25,"Guardian:GemstoneGun":10,"sneckomod:BlankCard":30,"Guardian:ModeShifter":0,"Oddly Smooth Stone":14,"Guardian:SackOfGems":5,"downfall:HeartBlessingGreen":6,"champ:DeflectingBracers":0,"Smiling Mask":25,"Sozu":19,"Blood Vial":30,"HornCleat":12,"downfall:HeartBlessingBlue":19,"DollysMirror":30,"Bird Faced Urn":22,"Tiny Chest":4,"Turnip":26,"Runic Pyramid":9},{"Potion Belt":11,"Regal Pillow":99,"downfall:HeartBlessingRed":79,"Happy Flower":94,"Singing Bowl":99,"Guardian:GemstoneGun":44,"sneckomod:BlankCard":116,"Guardian:ModeShifter":0,"Oddly Smooth Stone":58,"Guardian:SackOfGems":22,"downfall:HeartBlessingGreen":26,"champ:DeflectingBracers":0,"Smiling Mask":99,"Sozu":79,"Blood Vial":116,"HornCleat":52,"downfall:HeartBlessingBlue":79,"DollysMirror":116,"Bird Faced Urn":88,"Tiny Chest":15,"Turnip":102,"Runic Pyramid":41}]},"card_choices":[{"not_picked":["Guardian:VentSteam","Guardian:DecasProtection"],"picked":"Guardian:Gem_Fragmented","floor":2.0},{"not_picked":["Guardian:WalkerClaw","Guardian:Clone"],"picked":"Guardian:Gem_Cyan","floor":3.0},{"not_picked":["Guardian:Gem_Lightblue","Guardian:Gem_Green"],"picked":"Guardian:ChargeCore","floor":5.0},{"not_picked":["Guardian:RollAttack","Guardian:PrimingBeam"],"picked":"Guardian:ShieldSpikes","floor":8.0},{"not_picked":["Guardian:StasisEngine","Guardian:RollAttack"],"picked":"Guardian:Reroute","floor":11.0},{"not_picked":["Guardian:CrystalBeam","Guardian:Planning","Guardian:RollAttack"],"picked":"SKIP","floor":13.0},{"not_picked":["Guardian:CrystalBeam","Guardian:ArmoredProtocol","Guardian:PrimingBeam"],"picked":"SKIP","floor":15.0},{"not_picked":["Guardian:HyperBeam_Guardian","Guardian:FierceBash"],"picked":"Guardian:Gem_Orange","floor":16.0},{"not_picked":["Guardian:WalkerClaw","Guardian:ShieldCharger","Guardian:CrystalBeam"],"picked":"SKIP","floor":19.0},{"not_picked":["Guardian:Gem_Cyan","Guardian:RevengeProtocol","Guardian:FierceBash"],"picked":"SKIP","floor":22.0},{"not_picked":["Guardian:RollAttack","Guardian:Gem_White"],"picked":"Guardian:ExploitGems","floor":23.0},{"not_picked":["Guardian:Incinerate","Guardian:ChargeCore"],"picked":"Guardian:EvasiveProtocol","floor":26.0},{"not_picked":["Guardian:HyperBeam_Guardian","Guardian:VentSteam+1","Guardian:Gem_Crimson"],"picked":"SKIP","floor":27.0},{"not_picked":["Guardian:Orbwalk","Guardian:CrystalBeam"],"picked":"Guardian:Gem_Cyan","floor":28.0},{"not_picked":["Guardian:VentSteam","Guardian:Gem_Red","Guardian:Gem_Purple"],"picked":"SKIP","floor":29.0},{"not_picked":["Guardian:SentryBeam","Guardian:Gem_Green"],"picked":"Guardian:Gem_Cyan","floor":31.0},{"not_picked":["Guardian:GuardianWhirl","Guardian:Repulse","Guardian:ChargeCore"],"picked":"SKIP","floor":32.0},{"not_picked":["Guardian:HyperBeam_Guardian","Guardian:GatlingBeam"],"picked":"Guardian:StasisEngine","floor":33.0},{"not_picked":["Guardian:RollAttack","Guardian:Emergency+1","Guardian:ChargeUp"],"picked":"SKIP","floor":36.0},{"not_picked":["Guardian:VentSteam+1","Guardian:Gem_Red"],"picked":"Guardian:Clone","floor":37.0},{"not_picked":["Guardian:ShieldCharger","Guardian:PrismaticBarrier"],"picked":"Guardian:Gem_Orange","floor":39.0},{"not_picked":["Guardian:TemporalStrike+1","Guardian:Planning","Guardian:Gem_Red"],"picked":"SKIP","floor":40.0},{"not_picked":["Guardian:TemporalStrike+1","Guardian:Planning","Guardian:Gem_Red"],"picked":"SKIP","floor":40.0},{"not_picked":["Guardian:SentryBeam","Guardian:Gem_Crimson","Guardian:EvasiveProtocol"],"picked":"Singing Bowl","floor":43.0},{"not_picked":["Guardian:Gem_Red","Guardian:DonusPower","Guardian:Reroute"],"picked":"Singing Bowl","floor":46},{"not_picked":["Guardian:ShieldCharger+1","Guardian:VentSteam"],"picked":"Guardian:Gem_White","floor":48},{"not_picked":["Guardian:CrystalBeam","Guardian:ChargeCore","Guardian:GemFire"],"picked":"Singing Bowl","floor":49},{"not_picked":["Guardian:Clone+1","Guardian:RefractedBeam+1"],"picked":"Guardian:Suspension","floor":52}],"player_experience":2963601,"relics_obtained":[{"floor":7.0,"key":"Potion Belt"},{"floor":8.0,"key":"Tiny Chest"},{"floor":10.0,"key":"Guardian:SackOfGems"},{"floor":20.0,"key":"Guardian:GemstoneGun"},{"floor":23.0,"key":"HornCleat"},{"floor":27.0,"key":"Oddly Smooth Stone"},{"floor":38.0,"key":"Bird Faced Urn"},{"floor":41.0,"key":"Happy Flower"},{"floor":43.0,"key":"Singing Bowl"},{"floor":44,"key":"Smiling Mask"},{"floor":45,"key":"Regal Pillow"},{"floor":46,"key":"Turnip"},{"floor":52,"key":"Blood Vial"}],"event_choices":[{"damage_healed":0.0,"max_hp_gain":0.0,"max_hp_loss":0.0,"gold_gain":0.0,"cards_transformed":["Guardian:Strike_Guardian"],"event_name":"Transmorgrifier","player_choice":"Transformed","floor":9.0,"gold_loss":0.0,"damage_taken":0.0,"cards_obtained":["Guardian:Incinerate"]},{"cards_removed":["Guardian:Strike_Guardian"],"damage_healed":0.0,"max_hp_gain":0.0,"max_hp_loss":0.0,"gold_gain":0.0,"event_name":"Purifier","player_choice":"Purged","floor":14.0,"gold_loss":0.0,"damage_taken":0.0},{"damage_healed":0.0,"max_hp_gain":0.0,"max_hp_loss":0.0,"gold_gain":0.0,"event_name":"The Library","player_choice":"Read","floor":21.0,"gold_loss":0.0,"damage_taken":0.0,"cards_obtained":["Guardian:Gem_White"]},{"damage_healed":0.0,"max_hp_gain":0.0,"max_hp_loss":0.0,"gold_gain":0.0,"event_name":"Mysterious Sphere","player_choice":"Fight","floor":38.0,"gold_loss":0.0,"damage_taken":0.0}],"is_beta":false,"boss_relics":[{"not_picked":["Fusion Hammer","Cursed Key"],"picked":"Runic Pyramid"},{"not_picked":["Guardian:StasisSlotReductionRelic","Calling Bell"],"picked":"Sozu"}],"items_purged_floors":[22,39,42,53],"is_endless":false,"potions_floor_spawned":[2,3,13,19,27,29,33,36,38,46,49],"ascension_level":20}}