{"host":"ig7tc0uedzltt2sr","time":1610055675,"event":{"mods":["BaseMod","Better Twitch Integration","Block Reminder","Colored Map","Colored Powertips","Communication Mod","Current Relic Mod","GifTheSpireLib","HexUI Lib","Minty Spire (QoL Compilation)","Quick Restart","Random Character Button","Rare Cards Sparkle","Relic Sorter","Relic Stats","Slay the Relics Exporter","StSLib","SuperFastMode","Synergy Search","Twitch Decklist","Twitch Utils","everything is the same but u backflip on backflip","slay the spire mod where everything is the same but ironclad has a cowboy hat"],"gold_per_floor":[114,124,140,154,174,174,349,375,375,389,389,389,389,403,403,403,403],"floor_reached":16,"playtime":115,"items_purged":[],"score":104,"play_id":"b1a29c14-785b-45a2-bc8c-acda46aa663c","local_time":"20210107134115","is_ascension_mode":false,"campfire_choices":[{"floor":6,"key":"RECALL"},{"floor":13,"key":"REST"},{"floor":15,"key":"REST"}],"circlet_count":0,"master_deck":["Strike_R","Strike_R","Strike_R","Strike_R","Strike_R","Defend_R","Defend_R","Defend_R","Defend_R","Bash","Armaments","Sword Boomerang","Clash","Combust","Demon Form","Doubt","True Grit","Shrug It Off","Pain","Ghostly Armor"],"relics":["Burning Blood","NeowsBlessing","Boot","Golden Idol","WarpedTongs"],"acts_visited":["Exordium"],"potions_floor_usage":[],"damage_taken":[{"damage":0,"enemies":"Small Slimes","floor":1,"turns":1},{"damage":0,"enemies":"Cultist","floor":2,"turns":1},{"damage":0,"enemies":"Jaw Worm","floor":3,"turns":1},{"damage":6,"enemies":"2 Fungi Beasts","floor":4,"turns":4},{"damage":12,"enemies":"Looter","floor":5,"turns":5},{"damage":47,"enemies":"3 Sentries","floor":8,"turns":8},{"damage":25,"enemies":"Large Slime","floor":10,"turns":8},{"damage":30,"enemies":"Lots of Slimes","floor":14,"turns":8},{"damage":44,"enemies":"Slime Boss","floor":16,"turns":7}],"seed_played":"-1022897762753049709","potions_obtained":[{"floor":2,"key":"LiquidMemories"},{"floor":4,"key":"Regen Potion"},{"floor":10,"key":"PowerPotion"}],"is_trial":false,"path_per_floor":["M","M","M","M","M","R","?","E","T","M","?","?","R","M","R","B"],"character_chosen":"IRONCLAD","items_purchased":[],"campfire_rested":2,"item_purchase_floors":[],"current_hp_per_floor":[80,80,80,80,76,76,76,35,35,16,16,16,38,14,36,0,0],"gold":403,"neow_bonus":"THREE_ENEMY_KILL","is_daily":false,"chose_seed":false,"campfire_upgraded":0,"win_rate":0.0,"timestamp":1610055675,"path_taken":["M","M","M","M","M","R","?","E","T","M","?","?","R","?","R","BOSS"],"items_purchased_type":[],"build_version":"2020-12-22","purchased_purges":0,"victory":false,"max_hp_per_floor":[80,80,80,80,80,80,80,80,80,80,74,74,74,74,74,74,74],"relic_stats":{"counters":[9,43],"Golden Idol":3,"Boot":[31],"obtain_stats":[{"NeowsBlessing":0,"Golden Idol":11,"Boot":8,"Burning Blood":0,"WarpedTongs":12},{"NeowsBlessing":0,"Golden Idol":7,"Boot":6,"Burning Blood":0,"WarpedTongs":7},{"NeowsBlessing":0,"Golden Idol":28,"Boot":20,"Burning Blood":0,"WarpedTongs":28}],"Burning Blood":30,"WarpedTongs":[15]},"card_choices":[{"not_picked":["Havoc","Body Slam"],"picked":"Armaments","floor":1},{"not_picked":["Twin Strike","Entrench"],"picked":"Sword Boomerang","floor":2},{"not_picked":["Cleave","Headbutt"],"picked":"Clash","floor":3},{"not_picked":["Blood for Blood","Sentinel"],"picked":"Combust","floor":4},{"not_picked":["Rage","Pummel"],"picked":"Demon Form","floor":5},{"not_picked":["Body Slam","Clothesline"],"picked":"True Grit","floor":8},{"not_picked":["Anger","Thunderclap"],"picked":"Shrug It Off","floor":10},{"not_picked":["Heavy Blade","Clothesline"],"picked":"Ghostly Armor","floor":14}],"player_experience":1455794,"relics_obtained":[{"floor":8,"key":"Boot"}],"event_choices":[{"damage_healed":0,"gold_gain":175,"player_choice":"AGREE","damage_taken":0,"max_hp_gain":0,"max_hp_loss":0,"event_name":"Liars Game","floor":7,"gold_loss":0,"cards_obtained":["Doubt"]},{"damage_healed":0,"gold_gain":0,"player_choice":"Lose Max HP","damage_taken":0,"relics_obtained":["Golden Idol"],"max_hp_gain":0,"max_hp_loss":6,"event_name":"Golden Idol","floor":11,"gold_loss":0},{"damage_healed":0,"gold_gain":0,"player_choice":"Rummage","damage_taken":0,"relics_obtained":["WarpedTongs"],"max_hp_gain":0,"max_hp_loss":0,"event_name":"Accursed Blacksmith","floor":12,"gold_loss":0,"cards_obtained":["Pain"]}],"is_beta":false,"boss_relics":[],"items_purged_floors":[],"is_endless":false,"potions_floor_spawned":[2,4,10],"killed_by":"Slime Boss","ascension_level":0}}