{"host":"qq27suot6m8koe0b","time":1610008523,"event":{"mods":["Act Like it!","BaseMod","CapriCore","GifTheSpireLib","Lobotomy","Minty Spire (QoL Compilation)","StSLib","Waifu the Spire"],"gold_per_floor":[117,292,309,322,340,367,382,457,457,394,411,428,428,439,439,542,542,557,572,572,598,598,626,626,644,671,671,671,689,788,396,396,491,791,810,865,484,484,136,136,169,169,169,182,232,250,250,267,267,267,267,267,1,28,28],"floor_reached":56,"playtime":3519,"items_purged":["NothingThere"],"score":1247,"play_id":"b3b3ec26-bffb-42dc-b396-3e93d7e8648c","local_time":"20210107163523","is_ascension_mode":false,"campfire_choices":[{"floor":15,"key":"REST"},{"floor":24,"key":"RECALL"},{"floor":27,"key":"REST"},{"floor":28,"key":"REST"},{"data":"Finisher","floor":32,"key":"SMITH"},{"data":"Noxious Fumes","floor":40,"key":"SMITH"},{"data":"Neutralize","floor":42,"key":"SMITH"},{"floor":49,"key":"DIG"},{"data":"Noxious Fumes","floor":52,"key":"SMITH"}],"circlet_count":0,"master_deck":["Survivor","Neutralize+1","VoidDream","Deadly Poison","Doubt","Poisoned Stab","Poisoned Stab","Poisoned Stab","Dash","Leg Sweep+1","Venomology+1","Poisoned Stab","Dagger Spray","Bullet Time+1","Expertise+1","PiercingWail+1","Backstab","Malaise+1","Bullet Time+1","Endless Agony","Dodge and Roll+1","Heel Hook","Finisher+1","Poisoned Stab+1","Escape Plan+1","Cloak And Dagger+1","Metamorphosis+1","Adrenaline+1","CurseOfTheBell","Deadly Poison+1","Well Laid Plans","Prepared+1","Noxious Fumes+1","Adrenaline+1","DreamingCurrent","Choke","Noxious Fumes+1","Sucker Punch+1","NakedNest","Caltrops","Escape Plan+1","After Image"],"relics":["Ring of the Snake","CogitoBucket","Toxic Egg 2","Unceasing Top","CaptainsWheel","Pandora\u0027s Box","Letter Opener","Red Mask","WingedGreaves","PreservedInsect","Calling Bell","Bronze Scales","Paper Crane","Old Coin","Lizard Tail","TheAbacus","Vajra","TwistedFunnel","Smiling Mask","Shovel","FossilizedHelix","TungstenRod","Boot","Kunai"],"acts_visited":["Exordium","TheCity","TheBeyond","TheEnding"],"potions_floor_usage":[6,7,12,16,21,23,25,29,33,35,36,36,44,45,46,50,54,55,55],"damage_taken":[{"damage":0,"enemies":"Small Slimes","floor":1,"turns":3},{"damage":2,"enemies":"Jaw Worm","floor":3,"turns":6},{"damage":2,"enemies":"Cultist","floor":4,"turns":4},{"damage":1,"enemies":"2 Fungi Beasts","floor":5,"turns":4},{"damage":40,"enemies":"Lagavulin","floor":6,"turns":7},{"damage":12,"enemies":"Gremlin Gang","floor":7,"turns":8},{"damage":1,"enemies":"Red Slaver","floor":11,"turns":3},{"damage":0,"enemies":"Exordium Wildlife","floor":12,"turns":3},{"damage":0,"enemies":"3 Louse","floor":14,"turns":4},{"damage":13,"enemies":"The Guardian","floor":16,"turns":10},{"damage":0,"enemies":"Spheric Guardian","floor":18,"turns":5},{"damage":0,"enemies":"Shell Parasite","floor":19,"turns":4},{"damage":6,"enemies":"Masked Bandits","floor":21,"turns":3},{"damage":59,"enemies":"Slavers","floor":23,"turns":5},{"damage":30,"enemies":"Sentry and Sphere","floor":25,"turns":4},{"damage":0,"enemies":"Shelled Parasite and Fungi","floor":29,"turns":4},{"damage":65,"enemies":"Champ","floor":33,"turns":9},{"damage":1,"enemies":"3 Shapes","floor":35,"turns":7},{"damage":12,"enemies":"2 Orb Walkers","floor":36,"turns":5},{"damage":13,"enemies":"Reptomancer","floor":41,"turns":5},{"damage":4,"enemies":"3 Darklings","floor":44,"turns":2},{"damage":7,"enemies":"Mind Bloom Boss Battle","floor":45,"turns":4},{"damage":0,"enemies":"Writhing Mass","floor":46,"turns":5},{"damage":1,"enemies":"Spire Growth","floor":48,"turns":4},{"damage":115,"enemies":"Awakened One","floor":50,"turns":15},{"damage":8,"enemies":"Shield and Spear","floor":54,"turns":5},{"damage":46,"enemies":"The Heart","floor":55,"turns":10}],"seed_played":"456889027041712964","potions_obtained":[{"floor":1,"key":"EssenceOfSteel"},{"floor":3,"key":"CultistPotion"},{"floor":4,"key":"PowerPotion"},{"floor":7,"key":"Block Potion"},{"floor":11,"key":"DistilledChaos"},{"floor":13,"key":"FairyPotion"},{"floor":23,"key":"SteroidPotion"},{"floor":25,"key":"FairyPotion"}],"is_trial":false,"path_per_floor":["M","?","M","M","M","E","M","?","T","?","M","M","?","M","R","B",null,"M","M","T","?","?","E","R","M","T","R","R","M","?","$","R","B",null,"M","?","$","?","$","R","E","R","T","M","?","M","?","M","R","B",null,"R","$","E","B",null],"character_chosen":"THE_SILENT","items_purchased":["PreservedInsect","Metamorphosis+1","Well Laid Plans","Prepared+1","TheAbacus","Vajra","Noxious Fumes","Adrenaline+1","TwistedFunnel","Caltrops","Escape Plan+1","Boot"],"campfire_rested":3,"item_purchase_floors":[31,31,37,37,37,37,39,39,39,53,53,53],"current_hp_per_floor":[70,70,68,66,65,25,13,2,2,2,1,1,1,1,22,9,70,70,70,70,64,51,31,31,18,18,40,62,75,75,75,75,10,75,74,62,62,62,62,62,49,49,49,45,50,71,71,70,70,9,71,71,71,71,49],"gold":28,"neow_bonus":"","is_daily":false,"chose_seed":false,"campfire_upgraded":4,"win_rate":0.0,"timestamp":1610008523,"path_taken":["M","?","M","M","M","E","M","?","T","?","?","M","?","M","R","BOSS","M","M","?","?","?","E","R","M","T","R","R","?","?","$","R","BOSS","M","?","$","?","?","R","E","R","T","M","?","M","?","M","R","BOSS","R","$","E","BOSS"],"items_purchased_type":["Relic","Card","Card","Card","Relic","Relic","Card","Card","Relic","Card","Card","Relic"],"build_version":"2020-12-22","purchased_purges":1,"victory":true,"max_hp_per_floor":[70,70,70,70,70,70,70,70,70,70,70,70,70,70,70,70,70,70,70,70,70,75,75,75,75,75,75,75,75,75,75,75,75,75,75,75,75,71,71,71,71,71,71,71,71,71,71,71,71,71,71,71,71,71,71],"card_choices":[{"not_picked":["QueenOfHatred","Mercenary"],"picked":"VoidDream","floor":1},{"not_picked":["Dagger Throw","Finisher"],"picked":"Deadly Poison","floor":1},{"not_picked":["Porccubus","PunishingBird","LittlePrince"],"picked":"Singing Bowl","floor":3},{"not_picked":["Outmaneuver","Reflex"],"picked":"Poisoned Stab","floor":3},{"not_picked":["PunishingBird","ShyLook","MeatLantern"],"picked":"Singing Bowl","floor":4},{"not_picked":["Riddle With Holes","Skewer","Concentrate"],"picked":"SKIP","floor":4},{"not_picked":["Alriune","BeautyBeast","OSAHOGD"],"picked":"Singing Bowl","floor":5},{"not_picked":["Masterful Stab","Distraction"],"picked":"Poisoned Stab","floor":5},{"not_picked":["Variant","OldLady","MHz"],"picked":"Singing Bowl","floor":6},{"not_picked":["Endless Agony","Dagger Spray","Eviscerate"],"picked":"SKIP","floor":6},{"not_picked":["QueenBee","Rudolta","WhitesApple"],"picked":"Singing Bowl","floor":7},{"not_picked":["Night Terror+1","Underhanded Strike"],"picked":"Poisoned Stab","floor":7},{"not_picked":["Rudolta","Scarecrow","MHz"],"picked":"Singing Bowl","floor":11},{"not_picked":["Dagger Spray","Endless Agony"],"picked":"Dash","floor":11},{"not_picked":["BlackSwan","LittleHelper","CherryBlossoms"],"picked":"Singing Bowl","floor":12},{"not_picked":["Accuracy","Terror+1"],"picked":"Leg Sweep+1","floor":12},{"not_picked":["OSAHOGD","Variant","UniverseFragment"],"picked":"Singing Bowl","floor":14},{"not_picked":["Slice","Masterful Stab","Reflex+1"],"picked":"SKIP","floor":14},{"not_picked":["Wellcheers","FairyFestival","BeautyBeast"],"picked":"Singing Bowl","floor":16},{"not_picked":["Night Terror+1","Grand Finale"],"picked":"Venomology+1","floor":16},{"not_picked":["BlackArmy","Wellcheers","SnowQueen"],"picked":"Singing Bowl","floor":18},{"not_picked":["Deadly Poison+1","Accuracy"],"picked":"Heel Hook","floor":18},{"not_picked":["LongBird","ShyLook","Murderer"],"picked":"Singing Bowl","floor":19},{"not_picked":["Dodge and Roll+1","Acrobatics+1"],"picked":"Finisher","floor":19},{"not_picked":["FieryBird","Murderer","Mercenary"],"picked":"Singing Bowl","floor":21},{"not_picked":["Wellcheers","FieryBird"],"picked":"NothingThere","floor":21},{"not_picked":["Dagger Spray","Backflip+1"],"picked":"Poisoned Stab+1","floor":21},{"not_picked":["Laetitia","BlackArmy","BeautyBeast"],"picked":"Singing Bowl","floor":23},{"not_picked":["Distraction+1","Terror+1"],"picked":"Escape Plan+1","floor":23},{"not_picked":["LittlePrince","LaLuna","OldLady"],"picked":"Singing Bowl","floor":25},{"not_picked":["Backflip+1","Prepared+1"],"picked":"Cloak And Dagger+1","floor":25},{"not_picked":["ShyLook","FairyFestival","BlueStar"],"picked":"Singing Bowl","floor":29},{"not_picked":["Underhanded Strike","Deflect+1","Skewer"],"picked":"SKIP","floor":29},{"not_picked":["SnowQueen","Porccubus","GalaxyChild"],"picked":"Singing Bowl","floor":33},{"not_picked":["Unload","Bullet Time+1"],"picked":"Adrenaline+1","floor":33},{"not_picked":["Woodsman","MeatLantern","HappyTeddy"],"picked":"Singing Bowl","floor":35},{"not_picked":["Underhanded Strike","Caltrops+1"],"picked":"Deadly Poison+1","floor":35},{"not_picked":["WallGazer","CherryBlossoms","FairyFestival"],"picked":"Singing Bowl","floor":36},{"not_picked":["MeltingLove","LaLuna","Woodsman"],"picked":"Singing Bowl","floor":41},{"not_picked":["NothingThere","FieryBird"],"picked":"DreamingCurrent","floor":41},{"not_picked":["Slice+1","Masterful Stab+1"],"picked":"Choke","floor":41},{"not_picked":["BlueStar","FieryBird","QueenOfHatred"],"picked":"Singing Bowl","floor":44},{"not_picked":["Prepared+1","Backstab+1"],"picked":"Noxious Fumes","floor":44},{"not_picked":["MeltingLove","Alriune","MHz"],"picked":"Singing Bowl","floor":45},{"not_picked":["Dagger Spray","Acrobatics+1"],"picked":"Sucker Punch+1","floor":45},{"not_picked":["Freischutz","GalaxyChild"],"picked":"NakedNest","floor":46},{"not_picked":["PiercingWail+1","Deflect+1","Acrobatics+1"],"picked":"SKIP","floor":46},{"not_picked":["SingingMachine","Laetitia","BlackArmy"],"picked":"Singing Bowl","floor":48},{"not_picked":["PiercingWail+1","Sucker Punch+1","Outmaneuver+1"],"picked":"SKIP","floor":48},{"not_picked":["Yin","BlueStar","GreedKing"],"picked":"Singing Bowl","floor":54},{"not_picked":["Dash","Doppelganger+1"],"picked":"After Image","floor":54}],"player_experience":250042,"relics_obtained":[{"floor":6,"key":"Toxic Egg 2"},{"floor":9,"key":"Unceasing Top"},{"floor":20,"key":"Letter Opener"},{"floor":21,"key":"Red Mask"},{"floor":23,"key":"WingedGreaves"},{"floor":34,"key":"Bronze Scales"},{"floor":34,"key":"Paper Crane"},{"floor":34,"key":"Old Coin"},{"floor":36,"key":"Lizard Tail"},{"floor":41,"key":"Smiling Mask"},{"floor":43,"key":"Shovel"},{"floor":45,"key":"FossilizedHelix"},{"floor":49,"key":"TungstenRod"},{"floor":54,"key":"Kunai"}],"event_choices":[{"damage_healed":0,"gold_gain":175,"player_choice":"AGREE","damage_taken":0,"max_hp_gain":0,"max_hp_loss":0,"event_name":"Liars Game","floor":2,"gold_loss":0,"cards_obtained":["Doubt"]},{"damage_healed":0,"gold_gain":75,"player_choice":"Gather Gold","damage_taken":11,"max_hp_gain":0,"max_hp_loss":0,"event_name":"World of Goop","floor":8,"gold_loss":0},{"damage_healed":0,"gold_gain":0,"player_choice":"Paid Gold","damage_taken":0,"relics_obtained":["CaptainsWheel"],"max_hp_gain":0,"max_hp_loss":0,"event_name":"WeMeetAgain","floor":10,"gold_loss":63},{"damage_healed":0,"gold_gain":0,"player_choice":"Got Potions","damage_taken":0,"max_hp_gain":0,"max_hp_loss":0,"event_name":"Lab","floor":13,"gold_loss":0},{"damage_healed":0,"gold_gain":0,"player_choice":"Fought Bandits","damage_taken":0,"max_hp_gain":0,"max_hp_loss":0,"event_name":"Masked Bandits","floor":21,"gold_loss":0},{"damage_healed":0,"gold_gain":0,"player_choice":"Shed Blood","damage_taken":18,"max_hp_gain":5,"max_hp_loss":0,"event_name":"Forgotten Altar","floor":22,"gold_loss":0},{"damage_healed":0,"gold_gain":99,"player_choice":"Stole From Cult","damage_taken":0,"max_hp_gain":0,"max_hp_loss":0,"event_name":"Nest","floor":30,"gold_loss":0},{"damage_healed":0,"gold_gain":0,"player_choice":"Fight","damage_taken":0,"max_hp_gain":0,"max_hp_loss":0,"event_name":"Mysterious Sphere","floor":36,"gold_loss":0},{"damage_healed":0,"gold_gain":0,"player_choice":"Max HP","damage_taken":0,"max_hp_gain":0,"max_hp_loss":4,"event_name":"Winding Halls","floor":38,"gold_loss":0},{"damage_healed":0,"gold_gain":0,"player_choice":"Fight","damage_taken":0,"max_hp_gain":0,"max_hp_loss":0,"event_name":"MindBloom","floor":45,"gold_loss":0},{"damage_healed":0,"gold_gain":0,"player_choice":"Ignored","damage_taken":0,"max_hp_gain":0,"max_hp_loss":0,"event_name":"NoteForYourself","floor":47,"gold_loss":0}],"is_beta":false,"boss_relics":[{"not_picked":["Ring of the Serpent","Fusion Hammer"],"picked":"Pandora\u0027s Box"},{"not_picked":["Empty Cage","Busted Crown"],"picked":"Calling Bell"}],"items_purged_floors":[31],"is_endless":false,"potions_floor_spawned":[1,3,4,7,11,14,18,23,25,33,35,44,48,54],"ascension_level":0}}