{"host":"g8ufh7m4frdlkxwv","time":1610063972,"event":{"mods":["AchievementEnabler","BaseMod","Filter the Spire","Minty Spire (QoL Compilation)","Relic Stats"],"gold_per_floor":[115,134,134,151,166,166,180,205,205,225,225,375,385,414,414,491,491,511,401,32,49,49,74,349,364,364,390,409,409,409],"floor_reached":29,"playtime":1613,"items_purged":[],"score":654,"play_id":"65c3e9dc-3aef-4d36-b9e1-288ed439cd77","local_time":"20210108005932","is_ascension_mode":true,"campfire_choices":[{"data":"Terror","floor":6.0,"key":"SMITH"},{"data":"Leg Sweep","floor":11.0,"key":"SMITH"},{"data":"Neutralize","floor":15.0,"key":"SMITH"}],"circlet_count":0,"master_deck":["AscendersBane","Survivor+1","Neutralize+1","Terror+1","Underhanded Strike","Leg Sweep+1","Glass Knife+1","Predator+1","Skewer+1","Dagger Throw+1","Dagger Throw+1","Die Die Die+1","Night Terror","Bane+1","Finisher+1","Burst","Wraith Form v2","Expertise+1","Tools of the Trade","Skewer+1","Malaise","Riddle With Holes+1","Heel Hook+1","Footwork","Dodge and Roll+1","Backflip+1","Prepared+1","Regret","PiercingWail+1","Underhanded Strike+1","Blade Dance+1"],"relics":["HoveringKite","Molten Egg 2","Art of War","War Paint","Mummified Hand","Pandora\u0027s Box","Toxic Egg 2","The Courier","Bottled Flame","Letter Opener"],"acts_visited":["Exordium","TheCity"],"potions_floor_usage":[18,27,29],"damage_taken":[{"damage":0.0,"enemies":"Cultist","floor":1.0,"turns":5.0},{"damage":4.0,"enemies":"Jaw Worm","floor":2.0,"turns":4.0},{"damage":0.0,"enemies":"2 Louse","floor":4.0,"turns":2.0},{"damage":13.0,"enemies":"Lots of Slimes","floor":5.0,"turns":6.0},{"damage":2.0,"enemies":"Exordium Thugs","floor":7.0,"turns":6.0},{"damage":6.0,"enemies":"Lagavulin","floor":8.0,"turns":5.0},{"damage":0.0,"enemies":"Blue Slaver","floor":10.0,"turns":2.0},{"damage":1.0,"enemies":"Red Slaver","floor":13.0,"turns":2.0},{"damage":8.0,"enemies":"Gremlin Nob","floor":14.0,"turns":3.0},{"damage":0.0,"enemies":"Slime Boss","floor":16.0,"turns":5.0},{"damage":21,"enemies":"2 Thieves","floor":18,"turns":3},{"damage":0,"enemies":"Spheric Guardian","floor":21,"turns":2},{"damage":12,"enemies":"Gremlin Leader","floor":23,"turns":5},{"damage":7,"enemies":"Centurion and Healer","floor":25,"turns":5},{"damage":2,"enemies":"Slavers","floor":27,"turns":3},{"damage":0,"enemies":"3 Cultists","floor":28,"turns":3},{"damage":14,"enemies":"Book of Stabbing","floor":29,"turns":1}],"seed_played":"7036185300231650944","potions_obtained":[{"floor":1.0,"key":"SteroidPotion"},{"floor":5.0,"key":"Poison Potion"},{"floor":13.0,"key":"Block Potion"},{"floor":16.0,"key":"FearPotion"},{"floor":23,"key":"SkillPotion"},{"floor":25,"key":"DistilledChaos"},{"floor":27,"key":"SpeedPotion"}],"is_trial":false,"path_per_floor":["M","M","?","M","M","R","M","E","T","M","R","?","M","E","R","B",null,"M","?","$","M","?","E","?","M","T","E","M","E"],"character_chosen":"THE_SILENT","items_purchased":["Toxic Egg 2","Footwork","Dodge and Roll+1"],"campfire_rested":0,"item_purchase_floors":[20,20,20],"current_hp_per_floor":[59,55,44,44,31,31,29,23,23,23,23,23,22,14,14,14,53,32,32,32,32,32,20,20,13,13,11,11,0,0],"gold":409,"neow_bonus":"BOSS_RELIC","is_daily":false,"chose_seed":false,"campfire_upgraded":3,"win_rate":0.0,"timestamp":1610063972,"path_taken":["M","?","?","M","M","R","M","E","T","M","R","?","M","E","R","BOSS","M","?","$","?","?","E","?","?","T","E","M","E"],"items_purchased_type":["Relic","Card","Card"],"build_version":"2020-12-22","purchased_purges":0,"victory":false,"max_hp_per_floor":[66,66,66,66,66,66,66,66,66,66,66,66,66,66,66,66,66,66,66,66,66,66,66,66,66,66,66,66,66,66],"relic_stats":{"counters":[17,62],"Mummified Hand":[3],"HoveringKite":[29],"Pandora\u0027s Box":["Night Terror","Bane","Finisher","Burst","Wraith Form v2","Expertise","Tools of the Trade","Skewer","Malaise","Riddle With Holes"],"Art of War":[2],"Letter Opener":[5],"War Paint":["Survivor","Defend_G"],"obtain_stats":[{"Bottled Flame":26,"Mummified Hand":14,"HoveringKite":0,"Molten Egg 2":3,"Pandora\u0027s Box":17,"The Courier":23,"Art of War":8,"Letter Opener":27,"War Paint":9,"Toxic Egg 2":20,"Ring of the Snake":0},{"Bottled Flame":14,"Mummified Hand":9,"HoveringKite":0,"Molten Egg 2":2,"Pandora\u0027s Box":10,"The Courier":13,"Art of War":6,"Letter Opener":15,"War Paint":6,"Toxic Egg 2":11,"Ring of the Snake":0},{"Bottled Flame":55,"Mummified Hand":35,"HoveringKite":0,"Molten Egg 2":9,"Pandora\u0027s Box":40,"The Courier":50,"Art of War":28,"Letter Opener":58,"War Paint":28,"Toxic Egg 2":43,"Ring of the Snake":0}]},"card_choices":[{"not_picked":["All Out Attack","Flying Knee"],"picked":"Terror","floor":1.0},{"not_picked":["Deadly Poison","Slice"],"picked":"Underhanded Strike","floor":2.0},{"not_picked":["Tactician","Backflip"],"picked":"Leg Sweep","floor":4.0},{"not_picked":["Catalyst","Flying Knee+1"],"picked":"Glass Knife+1","floor":5.0},{"not_picked":["Bane+1","Quick Slash+1"],"picked":"Predator+1","floor":7.0},{"not_picked":["PiercingWail","Quick Slash+1"],"picked":"Skewer+1","floor":8.0},{"not_picked":["Backflip","Eviscerate+1"],"picked":"Dagger Throw+1","floor":10.0},{"not_picked":["Underhanded Strike+1","Setup","Bane+1"],"picked":"SKIP","floor":13.0},{"not_picked":["Flying Knee+1","Night Terror"],"picked":"Dagger Throw+1","floor":14.0},{"not_picked":["Adrenaline","After Image"],"picked":"Die Die Die+1","floor":16.0},{"not_picked":["Cloak And Dagger","Dodge and Roll"],"picked":"Heel Hook+1","floor":18},{"not_picked":["All Out Attack+1","Outmaneuver+1"],"picked":"Backflip+1","floor":21},{"not_picked":["Poisoned Stab+1","Flying Knee+1","Riddle With Holes+1"],"picked":"SKIP","floor":23},{"not_picked":["Masterful Stab+1","Endless Agony+1"],"picked":"PiercingWail+1","floor":25},{"not_picked":["Bane+1","Catalyst+1"],"picked":"Underhanded Strike+1","floor":27},{"not_picked":["Sucker Punch+1","Dodge and Roll+1"],"picked":"Blade Dance+1","floor":28}],"player_experience":1013030,"relics_obtained":[{"floor":8.0,"key":"Art of War"},{"floor":9.0,"key":"War Paint"},{"floor":14.0,"key":"Mummified Hand"},{"floor":23,"key":"The Courier"},{"floor":26,"key":"Bottled Flame"},{"floor":27,"key":"Letter Opener"}],"event_choices":[{"damage_healed":0.0,"max_hp_gain":0.0,"max_hp_loss":0.0,"gold_gain":0.0,"event_name":"Scrap Ooze","player_choice":"Success","floor":3.0,"gold_loss":0.0,"damage_taken":11.0,"relics_obtained":["Molten Egg 2"]},{"damage_healed":0.0,"max_hp_gain":0.0,"max_hp_loss":0.0,"gold_gain":150.0,"event_name":"Liars Game","player_choice":"AGREE","floor":12.0,"gold_loss":0.0,"damage_taken":0.0,"cards_obtained":["Doubt"]},{"cards_removed":["Doubt"],"damage_healed":0,"gold_gain":0,"player_choice":"Upgrade and Remove","damage_taken":0,"max_hp_gain":0,"max_hp_loss":0,"event_name":"Designer","floor":19,"gold_loss":110,"cards_upgraded":["Expertise"]},{"damage_healed":0,"gold_gain":0,"player_choice":"Read","damage_taken":0,"max_hp_gain":0,"max_hp_loss":0,"event_name":"The Library","floor":22,"gold_loss":0,"cards_obtained":["Prepared"]},{"damage_healed":0,"gold_gain":275,"player_choice":"Desecrate","damage_taken":0,"max_hp_gain":0,"max_hp_loss":0,"event_name":"Golden Shrine","floor":24,"gold_loss":0,"cards_obtained":["Regret"]}],"is_beta":false,"boss_relics":[{"not_picked":["SlaversCollar","Fusion Hammer"],"picked":"Pandora\u0027s Box"}],"items_purged_floors":[],"is_endless":false,"potions_floor_spawned":[1,5,13,16,23,25,27],"killed_by":"Book of Stabbing","ascension_level":20}}