{"host":"55yei7x27djrlaep","time":1610021128,"event":{"mods":["Act Like it!","Aspiration","BaseMod","Better Altar","Better Match","Better Note","Better Sensory Stone","Better Skull","Better Third Choice","BetterRewards","Colored Map","Conspire","Evolution","Friendly Minions","GifTheSpireLib","Halation","Hubris","Marisa????????","Minty Spire (QoL Compilation)","Pale of the Ancients","Replay The Spire","StSLib"],"gold_per_floor":[115,115,126,126,126,126,140,140,167,167,167,167,28,44,79,26,26,122,122,141,51,68,11,31,31,65,77,104,114,141,158,170,196,196,297,297,309,320,335,335,348,378,378,413,462,495,495,513,513,563,575,587,609,637,715,601,601,617,617,196,196,196],"floor_reached":63,"playtime":6079,"items_purged":["Body Slam","Cleave"],"score":2468,"play_id":"11128af4-1ee2-42e2-bcd7-a4ed4b492e3c","local_time":"20210107150528","is_ascension_mode":true,"campfire_choices":[{"data":"Bash","floor":8,"key":"SMITH"},{"data":"Flame Barrier","floor":10,"key":"SMITH"},{"floor":12,"key":"RECALL"},{"data":"ReplayTheSpireMod:Strike From Hell","floor":17,"key":"SMITH"},{"data":"Feed","floor":25,"key":"SMITH"},{"data":"Armaments","floor":34,"key":"SMITH"},{"data":"Barricade","floor":43,"key":"SMITH"},{"data":"Warcry","floor":51,"key":"SMITH"},{"data":"Impervious","floor":57,"key":"SMITH"},{"data":"Whirlwind","floor":59,"key":"SMITH"}],"circlet_count":0,"master_deck":["Defend_R+1","Bash+1","Defy Death+1","Warcry+1","ReplayReversal+1","Shrug It Off","Flame Barrier+1","Feed+1","Shrug It Off","Iron Wave+1","ReplayTheSpireMod:Strike From Hell+1","conspire:HitWhereItHurts","hubris:ReadiedAction+1","Whirlwind+1","Metallicize+1","Hemogenesis","Armaments+1","Inflame","Defy Death","ReplayTheSpireMod:Strike From Hell+1","Shrug It Off","Clothesline+1","Barricade+1","Disarm+1","Feel No Pain+1","Impervious+1","Shrug It Off+1","conspire:Charge"],"relics":["Burning Blood","EVO:Axolotl","halation:LettersToHer","hubris:Reverence","MealTicket","Matryoshka","Replay:Rubber Ducky","Coffee Dripper","Smiling Mask","halation:PrussianBluePaint","aspiration:HiddenCompartment","conspire:Dentures","Black Star","hubris:Icosahedron","Sundial","hubris:AstralHammer","halation:WeightlessCrab","ReplayTheSpireMod:Lightbulb","Omamori","Potion Belt","hubris:ToyBattleship","hubris:DeckOfHolding","halation:PurpleSoulGem","ReplayTheSpireMod:Ring of Addiction","hubris:EmptyBottle","White Beast Statue","Ring of Greed","MawBank","Membership Card","paleoftheancients:Timepiece","paleoftheancients:KeyRelic","CultistMask","paleoftheancients:SoulOfTheShowman","hubris:SlimyHat","conspire:TopHat","Bottled Flame","halation:Jellyphish","aspiration:SeaSaltIceCream","ChewingGum"],"acts_visited":["Exordium","TheCity","TheBeyond","paleoftheancients:PaleOfTheAncients"],"potions_floor_usage":[26,29,30,39,50,50,54,54,54,62,62,62,62],"damage_taken":[{"damage":4,"enemies":"Small Slimes","floor":1,"turns":3},{"damage":0,"enemies":"2 Louse","floor":3,"turns":2},{"damage":0,"enemies":"Cultist","floor":7,"turns":3},{"damage":26,"enemies":"Gremlin Nob","floor":9,"turns":4},{"damage":3,"enemies":"Looter","floor":14,"turns":4},{"damage":0,"enemies":"Lagavulin","floor":15,"turns":7},{"damage":51,"enemies":"Fading Forest","floor":18,"turns":11},{"damage":11,"enemies":"Spheric Guardian","floor":20,"turns":6},{"damage":0,"enemies":"Chosen","floor":22,"turns":3},{"damage":0,"enemies":"Snake Plant","floor":24,"turns":2},{"damage":17,"enemies":"conspire:SneckoGhost","floor":26,"turns":5},{"damage":3,"enemies":"Chosen and Byrds","floor":27,"turns":6},{"damage":5,"enemies":"Centurion and Healer","floor":29,"turns":4},{"damage":12,"enemies":"conspire:Head Lice","floor":30,"turns":6},{"damage":32,"enemies":"Snake Plant","floor":31,"turns":5},{"damage":3,"enemies":"conspire:HollyBat","floor":32,"turns":12},{"damage":5,"enemies":"Slavers","floor":33,"turns":5},{"damage":28,"enemies":"hubris:MusketHawk","floor":35,"turns":11},{"damage":22,"enemies":"3 Shapes","floor":37,"turns":5},{"damage":2,"enemies":"Orb Walker","floor":38,"turns":5},{"damage":15,"enemies":"Writhing Mass","floor":39,"turns":6},{"damage":36,"enemies":"Sphere and 2 Shapes","floor":41,"turns":9},{"damage":0,"enemies":"Nemesis","floor":42,"turns":9},{"damage":13,"enemies":"R_Hoarder","floor":44,"turns":4},{"damage":5,"enemies":"Nemesis","floor":46,"turns":4},{"damage":0,"enemies":"Maw","floor":48,"turns":2},{"damage":0,"enemies":"hubris:GrandSnecko","floor":52,"turns":2},{"damage":0,"enemies":"hubris:GrandSnecko","floor":53,"turns":3},{"damage":12,"enemies":"hubris:GrandSnecko","floor":54,"turns":5},{"damage":0,"enemies":"hubris:GrandSnecko","floor":58,"turns":3},{"damage":0,"enemies":"paleoftheancients:N","floor":62,"turns":4}],"seed_played":"8174833207307996865","potions_obtained":[{"floor":7,"key":"Venom Potion"},{"floor":9,"key":"DistilledChaos"},{"floor":14,"key":"SteroidPotion"},{"floor":18,"key":"Energy Potion"},{"floor":27,"key":"Swift Potion"},{"floor":29,"key":"SkillPotion"},{"floor":31,"key":"Regen Potion"},{"floor":37,"key":"Explosive Potion"},{"floor":39,"key":"Venom Potion"},{"floor":46,"key":"Death Potion"},{"floor":50,"key":"Fruit Juice"},{"floor":50,"key":"DuplicationPotion"},{"floor":54,"key":"DuplicationPotion"},{"floor":55,"key":"DuplicationPotion"}],"is_trial":false,"path_per_floor":["M","?","M","?","PTL","PTL","M","R","E","R","T","R","$","M","E","$","R","B",null,"M","?","M","$","M","R","E","M","T","M","E","M","M","E","R","B",null,"M","M","M","?","M","E","R","E","T","E","?","M","?","?","R","B","M","M","?","$","R","M","R","$","?","B",null],"character_chosen":"IRONCLAD","items_purchased":["halation:LettersToHer","hubris:Reverence","Defy Death","Warcry","Feed","ReplayTheSpireMod:Strike From Hell","Metallicize+1","conspire:TopHat","Bottled Flame","halation:Jellyphish","aspiration:SeaSaltIceCream","conspire:Charge"],"campfire_rested":0,"item_purchase_floors":[0,0,0,0,13,16,23,56,60,60,60,60],"current_hp_per_floor":[61,45,51,51,51,51,57,57,37,37,37,37,52,58,64,79,79,38,72,70,70,79,89,89,89,78,90,90,97,96,81,93,98,98,87,107,102,110,105,105,79,90,90,88,88,98,143,147,147,157,157,157,161,159,120,135,135,147,147,157,155,155],"gold":196,"neow_bonus":"","is_daily":false,"chose_seed":false,"campfire_upgraded":9,"win_rate":0.0,"timestamp":1610021128,"path_taken":["M","?","M","?","PTL","PTL","M","R","E","R","T","R","$","?","E","$","R","BOSS","M","?","M","$","M","R","E","M","T","M","E","M","M","E","R","BOSS","M","?","?","?","M","E","R","E","T","E","?","?","?","?","R","BOSS","M","M","?","$","R","M","R","$","?","BOSS"],"items_purchased_type":["Relic","Relic","Card","Card","Card","Card","Card","Relic","Relic","Relic","Relic","Card"],"build_version":"2020-12-22","purchased_purges":2,"victory":true,"max_hp_per_floor":[80,80,80,80,80,80,80,80,80,80,80,80,80,83,83,83,83,83,83,86,86,89,89,89,89,89,93,93,97,97,101,105,109,109,113,113,117,121,125,125,129,129,129,129,129,133,143,147,147,157,157,157,161,159,159,159,159,157,157,157,155,155],"card_choices":[{"not_picked":["Sword Boomerang","Spot Weakness"],"picked":"ReplayReversal","floor":1},{"not_picked":["Run Through","Headbutt","Anger"],"picked":"SKIP","floor":3},{"not_picked":["Dark Embrace","Flex"],"picked":"Shrug It Off","floor":7},{"not_picked":["Havoc","hubris:ReadiedAction"],"picked":"Flame Barrier","floor":9},{"not_picked":["True Grit","Cleave"],"picked":"Shrug It Off","floor":14},{"not_picked":["Pummel","Inflame"],"picked":"Iron Wave","floor":15},{"not_picked":["Corruption","Brutality"],"picked":"conspire:HitWhereItHurts","floor":18},{"not_picked":["Shrug It Off+1","Perfected Strike"],"picked":"hubris:ReadiedAction+1","floor":20},{"not_picked":["Cleave","Flex"],"picked":"Whirlwind","floor":22},{"not_picked":["Cleave","Abandon","Blood for Blood"],"picked":"SKIP","floor":24},{"not_picked":["Replay:Undeath\u0027s Touch","Rampage"],"picked":"Hemogenesis","floor":26},{"not_picked":["Wild Strike","Anger","Perfected Strike"],"picked":"SKIP","floor":27},{"not_picked":["Heavy Blade","True Grit"],"picked":"Armaments","floor":29},{"not_picked":["Perfected Strike+1","Armaments"],"picked":"Inflame","floor":30},{"not_picked":["Demon Form","Blood for Blood"],"picked":"Defy Death","floor":31},{"not_picked":["Second Wind","Anger","Shockwave"],"picked":"SKIP","floor":32},{"not_picked":["Intimidate","Combust"],"picked":"ReplayTheSpireMod:Strike From Hell+1","floor":33},{"not_picked":["Replay:Many Hands","Double Tap"],"picked":"conspire:Purge","floor":35},{"not_picked":["Replay:Undeath\u0027s Touch","Run Through"],"picked":"Shrug It Off","floor":37},{"not_picked":["Flex+1","Wild Strike"],"picked":"Clothesline+1","floor":38},{"not_picked":["Pommel Strike","Armaments","Combust"],"picked":"SKIP","floor":39},{"not_picked":["hubris:ReadiedAction","Cleave+1"],"picked":"Barricade","floor":41},{"not_picked":["Intimidate","Thunderclap"],"picked":"Disarm+1","floor":42},{"not_picked":["Body Slam","Sword Boomerang+1"],"picked":"Feel No Pain+1","floor":44},{"not_picked":["Flame Barrier","Rampage+1","Havoc+1"],"picked":"SKIP","floor":46},{"not_picked":["Heavy Blade","Wild Strike+1","Combust"],"picked":"SKIP","floor":48},{"not_picked":["Warcry","Abandon+1","Armaments"],"picked":"SKIP","floor":53},{"not_picked":["ReplayTheSpireMod:Corrosion Curse+1","Run Through"],"picked":"Impervious","floor":54},{"not_picked":["Searing Blow","Wild Strike+1"],"picked":"Shrug It Off+1","floor":55},{"not_picked":["Hemokinesis","Life Link"],"picked":"Body Slam","floor":55},{"not_picked":["Heavy Blade","Wild Strike+1","Pommel Strike+1"],"picked":"SKIP","floor":58}],"player_experience":410705,"relics_obtained":[{"floor":9,"key":"MealTicket"},{"floor":11,"key":"halation:LettersToHer"},{"floor":11,"key":"Matryoshka"},{"floor":15,"key":"Replay:Rubber Ducky"},{"floor":26,"key":"Smiling Mask"},{"floor":28,"key":"halation:LettersToHer"},{"floor":28,"key":"halation:PrussianBluePaint"},{"floor":30,"key":"aspiration:HiddenCompartment"},{"floor":33,"key":"conspire:Dentures"},{"floor":42,"key":"Sundial"},{"floor":42,"key":"hubris:AstralHammer"},{"floor":44,"key":"halation:WeightlessCrab"},{"floor":44,"key":"ReplayTheSpireMod:Lightbulb"},{"floor":45,"key":"halation:LettersToHer"},{"floor":45,"key":"Omamori"},{"floor":45,"key":"Potion Belt"},{"floor":46,"key":"hubris:ToyBattleship"},{"floor":46,"key":"hubris:DeckOfHolding"},{"floor":50,"key":"ReplayTheSpireMod:Ring of Addiction"},{"floor":50,"key":"hubris:EmptyBottle"},{"floor":50,"key":"White Beast Statue"},{"floor":50,"key":"Ring of Greed"},{"floor":50,"key":"MawBank"},{"floor":50,"key":"Membership Card"},{"floor":53,"key":"paleoftheancients:SoulOfTheShowman"},{"floor":54,"key":"paleoftheancients:SoulOfTheWokeBloke"},{"floor":55,"key":"hubris:SlimyHat"}],"event_choices":[{"damage_healed":61,"gold_gain":0,"player_choice":"Upgrade","damage_taken":16,"max_hp_gain":0,"max_hp_loss":80,"event_name":"betterThird:BetterShining","floor":2,"gold_loss":0,"cards_upgraded":["Defend_R","Defy Death"]},{"damage_healed":0,"gold_gain":0,"player_choice":"Upgraded","damage_taken":0,"max_hp_gain":0,"max_hp_loss":0,"event_name":"Upgrade Shrine","floor":4,"gold_loss":0,"cards_upgraded":["ReplayReversal"]},{"cards_removed":["Defend_R"],"damage_healed":0,"gold_gain":0,"player_choice":"Upgrade and Remove","damage_taken":0,"max_hp_gain":0,"max_hp_loss":0,"event_name":"Designer","floor":21,"gold_loss":90,"cards_upgraded":["Iron Wave"]},{"cards_removed":["conspire:Purge"],"damage_healed":35,"gold_gain":0,"player_choice":"Offered Rare","damage_taken":0,"max_hp_gain":10,"max_hp_loss":0,"event_name":"Bonfire Elementals","floor":47,"gold_loss":0}],"is_beta":false,"boss_relics":[{"not_picked":["Pandora\u0027s Box","hubris:RunicObelisk"],"picked":"Coffee Dripper"},{"not_picked":["Busted Crown","Velvet Choker"],"picked":"Black Star"}],"items_purged_floors":[56,60],"is_endless":false,"potions_floor_spawned":[7,9,14,18,22,27,29,31,33,35,37,39,41,46,53,54,58],"ascension_level":5}}