{"host":"xs2umar4czbsv0xl","time":1610000483,"event":{"mods":["AchievementEnabler","Act Like it!","BaseMod","Gensokyo","Marisa????????","Minty Spire (QoL Compilation)","Reimu??????","Remilia??????","Replay The Spire","StSLib","The Hierophant","The Wild Card"],"gold_per_floor":[113,113,113,113,86,86,59,59,59,92,111,140,116,132,132,230,230,249,260,28,28,28,61,61,160,187,197,197,122,136,151,151,253,253,268,268,149,149,163,163,189,203,203,203,203,203,203,203,48,77,77,77],"floor_reached":51,"playtime":3181,"items_purged":["Shame"],"score":729,"play_id":"934a092b-b74c-4bdb-ae69-935ee5d0c7a6","local_time":"20210107002123","is_ascension_mode":true,"campfire_choices":[{"floor":6.0,"key":"RECALL"},{"data":"Neutralize","floor":8.0,"key":"SMITH"},{"floor":15.0,"key":"DIG"},{"data":"Replay:Poison Smokescreen","floor":24.0,"key":"SMITH"},{"floor":32.0,"key":"REST"},{"data":"Bouncing Flask","floor":40.0,"key":"SMITH"},{"floor":44.0,"key":"REST"},{"data":"Backstab","floor":48.0,"key":"SMITH"}],"circlet_count":0,"master_deck":["Strike_G","Strike_G","Strike_G","Defend_G","Defend_G","Defend_G","Survivor","Neutralize+1","Deadly Poison","Flying Knee","Deadly Poison+1","Deadly Poison+1","Bane","Dodge and Roll","Bouncing Flask+1","Replay:Poison Smokescreen+1","Blade Dance","Burst","Backflip","Underhanded Strike","Noxious Fumes","Cloak And Dagger","Prepared","Adrenaline+1","Backstab+1","Burst+1","Sucker Punch","Noxious Fumes+1","Tactician+1","Backstab+1","Bouncing Flask","Accuracy","Catalyst+1","Catalyst+1","Unload+1","Leg Sweep"],"relics":["Ring of the Snake","Blue Doll","StoneCalendar","Iron Hammer","Replay:Bottled Steam","ReplayFunnel","Runic Pyramid","Tiny Chest","Golden Egg","Snake Skull","Empty Cage","Replay:Towering Pillar of Hats","Kunai","ScarletDevilRocket","Ginger","Thread and Needle"],"acts_visited":["Exordium","TheCity","TheCity","TheEnding"],"potions_floor_usage":[50],"damage_taken":[{"damage":0.0,"enemies":"Small Slimes","floor":1.0,"turns":4.0},{"damage":3.0,"enemies":"Lagavulin","floor":10.0,"turns":5.0},{"damage":0.0,"enemies":"2 Louse","floor":11.0,"turns":2.0},{"damage":19.0,"enemies":"3 Sentries","floor":12.0,"turns":7.0},{"damage":5.0,"enemies":"Jaw Worm","floor":14.0,"turns":2.0},{"damage":11.0,"enemies":"The Guardian","floor":16.0,"turns":6.0},{"damage":0.0,"enemies":"Spheric Guardian","floor":18.0,"turns":2.0},{"damage":5.0,"enemies":"3 Byrds","floor":19.0,"turns":2.0},{"damage":15.0,"enemies":"Gremlin Leader","floor":23.0,"turns":6.0},{"damage":12.0,"enemies":"Centurion and Healer","floor":27.0,"turns":6.0},{"damage":3.0,"enemies":"Snake Plant","floor":30.0,"turns":3.0},{"damage":11.0,"enemies":"Sentry and Sphere","floor":31.0,"turns":4.0},{"damage":17.0,"enemies":"Collector","floor":33.0,"turns":7.0},{"damage":0.0,"enemies":"Gensokyo:3_Bats","floor":35.0,"turns":3.0},{"damage":0.0,"enemies":"Gensokyo:AncientGuardian","floor":39.0,"turns":4.0},{"damage":55.0,"enemies":"Gensokyo:Marisa","floor":41.0,"turns":5.0},{"damage":0.0,"enemies":"Gensokyo:Dusk_and_Dawn","floor":42.0,"turns":4.0},{"damage":27.0,"enemies":"Gensokyo:Shinki","floor":46.0,"turns":12.0},{"damage":52,"enemies":"Shield and Spear","floor":50,"turns":6},{"damage":61,"enemies":"The Heart","floor":51,"turns":2}],"seed_played":"-2806142205483468141","potions_obtained":[{"floor":1.0,"key":"MagicPotion:ReiMu"},{"floor":10.0,"key":"MagicPotion:ReiMu"},{"floor":14.0,"key":"SpeedPotion"},{"floor":16.0,"key":"Explosive Potion"},{"floor":30.0,"key":"Cursed Concoction"},{"floor":31.0,"key":"SkillPotion"},{"floor":35.0,"key":"ColorlessPotion"},{"floor":42.0,"key":"PowerPotion"},{"floor":50,"key":"Milkshake"}],"is_trial":false,"path_per_floor":["M","?","?","?","$","R","$","R","T","E","M","E","$","M","R","B",null,"M","M","$","?","$","E","R","?","T","M","?","$","M","M","R","B",null,"M","T","$","T","M","R","E","M","T","R","?","B",null,"R","$","E","B"],"character_chosen":"THE_SILENT","items_purchased":["Deadly Poison+1","Deadly Poison+1","Replay:Poison Smokescreen","Noxious Fumes","Tiny Chest","Noxious Fumes","Tactician+1","Catalyst","Unload","SpeedPotion"],"campfire_rested":2,"item_purchase_floors":[5,7,13,20,20,37,37,49,49,49],"current_hp_per_floor":[70,70,63,63,63,63,63,63,63,60,60,41,41,36,36,25,70,70,65,65,65,65,50,50,50,50,38,38,38,35,24,45,28,70,70,70,70,70,70,70,15,15,15,36,36,9,70,70,70,18,0,0],"gold":77,"neow_bonus":"TRANSFORM_CARD","is_daily":false,"chose_seed":false,"campfire_upgraded":4,"win_rate":0.0,"timestamp":1610000483,"path_taken":["M","?","?","?","$","R","$","R","T","E","M","E","?","M","R","BOSS","M","M","?","?","$","E","R","?","T","M","?","$","M","M","R","BOSS","M","?","$","?","M","R","E","M","T","R","?","BOSS","R","$","E","BOSS"],"items_purchased_type":["Card","Card","Card","Card","Relic","Card","Card","Card","Card","Potion"],"build_version":"2020-12-22","purchased_purges":1,"victory":false,"max_hp_per_floor":[70,70,70,70,70,70,70,70,70,70,70,70,70,70,70,70,70,70,70,70,70,70,70,70,70,70,70,70,70,70,70,70,70,70,70,70,70,70,70,70,70,70,70,70,70,70,70,70,70,70,70,70],"card_choices":[{"not_picked":["Reflex","Prepared"],"picked":"Flying Knee","floor":1.0},{"not_picked":["Dash","Hidden Blade"],"picked":"Bane","floor":10.0},{"not_picked":["Toxin Wave","Cloak And Dagger"],"picked":"Dodge and Roll","floor":11.0},{"not_picked":["Blade Dance","Backflip"],"picked":"Bouncing Flask","floor":12.0},{"not_picked":["Heel Hook","Acrobatics"],"picked":"Blade Dance","floor":14.0},{"not_picked":["Malaise","ReplayTheSpireMod:From All Sides"],"picked":"Burst","floor":16.0},{"not_picked":["Dagger Spray","Hidden Blade"],"picked":"Backflip","floor":18.0},{"not_picked":["Slice+1","Sucker Punch+1"],"picked":"Underhanded Strike","floor":19.0},{"not_picked":["Infinite Blades+1","Reflex"],"picked":"Cloak And Dagger","floor":23.0},{"not_picked":["PiercingWail","Sucker Punch"],"picked":"Prepared","floor":27.0},{"not_picked":["Poisoned Stab","Outmaneuver"],"picked":"Adrenaline","floor":30.0},{"not_picked":["Predator","Dagger Throw"],"picked":"Backstab+1","floor":31.0},{"not_picked":["A Thousand Cuts","Atom Bomb"],"picked":"Burst","floor":33.0},{"not_picked":["ReplayTheSpireMod:Shiv Toss+1","Bane"],"picked":"Sucker Punch","floor":35.0},{"not_picked":["Draining Mist+1","All Out Attack+1"],"picked":"Backstab","floor":39.0},{"not_picked":["Atom Bomb","Dodge and Roll"],"picked":"Bouncing Flask","floor":41.0},{"not_picked":["Escape Plan+1","Toxin Wave+1"],"picked":"Accuracy","floor":42.0},{"not_picked":["Dagger Throw","Noxious Fumes+1"],"picked":"Leg Sweep","floor":50}],"player_experience":145921,"relics_obtained":[{"floor":9.0,"key":"StoneCalendar"},{"floor":10.0,"key":"Iron Hammer"},{"floor":12.0,"key":"Replay:Bottled Steam"},{"floor":15.0,"key":"ReplayFunnel"},{"floor":23.0,"key":"Snake Skull"},{"floor":36.0,"key":"Replay:Towering Pillar of Hats"},{"floor":38.0,"key":"Kunai"},{"floor":41.0,"key":"ScarletDevilRocket"},{"floor":43.0,"key":"Ginger"},{"floor":50,"key":"Thread and Needle"}],"event_choices":[{"damage_healed":0.0,"max_hp_gain":0.0,"max_hp_loss":0.0,"gold_gain":0.0,"event_name":"Big Fish","player_choice":"Box","floor":2.0,"gold_loss":0.0,"damage_taken":0.0,"relics_obtained":["Blue Doll"],"cards_obtained":["Regret"]},{"cards_removed":["Regret"],"damage_healed":0.0,"max_hp_gain":0.0,"max_hp_loss":0.0,"gold_gain":0.0,"event_name":"Golden Wing","player_choice":"Card Removal","floor":3.0,"gold_loss":0.0,"damage_taken":7.0},{"damage_healed":0.0,"max_hp_gain":0.0,"max_hp_loss":0.0,"gold_gain":0.0,"event_name":"Addict","player_choice":"Stole Relic","floor":21.0,"gold_loss":0.0,"damage_taken":0.0,"relics_obtained":["Golden Egg"],"cards_obtained":["Shame"]},{"damage_healed":0.0,"max_hp_gain":0.0,"max_hp_loss":0.0,"gold_gain":99.0,"event_name":"Nest","player_choice":"Stole From Cult","floor":25.0,"gold_loss":0.0,"damage_taken":0.0}],"is_beta":false,"boss_relics":[{"not_picked":["Philosopher\u0027s Stone","Replay:Grab Bag"],"picked":"Runic Pyramid"},{"not_picked":["Snecko Scales","Replay:Bronze Core"],"picked":"Empty Cage"}],"items_purged_floors":[29],"is_endless":false,"potions_floor_spawned":[1,10,14,16,30,31,35,42,50],"killed_by":"The Heart","ascension_level":1}}