{"host":"ktoxvvst1mwxww91","time":1610010232,"event":{"mods":["BaseMod","Hermit","Minty Spire (QoL Compilation)","StSLib","The Hierophant","The Mystic","The Necromancer"],"gold_per_floor":[110,127,127,142,67,67,97,97,97,109,126,142,160,171,171,248,248,259,269,281,300,96,96,96,96,96,121,138,28,57,74,74,151,151,168,188,21,21,0,0,31,31,31,31,42,42,42,74,74,74],"floor_reached":51,"playtime":2617,"items_purged":["Defend_B","Defend_B","Defend_B"],"score":1389,"play_id":"36095d13-fec2-4daf-8117-690d0f9386d8","local_time":"20210107100352","is_ascension_mode":true,"campfire_choices":[{"data":"Beam Cell","floor":6.0,"key":"SMITH"},{"data":"Conserve Battery","floor":8.0,"key":"SMITH"},{"floor":15.0,"key":"REST"},{"data":"Capacitor","floor":23.0,"key":"SMITH"},{"floor":25.0,"key":"REST"},{"floor":32,"key":"REST"},{"data":"Loop","floor":40,"key":"SMITH"},{"floor":42,"key":"REST"},{"floor":47,"key":"REST"},{"data":"Consume","floor":49,"key":"SMITH"}],"circlet_count":0,"master_deck":["AscendersBane","Defend_B","Dualcast","FTL","Conserve Battery+1","Beam Cell+1","Core Surge","Cold Snap","Cold Snap","Redo","Leap","Rip and Tear","Conserve Battery+1","Chill","Reboot","FTL","Scrape","Capacitor+1","Barrage","Gash","Undo","Capacitor+1","Consume+1","Glacier","FTL","Seek","Gash","Loop+1","Buffer","Parasite","Cold Snap+1","Echo Form"],"relics":["FrozenCore","Darkstone Periapt","Matryoshka","Meat on the Bone","Mummified Hand","Emotion Chip","MealTicket","Philosopher\u0027s Stone","Red Mask","Molten Egg 2","Bag of Preparation","White Beast Statue","Sundial"],"acts_visited":["Exordium","TheCity","TheBeyond"],"potions_floor_usage":[31,33,41,50,50],"damage_taken":[{"damage":6.0,"enemies":"2 Louse","floor":1.0,"turns":4.0},{"damage":0.0,"enemies":"Cultist","floor":2.0,"turns":4.0},{"damage":2.0,"enemies":"Small Slimes","floor":4.0,"turns":4.0},{"damage":20.0,"enemies":"3 Sentries","floor":7.0,"turns":8.0},{"damage":0.0,"enemies":"2 Fungi Beasts","floor":10.0,"turns":2.0},{"damage":14.0,"enemies":"Gremlin Gang","floor":11.0,"turns":4.0},{"damage":2.0,"enemies":"Exordium Wildlife","floor":12.0,"turns":4.0},{"damage":0.0,"enemies":"3 Louse","floor":13.0,"turns":2.0},{"damage":0.0,"enemies":"Blue Slaver","floor":14.0,"turns":3.0},{"damage":7.0,"enemies":"The Guardian","floor":16.0,"turns":13.0},{"damage":1.0,"enemies":"Chosen","floor":18.0,"turns":7.0},{"damage":3.0,"enemies":"3 Byrds","floor":19.0,"turns":4.0},{"damage":3.0,"enemies":"Snake Plant","floor":20.0,"turns":6.0},{"damage":27.0,"enemies":"Cultist and Chosen","floor":21.0,"turns":10.0},{"damage":50.0,"enemies":"Slavers","floor":27.0,"turns":5.0},{"damage":3.0,"enemies":"3 Cultists","floor":28.0,"turns":6.0},{"damage":6.0,"enemies":"Book of Stabbing","floor":30.0,"turns":8.0},{"damage":8,"enemies":"Snake Plant","floor":31,"turns":5},{"damage":14,"enemies":"Automaton","floor":33,"turns":20},{"damage":7,"enemies":"Orb Walker","floor":35,"turns":5},{"damage":11,"enemies":"3 Darklings","floor":36,"turns":15},{"damage":57,"enemies":"Reptomancer","floor":41,"turns":10},{"damage":22,"enemies":"Writhing Mass","floor":45,"turns":9},{"damage":0,"enemies":"Nemesis","floor":48,"turns":11},{"damage":18,"enemies":"Time Eater","floor":50,"turns":22}],"seed_played":"6700036119550796806","potions_obtained":[{"floor":2.0,"key":"Regen Potion"},{"floor":11.0,"key":"DistilledChaos"},{"floor":12.0,"key":"BlessingOfTheForge"},{"floor":13.0,"key":"Explosive Potion"},{"floor":21.0,"key":"CultistPotion"},{"floor":30.0,"key":"Dexterity Potion"},{"floor":31,"key":"FearPotion"},{"floor":36,"key":"Strength Potion"},{"floor":45,"key":"ColorlessPotion"},{"floor":48,"key":"SteroidPotion"}],"is_trial":false,"path_per_floor":["M","M","?","M","$","R","E","R","T","M","M","M","M","M","R","B",null,"M","M","M","M","$","R","?","R","T","E","M","?","E","M","R","B",null,"M","M","$","?","?","R","E","R","T","T","M","?","R","E","R","B",null],"character_chosen":"DEFECT","items_purchased":["Capacitor","Barrage","Loop"],"campfire_rested":5,"item_purchase_floors":[22,22,37],"current_hp_per_floor":[58,58,58,56,56,56,51,51,51,51,37,35,35,35,56,49,66,65,62,59,32,32,32,32,53,53,15,24,24,30,34,55,41,64,57,46,61,61,61,61,16,37,37,37,33,33,56,56,56,50],"gold":74,"neow_bonus":"TRANSFORM_CARD","is_daily":false,"chose_seed":false,"campfire_upgraded":5,"win_rate":0.0,"timestamp":1610010232,"path_taken":["M","M","?","M","$","R","E","R","T","M","?","M","M","M","R","BOSS","M","M","M","M","$","R","?","R","T","E","M","?","E","M","R","BOSS","M","?","$","?","?","R","E","R","T","?","M","?","R","E","R","BOSS"],"items_purchased_type":["Card","Card","Card"],"build_version":"2020-12-22","purchased_purges":3,"victory":true,"max_hp_per_floor":[71,71,71,71,71,71,71,71,71,71,71,71,71,71,71,71,71,71,71,71,71,71,71,71,71,71,71,71,71,71,71,71,71,71,71,71,71,71,71,71,71,71,71,71,77,77,77,77,77,77],"card_choices":[{"not_picked":["Compile Driver","Coolheaded"],"picked":"Conserve Battery","floor":1.0},{"not_picked":["Compile Driver","Coolheaded"],"picked":"Beam Cell","floor":2.0},{"not_picked":["Leap","Ball Lightning"],"picked":"Cold Snap","floor":4.0},{"not_picked":["Hologram","Biased Cognition"],"picked":"Cold Snap","floor":7.0},{"not_picked":["Double Energy","Turbo"],"picked":"Redo","floor":10.0},{"not_picked":["White Noise","Ball Lightning"],"picked":"Leap","floor":11.0},{"not_picked":["Aggregate","Storm"],"picked":"Rip and Tear","floor":12.0},{"not_picked":["Genetic Algorithm","Hologram"],"picked":"Conserve Battery","floor":13.0},{"not_picked":["Compile Driver","FTL"],"picked":"Chill","floor":14.0},{"not_picked":["Electrodynamics","Creative AI"],"picked":"Reboot","floor":16.0},{"not_picked":["Aggregate","Leap"],"picked":"FTL","floor":18.0},{"not_picked":["Conserve Battery","Coolheaded+1"],"picked":"Scrape","floor":19.0},{"not_picked":["Hologram","Fusion"],"picked":"Redo","floor":20.0},{"not_picked":["Force Field","Hologram","Coolheaded"],"picked":"SKIP","floor":21.0},{"not_picked":["Reprogram","Genetic Algorithm"],"picked":"Capacitor+1","floor":27.0},{"not_picked":["Loop","Storm"],"picked":"Consume","floor":28.0},{"not_picked":["Rebound","Redo+1"],"picked":"Glacier","floor":30.0},{"not_picked":["Aggregate","Turbo+1"],"picked":"FTL","floor":31},{"not_picked":["Amplify","Meteor Strike"],"picked":"Seek","floor":33},{"not_picked":["Leap","Go for the Eyes"],"picked":"Gash","floor":35},{"not_picked":["Turbo","Redo","Sweeping Beam"],"picked":"SKIP","floor":36},{"not_picked":["Reprogram","Beam Cell+1"],"picked":"Buffer","floor":41},{"not_picked":["Skim","FTL+1"],"picked":"Cold Snap+1","floor":45},{"not_picked":["Redo+1","Reprogram"],"picked":"Echo Form","floor":48}],"player_experience":980810,"relics_obtained":[{"floor":7.0,"key":"Darkstone Periapt"},{"floor":9.0,"key":"Matryoshka"},{"floor":26.0,"key":"Meat on the Bone"},{"floor":26.0,"key":"Mummified Hand"},{"floor":27.0,"key":"Emotion Chip"},{"floor":30.0,"key":"MealTicket"},{"floor":41,"key":"Molten Egg 2"},{"floor":43,"key":"Bag of Preparation"},{"floor":43,"key":"White Beast Statue"},{"floor":48,"key":"Sundial"}],"event_choices":[{"damage_healed":0.0,"max_hp_gain":0.0,"max_hp_loss":0.0,"gold_gain":0.0,"cards_transformed":["Strike_B"],"event_name":"Transmorgrifier","player_choice":"Transformed","floor":3.0,"gold_loss":0.0,"damage_taken":0.0,"cards_obtained":["Core Surge"]},{"damage_healed":0.0,"max_hp_gain":0.0,"max_hp_loss":0.0,"gold_gain":0.0,"cards_transformed":["Strike_B","Strike_B"],"event_name":"Drug Dealer","player_choice":"Became Test Subject","floor":24.0,"gold_loss":0.0,"damage_taken":0.0,"cards_obtained":["Gash","Undo"]},{"cards_removed":["Zap"],"damage_healed":0.0,"max_hp_gain":0.0,"max_hp_loss":0.0,"gold_gain":0.0,"event_name":"Designer","player_choice":"Upgrade and Remove","floor":29.0,"gold_loss":110.0,"damage_taken":0.0,"cards_upgraded":["Conserve Battery"]},{"cards_removed":["Redo"],"damage_healed":0,"gold_gain":0,"player_choice":"Removed Skill","damage_taken":0,"max_hp_gain":0,"max_hp_loss":0,"event_name":"Falling","floor":38,"gold_loss":0},{"damage_healed":0,"gold_gain":0,"player_choice":"Paid","damage_taken":0,"relics_obtained":["Red Mask"],"max_hp_gain":0,"max_hp_loss":0,"event_name":"Tomb of Lord Red Mask","floor":39,"gold_loss":21},{"damage_healed":0,"gold_gain":0,"player_choice":"Ignored","damage_taken":0,"max_hp_gain":0,"max_hp_loss":0,"event_name":"Mysterious Sphere","floor":46,"gold_loss":0}],"is_beta":false,"boss_relics":[{"not_picked":["Runic Pyramid","Pandora\u0027s Box"],"picked":"FrozenCore"},{"not_picked":["Velvet Choker","Black Star"],"picked":"Philosopher\u0027s Stone"}],"items_purged_floors":[5,22,37],"is_endless":false,"potions_floor_spawned":[2,11,12,13,21,30,31,36,45,48],"ascension_level":17}}