{"host":"55yei7x27djrlaep","time":1610013993,"event":{"mods":["Act Like it!","Aspiration","BaseMod","Better Altar","Better Match","Better Note","Better Sensory Stone","Better Skull","Better Third Choice","BetterRewards","Colored Map","Conspire","Evolution","Friendly Minions","GifTheSpireLib","Halation","Hubris","Marisa????????","Minty Spire (QoL Compilation)","Pale of the Ancients","Replay The Spire","StSLib"],"gold_per_floor":[118,132,217,14,14,44,44,57,57,80,80,98,115,115,115,123,123],"floor_reached":16,"playtime":608,"items_purged":["Defend_G"],"score":191,"play_id":"ffccc391-a5dc-47d7-92f6-05d9ced510b3","local_time":"20210107130633","is_ascension_mode":true,"campfire_choices":[{"data":"conspire:PoisonWeapons","floor":7,"key":"SMITH"},{"data":"conspire:DoublingDagger","floor":15,"key":"SMITH"}],"circlet_count":0,"master_deck":["AscendersBane","Poisoned Stab","Bane","Poisoned Stab","Bane","Strike_G","Defend_G","Defend_G","Defend_G","Defend_G","Survivor","Neutralize","Terror","Dodge and Roll","Cloak And Dagger","conspire:PoisonWeapons+1","Caltrops+1","conspire:DoublingDagger+1","ReplayTheSpireMod:Necrosis","Catalyst","PiercingWail","ReplayTheSpireMod:Speed Training"],"relics":["Ring of the Snake","EVO:Axolotl","NeowsBlessing","Dream Catcher","halation:PinkSoulGem","halation:IllGainedPizza","Eternal Feather","Replay:Ringing Soul"],"acts_visited":["Exordium"],"potions_floor_usage":[12,12],"damage_taken":[{"damage":0,"enemies":"Cultist","floor":1,"turns":1},{"damage":0,"enemies":"Jaw Worm","floor":2,"turns":1},{"damage":0,"enemies":"Gremlin Nob","floor":6,"turns":1},{"damage":10,"enemies":"2 Louse","floor":8,"turns":2},{"damage":8,"enemies":"Blue Slaver","floor":10,"turns":4},{"damage":12,"enemies":"Gremlin Gang","floor":12,"turns":4},{"damage":8,"enemies":"Large Slime","floor":13,"turns":4},{"damage":86,"enemies":"Fading Forest","floor":16,"turns":8}],"seed_played":"-1856959536463971759","potions_obtained":[{"floor":1,"key":"Adrenaline Potion"},{"floor":6,"key":"Milkshake"},{"floor":10,"key":"SkillPotion"}],"is_trial":false,"path_per_floor":["M","M","?","$","?","E","R","M","T","M","T","M","M","?","R","B"],"character_chosen":"THE_SILENT","items_purchased":["conspire:PoisonWeapons","Caltrops+1"],"campfire_rested":0,"item_purchase_floors":[4,4],"current_hp_per_floor":[63,63,46,46,46,46,46,36,36,28,28,19,14,76,76,0,0],"gold":123,"neow_bonus":"THREE_ENEMY_KILL","is_daily":false,"chose_seed":false,"campfire_upgraded":2,"win_rate":0.0,"timestamp":1610013993,"path_taken":["M","M","?","$","?","E","R","M","T","M","?","M","?","?","R","BOSS"],"items_purchased_type":["Card","Card"],"build_version":"2020-12-22","purchased_purges":1,"victory":false,"max_hp_per_floor":[70,70,70,70,70,70,70,70,70,70,70,73,76,76,76,76,76],"card_choices":[{"not_picked":["ReplayTheSpireMod:Shiv Toss","Dagger Throw","Outmaneuver"],"picked":"SKIP","floor":1},{"not_picked":["PiercingWail","Caltrops"],"picked":"Terror","floor":2},{"not_picked":["Outmaneuver","Dagger Throw"],"picked":"Dodge and Roll","floor":3},{"not_picked":["Heel Hook","Predator"],"picked":"Cloak And Dagger","floor":3},{"not_picked":["Bane","Replay:Poison Smokescreen"],"picked":"conspire:DoublingDagger","floor":6},{"not_picked":["ReplayTheSpireMod:Shiv Toss","Blade Dance"],"picked":"ReplayTheSpireMod:Necrosis","floor":8},{"not_picked":["Setup","Poisoned Stab"],"picked":"Catalyst","floor":10},{"not_picked":["Underhanded Strike","Cloak And Dagger"],"picked":"PiercingWail","floor":12},{"not_picked":["Dash","Distraction"],"picked":"ReplayTheSpireMod:Speed Training","floor":13}],"player_experience":409088,"relics_obtained":[{"floor":3,"key":"Dream Catcher"},{"floor":6,"key":"halation:IllGainedPizza"},{"floor":9,"key":"Eternal Feather"},{"floor":11,"key":"Replay:Ringing Soul"}],"event_choices":[{"damage_healed":62,"gold_gain":0,"player_choice":"Full Heal","damage_taken":0,"max_hp_gain":0,"max_hp_loss":0,"event_name":"Wheel of Change","floor":14,"gold_loss":0}],"is_beta":false,"boss_relics":[],"items_purged_floors":[4],"is_endless":false,"potions_floor_spawned":[1,6,10],"killed_by":"Fading Forest","ascension_level":10}}