{"host":"baymyijz6sxaqj5s","time":1610017327,"event":{"mods":["AchievementEnabler","BaseMod","Colored Map","Colored Powertips","DeckTracker","Highlight Path","KOR Keyword Fix","Keyboard Shortcuts","Minty Spire (QoL Compilation)","Quick Restart","StSLib","SuperFastMode"],"gold_per_floor":[116,191,191,143,161,181,195,195,195,213,213,213,233,253,253,356,356,367,377,206,216,216,216],"floor_reached":22,"playtime":772,"items_purged":[],"score":214,"play_id":"fed6f982-3cd3-455b-93d8-ac93e4fe704f","local_time":"20210107200207","is_ascension_mode":true,"campfire_choices":[{"floor":11,"key":"REST"},{"floor":15,"key":"REST"}],"circlet_count":0,"master_deck":["Strike_G","Strike_G","Strike_G","Strike_G","Defend_G","Defend_G+1","Defend_G","Defend_G","Defend_G","Survivor+1","Neutralize","Outmaneuver","Deadly Poison+1","Deadly Poison","Poisoned Stab","Crippling Poison","Catalyst","Blur","Backflip","Backflip"],"relics":["Ring of the Snake","Blood Vial","Odd Mushroom","Runic Pyramid","Lantern"],"acts_visited":["Exordium","TheCity"],"potions_floor_usage":[7,21,22],"damage_taken":[{"damage":0,"enemies":"Cultist","floor":1,"turns":4},{"damage":6,"enemies":"2 Louse","floor":5,"turns":5},{"damage":6,"enemies":"Jaw Worm","floor":6,"turns":7},{"damage":15,"enemies":"Exordium Thugs","floor":7,"turns":5},{"damage":8,"enemies":"2 Fungi Beasts","floor":10,"turns":5},{"damage":11,"enemies":"The Mushroom Lair","floor":13,"turns":4},{"damage":0,"enemies":"Large Slime","floor":14,"turns":4},{"damage":15,"enemies":"Hexaghost","floor":16,"turns":8},{"damage":16,"enemies":"3 Byrds","floor":18,"turns":5},{"damage":23,"enemies":"Spheric Guardian","floor":19,"turns":7},{"damage":38,"enemies":"3 Cultists","floor":21,"turns":7},{"damage":11,"enemies":"Centurion and Healer","floor":22,"turns":8}],"seed_played":"-6606545426538087737","potions_obtained":[{"floor":1,"key":"EssenceOfSteel"},{"floor":10,"key":"Strength Potion"},{"floor":13,"key":"Ancient Potion"},{"floor":14,"key":"GhostInAJar"},{"floor":18,"key":"Fire Potion"}],"is_trial":false,"path_per_floor":["M","?","?","$","M","M","M","?","T","M","R","?","?","M","R","B",null,"M","M","$","M","M"],"character_chosen":"THE_SILENT","items_purchased":["Outmaneuver","Lantern","Backflip"],"campfire_rested":2,"item_purchase_floors":[4,20,20],"current_hp_per_floor":[77,66,59,59,53,47,32,32,32,26,49,34,25,27,50,37,77,61,40,40,4,0,0],"gold":216,"neow_bonus":"TEN_PERCENT_HP_BONUS","is_daily":false,"chose_seed":false,"campfire_upgraded":0,"win_rate":0.0,"timestamp":1610017327,"path_taken":["M","?","?","?","?","M","M","?","T","M","R","?","?","M","R","BOSS","M","M","$","M","M"],"items_purchased_type":["Card","Relic","Card"],"build_version":"2020-12-22","purchased_purges":0,"victory":false,"max_hp_per_floor":[77,77,77,77,77,77,77,77,77,77,77,77,77,77,77,77,77,77,77,77,77,77,77],"card_choices":[{"not_picked":["Infinite Blades","Well Laid Plans","Dagger Throw"],"picked":"SKIP","floor":1},{"not_picked":["PiercingWail","Blade Dance"],"picked":"Deadly Poison","floor":5},{"not_picked":["Poisoned Stab","Die Die Die"],"picked":"Deadly Poison","floor":6},{"not_picked":["Reflex","Choke"],"picked":"Poisoned Stab","floor":7},{"not_picked":["Flying Knee","Poisoned Stab"],"picked":"Crippling Poison","floor":10},{"not_picked":["Predator","Outmaneuver"],"picked":"Catalyst","floor":13},{"not_picked":["Reflex","Dagger Throw"],"picked":"Blur","floor":14},{"not_picked":["Footwork","Escape Plan"],"picked":"Backflip","floor":18},{"not_picked":["Finisher","Eviscerate","Acrobatics+1"],"picked":"SKIP","floor":19},{"not_picked":["Outmaneuver","Masterful Stab","Blade Dance+1"],"picked":"SKIP","floor":21}],"player_experience":79928,"relics_obtained":[{"floor":9,"key":"Blood Vial"},{"floor":13,"key":"Odd Mushroom"}],"event_choices":[{"damage_healed":0,"gold_gain":75,"player_choice":"Gather Gold","damage_taken":11,"max_hp_gain":0,"max_hp_loss":0,"event_name":"World of Goop","floor":2,"gold_loss":0},{"cards_removed":["Strike_G"],"damage_healed":0,"gold_gain":0,"player_choice":"Card Removal","damage_taken":7,"max_hp_gain":0,"max_hp_loss":0,"event_name":"Golden Wing","floor":3,"gold_loss":0},{"damage_healed":0,"gold_gain":0,"player_choice":"Grow","damage_taken":0,"max_hp_gain":0,"max_hp_loss":0,"event_name":"Living Wall","floor":8,"gold_loss":0,"cards_upgraded":["Survivor"]},{"damage_healed":0,"gold_gain":0,"player_choice":"Entered Light","damage_taken":15,"max_hp_gain":0,"max_hp_loss":0,"event_name":"Shining Light","floor":12,"gold_loss":0,"cards_upgraded":["Deadly Poison","Defend_G"]},{"damage_healed":0,"gold_gain":0,"player_choice":"Fought Mushrooms","damage_taken":0,"max_hp_gain":0,"max_hp_loss":0,"event_name":"Mushrooms","floor":13,"gold_loss":0}],"is_beta":false,"boss_relics":[{"not_picked":["Snecko Eye","HoveringKite"],"picked":"Runic Pyramid"}],"items_purged_floors":[],"is_endless":false,"potions_floor_spawned":[1,10,13,14,18],"killed_by":"Centurion and Healer","ascension_level":4}}