{"host":"lq7kzi2nz43yw1nt","time":1610062784,"event":{"mods":["AchievementEnabler","Act Like it!","BaseMod","Better Third Choice","BetterRewards","Block Reminder","Conspire","Gensokyo","GifTheSpireLib","Hubris","Infinite Spire","Koishi","Marisa????????","Minty Spire (QoL Compilation)","Quick Restart","Rare Cards Sparkle","Relic Sorter","Remilia??????","Replay The Spire","Shop Mod","Spicy Shops","Spikes Relics","StSLib","SuperFastMode","The Servant 0.9.4","Trackpad"],"gold_per_floor":[113,113,113,82,100,100,135,135,162,174,208,208,236,154,154,259,259,275,37,14,14,14,14,33,33,33,63,63,79,106,0,0,97,97,117,117,128,128,128,156,156,186,209,56,56,83,94,106,106,106],"floor_reached":51,"playtime":1788,"items_purged":["Amnesia","ReplayTheSpireMod:Doomed"],"score":1530,"play_id":"516d2379-e435-496a-91b2-be2360465e67","local_time":"20210107183944","is_ascension_mode":true,"campfire_choices":[{"floor":6,"key":"REST"},{"data":"1","floor":8,"key":"LIFT"},{"data":"2","floor":12,"key":"LIFT"},{"data":"3","floor":15,"key":"LIFT"},{"data":"BestPractice","floor":23,"key":"SMITH"},{"floor":25,"key":"REST"},{"floor":32,"key":"REST"},{"floor":41,"key":"REST"},{"data":"FlawlessForm","floor":49,"key":"SMITH"}],"circlet_count":0,"master_deck":["Strike_S+1","Strike_S+1","Strike_S","Strike_S","Defend_S","Defend_S","Exchange","SilverMatrix","FanOfKnives","FlawlessForm+1","TimeWarp+1","Spin+1","Moonlight","SpecialFormula","BestPractice+1","Rearm","Sunlight","TheWorld+1","Sabotage+1","BottledTime+1","Rewind+1","DoubleEdge","Unruled","GearUp+1","Revamp+1","SoulSculpture+1","SoulSculpture","Decay","Injury","Doubt","Ricochet+1","Comet+1","Barrier+1","Pot Of Greed+1","Pot Of Greed+1","Pot Of Greed+1","Hightail+1"],"relics":["Uniform","MerchantsRug","BicycleWheel","Membership Card","Medical Kit","RollingBoulder","hubris:Towel","ReplayTheSpireMod:Ring of Exchange","ReplayTheSpireMod:CursedCoin","hubris:Metronome","Girya","Blood Vial","Akabeko","Replay:Mystery Machine","Whetstone","trackpad:Trackpad","Toxic Egg 2","Replay:Wax Seal","Gensokyo:ChorusOfJoy","Potion Belt","LugNut","FossilizedHelix","Unceasing Top","Replay:Ancient Bell","Vajra","Gremlin Horn","Replay:Towering Pillar of Hats","Incense Burner","Gensokyo:EmptyGrave","SpikesRelics:ToyHorsey","BrokenLever","ReplayTheSpireMod:Lightbulb","PocketWatch","Grinning Jar"],"acts_visited":["Exordium","Gensokyo:Gensokyo","Gensokyo:Gensokyoer"],"potions_floor_usage":[7,16,24,33,40,50,50,50],"damage_taken":[{"damage":2,"enemies":"Gensokyo:Python","floor":1,"turns":3},{"damage":0,"enemies":"Gensokyo:2_Kodama","floor":5,"turns":1},{"damage":0,"enemies":"Gensokyo:Cirno","floor":7,"turns":4},{"damage":0,"enemies":"Gensokyo:Gryphon","floor":10,"turns":1},{"damage":0,"enemies":"Gensokyo:Aya","floor":11,"turns":2},{"damage":0,"enemies":"Gensokyo:Mamizou","floor":13,"turns":3},{"damage":0,"enemies":"Gensokyo:Reimu","floor":16,"turns":6},{"damage":10,"enemies":"Gensokyo:CosmicMonolith","floor":18,"turns":2},{"damage":7,"enemies":"Gensokyo:3_Dogs","floor":24,"turns":2},{"damage":22,"enemies":"Gensokyo:Tenshi","floor":27,"turns":2},{"damage":9,"enemies":"Gensokyo:Swordslinger","floor":29,"turns":2},{"damage":0,"enemies":"Gensokyo:Reisen","floor":30,"turns":3},{"damage":1,"enemies":"Gensokyo:Kaguya","floor":33,"turns":6},{"damage":0,"enemies":"Gensokyo:3_Boulders","floor":35,"turns":2},{"damage":0,"enemies":"Gensokyo:AncientGuardian","floor":37,"turns":1},{"damage":26,"enemies":"Gensokyo:Doremy","floor":40,"turns":3},{"damage":0,"enemies":"Gensokyo:Marisa","floor":42,"turns":3},{"damage":0,"enemies":"conspire:MimicChest","floor":46,"turns":2},{"damage":0,"enemies":"Gensokyo:Sharpion","floor":47,"turns":1},{"damage":0,"enemies":"Gensokyo:3_Boulders","floor":48,"turns":1},{"damage":0,"enemies":"Gensokyo:Yuyuko","floor":50,"turns":4}],"seed_played":"-8529686888500020493","potions_obtained":[{"floor":1,"key":"Ancient Potion"},{"floor":5,"key":"Explosive Potion"},{"floor":11,"key":"Dexterity Potion"},{"floor":18,"key":"Adrenaline Potion"},{"floor":27,"key":"Adrenaline Potion"},{"floor":29,"key":"Ancient Potion"},{"floor":35,"key":"Milkshake"},{"floor":37,"key":"AttackPotion"},{"floor":42,"key":"Energy Potion"},{"floor":46,"key":"Milkshake"}],"is_trial":false,"path_per_floor":["M","?","?","$","M","R","E","R","T","M","E","R","E","COS","R","B",null,"M","$","$","?","?","R","M","R","T","E","?","M","E","?","R","B",null,"M","?","M","AVR","?","E","R","E","T","$","?","?","M","M","R","B",null],"character_chosen":"THE_SERVANT","items_purchased":["MerchantsRug","Membership Card","SilverMatrix","Medical Kit","FanOfKnives","conspire:GiftBox","RollingBoulder","ReplayTheSpireMod:CursedCoin","hubris:Metronome","Girya","Toxic Egg 2","Replay:Wax Seal","BottledTime+1","Rewind+1","PocketWatch"],"campfire_rested":4,"item_purchase_floors":[0,0,0,0,0,0,0,4,4,4,19,19,19,20,44],"current_hp_per_floor":[24,24,24,24,24,43,43,43,43,45,52,52,59,59,59,61,64,55,55,55,55,55,55,50,65,65,48,48,41,43,43,62,64,65,65,65,65,65,60,34,52,60,60,60,60,60,60,60,60,60],"gold":106,"neow_bonus":"","is_daily":false,"chose_seed":false,"campfire_upgraded":2,"win_rate":0.0,"timestamp":1610062784,"path_taken":["M","?","?","$","M","R","E","R","T","?","E","R","E","COS","R","BOSS","M","?","$","?","?","R","M","R","T","E","?","?","E","?","R","BOSS","M","?","?","AVR","?","E","R","E","T","$","?","?","?","M","R","BOSS"],"items_purchased_type":["Relic","Relic","Card","Relic","Card","Relic","Relic","Relic","Relic","Relic","Relic","Relic","Card","Card","Relic"],"build_version":"2020-12-22","purchased_purges":2,"victory":true,"max_hp_per_floor":[65,65,65,65,65,65,65,65,65,65,65,65,65,65,65,65,65,65,65,65,65,65,65,65,65,65,65,65,65,65,65,65,65,65,65,65,65,65,60,60,60,60,60,60,60,60,60,60,60,60],"card_choices":[{"not_picked":["LightFlow","Sunlight"],"picked":"FlawlessForm","floor":0},{"not_picked":["DoubleEdge","Potential"],"picked":"Spin","floor":1},{"not_picked":["FastForward","Alleviate"],"picked":"Moonlight","floor":5},{"not_picked":["Starlight","BottledTime"],"picked":"SpecialFormula","floor":7},{"not_picked":["Read","Alleviate"],"picked":"BestPractice","floor":10},{"not_picked":["DancingSilver","FastForward"],"picked":"Rearm","floor":11},{"not_picked":["Unruled","Defy"],"picked":"Sunlight","floor":13},{"not_picked":["Deny","Sunlight"],"picked":"TheWorld","floor":16},{"not_picked":["Rearm","ReturningBlade"],"picked":"Sabotage+1","floor":18},{"not_picked":["MoonPhase","Replace+1"],"picked":"DoubleEdge","floor":24},{"not_picked":["ShiftingGears+1","ReturningBlade+1"],"picked":"Unruled","floor":27},{"not_picked":["Starlight+1","Alleviate+1"],"picked":"Revamp+1","floor":29},{"not_picked":["Replace+1","MoonPhase"],"picked":"SoulSculpture","floor":30},{"not_picked":["KillingDoll","SilverMatrix"],"picked":"SoulSculpture","floor":33},{"not_picked":["Hallucinations","Delirium"],"picked":"Decay","floor":34},{"not_picked":["hubris:Despair","hubris:Greed"],"picked":"Injury","floor":34},{"not_picked":["ReplayTheSpireMod:Restless Dread","CloudedMind"],"picked":"Doubt","floor":34},{"not_picked":["MoonPhase+1","SpecialFormula+1"],"picked":"Ricochet+1","floor":35},{"not_picked":["TimeWarp+1","ForgedInTime+1","Unruled+1"],"picked":"SKIP","floor":37},{"not_picked":["Ricochet","Potential"],"picked":"Comet+1","floor":40},{"not_picked":["DoubleEdge+1","ShatteredReality"],"picked":"Barrier+1","floor":42},{"not_picked":["DoubleEdge+1","Deadline+1"],"picked":"Hightail+1","floor":46},{"not_picked":["Ricochet","Unruled","Alleviate+1"],"picked":"SKIP","floor":47},{"not_picked":["Potential+1","ReturningBlade","Alleviate+1"],"picked":"SKIP","floor":48}],"player_experience":535680,"relics_obtained":[{"floor":3,"key":"ReplayTheSpireMod:Ring of Exchange"},{"floor":7,"key":"Blood Vial"},{"floor":9,"key":"Akabeko"},{"floor":11,"key":"Replay:Mystery Machine"},{"floor":13,"key":"Whetstone"},{"floor":26,"key":"Potion Belt"},{"floor":27,"key":"LugNut"},{"floor":30,"key":"FossilizedHelix"},{"floor":40,"key":"SpikesRelics:ToyHorsey"},{"floor":42,"key":"BrokenLever"},{"floor":43,"key":"ReplayTheSpireMod:Lightbulb"},{"floor":46,"key":"Grinning Jar"}],"event_choices":[],"is_beta":false,"boss_relics":[{"not_picked":["Ring of Chaos","hubris:Stopwatch"],"picked":"trackpad:Trackpad"},{"not_picked":["Replay:Bronze Core","Fusion Hammer"],"picked":"Replay:Ancient Bell"},{"not_picked":["infinitespire:Satchel","ReplayFunnel"],"picked":"Vajra"},{"not_picked":["Meat on the Bone","Replay:Bottled Snecko"],"picked":"Gremlin Horn"},{"not_picked":["Replay:PocketPolymizer","StoneCalendar"],"picked":"Replay:Towering Pillar of Hats"}],"items_purged_floors":[4,19],"is_endless":false,"potions_floor_spawned":[1,5,11,18,27,29,35,37,42,46],"ascension_level":5}}