{"host":"9l4mw5jqza9qz9hr","time":1610018464,"event":{"mods":["AchievementEnabler","Always Whale","BaseMod","Colored Map","Minty Spire (QoL Compilation)","StSLib","SuperFastMode"],"gold_per_floor":[110,110,285,171,171,203,203,231,231,241,241,241,255,255,255,353,403,403],"floor_reached":17,"playtime":347,"items_purged":["Doubt"],"score":306,"play_id":"236b7d18-d9f9-40c9-a1f3-5f93bf7e9e5e","local_time":"20210107202104","is_ascension_mode":true,"campfire_choices":[{"data":"Zap","floor":7,"key":"SMITH"},{"data":"Genetic Algorithm","floor":11,"key":"SMITH"},{"data":"Coolheaded","floor":15,"key":"SMITH"}],"circlet_count":0,"master_deck":["Strike_B","Strike_B","Strike_B","Defend_B+1","Defend_B","Defend_B","Defend_B+1","Zap+1","Dualcast+1","Sweeping Beam","Glacier","Cold Snap","Coolheaded+1","Genetic Algorithm+1","Machine Learning","BootSequence"],"relics":["Cracked Core","NeowsBlessing","War Paint","Potion Belt","Dream Catcher","Kunai","Tiny House"],"acts_visited":["Exordium","TheCity"],"potions_floor_usage":[16,16,16,16],"damage_taken":[{"damage":0,"enemies":"Jaw Worm","floor":1,"turns":1},{"damage":0,"enemies":"3 Sentries","floor":6,"turns":1},{"damage":0,"enemies":"Lagavulin","floor":8,"turns":1},{"damage":0,"enemies":"Small Slimes","floor":10,"turns":3},{"damage":0,"enemies":"Cultist","floor":13,"turns":4},{"damage":69,"enemies":"Hexaghost","floor":16,"turns":22}],"seed_played":"3418515192628539675","potions_obtained":[{"floor":1,"key":"Block Potion"},{"floor":5,"key":"GamblersBrew"},{"floor":5,"key":"FocusPotion"},{"floor":8,"key":"Explosive Potion"},{"floor":13,"key":"FairyPotion"},{"floor":17,"key":"Swift Potion"}],"is_trial":false,"path_per_floor":["M","?","?","$","?","E","R","E","T","M","R","T","M","?","R","B",null],"character_chosen":"DEFECT","items_purchased":["Glacier"],"campfire_rested":0,"item_purchase_floors":[4],"current_hp_per_floor":[68,68,68,68,68,68,68,68,68,68,68,68,68,73,73,4,66,66],"gold":403,"neow_bonus":"THREE_ENEMY_KILL","is_daily":false,"chose_seed":false,"campfire_upgraded":3,"win_rate":0.0,"timestamp":1610018464,"path_taken":["M","?","?","$","?","E","R","E","T","?","R","?","M","?","R","BOSS"],"items_purchased_type":["Card"],"build_version":"2020-12-22","purchased_purges":1,"victory":false,"max_hp_per_floor":[75,75,75,75,75,75,75,75,75,75,75,75,75,80,80,80,85,85],"card_choices":[{"not_picked":["Rip and Tear","Heatsinks"],"picked":"Sweeping Beam","floor":1},{"not_picked":["Hologram","Amplify"],"picked":"Cold Snap","floor":6},{"not_picked":["Machine Learning","Rebound"],"picked":"Coolheaded","floor":8},{"not_picked":["Streamline","Loop"],"picked":"Genetic Algorithm","floor":10},{"not_picked":["Cold Snap","Redo","Sweeping Beam"],"picked":"SKIP","floor":13},{"not_picked":["Hyperbeam","All For One"],"picked":"Machine Learning","floor":16},{"not_picked":["Stack","Melter"],"picked":"BootSequence","floor":17}],"player_experience":193944,"relics_obtained":[{"floor":6,"key":"War Paint"},{"floor":8,"key":"Potion Belt"},{"floor":9,"key":"Dream Catcher"},{"floor":12,"key":"Kunai"}],"event_choices":[{"cards_removed":["Strike_B"],"damage_healed":0,"gold_gain":0,"player_choice":"Forget","damage_taken":0,"max_hp_gain":0,"max_hp_loss":0,"event_name":"Living Wall","floor":2,"gold_loss":0},{"damage_healed":0,"gold_gain":175,"player_choice":"AGREE","damage_taken":0,"max_hp_gain":0,"max_hp_loss":0,"event_name":"Liars Game","floor":3,"gold_loss":0,"cards_obtained":["Doubt"]},{"damage_healed":0,"gold_gain":0,"player_choice":"Got Potions","damage_taken":0,"max_hp_gain":0,"max_hp_loss":0,"event_name":"Lab","floor":5,"gold_loss":0},{"damage_healed":0,"gold_gain":0,"player_choice":"Donut","damage_taken":0,"max_hp_gain":5,"max_hp_loss":0,"event_name":"Big Fish","floor":14,"gold_loss":0}],"is_beta":false,"boss_relics":[{"not_picked":["Philosopher\u0027s Stone","Coffee Dripper"],"picked":"Tiny House"}],"items_purged_floors":[4],"is_endless":false,"potions_floor_spawned":[1,8,13],"ascension_level":9}}