{"host":"oqhjdqr9xcmboomw","time":1610058346,"event":{"mods":["2.2 Compatiblity","AchievementEnabler","Act Like it!","Aspiration","BaseMod","Beaked The Cultist","Better Third Choice","Conjunction","Conspire","Disable Question Mark Monsters","Downfall","Elementarium","Energized Spire","GifTheSpireLib","Halation","Hallownest","Hermit","Hubris","Infinite Spire","Jorbs\u0027s Wanderer Trilogy","Mimic Mod","Minty Spire (QoL Compilation)","Random Character Button","Rare Cards Sparkle","Replay The Spire","Spicy Shops","Spikes Relics","StSLib","Stuff the Spire","The Blackbeard","The Blue Laboratory","The Cursed","The Disciple","The Gatherer","The Hierophant","The Judge","The Mystic","The Saiyan","The Wild Card","Unceasing Turn Reminder","Wandering Minibosses","vexMod"],"gold_per_floor":[119,119,119,169,237,297,297,333,357,25,25,58,58,69,69,148,148,191,191,15,78,117,145,145,176,176,190,240,276,301,344,344,417,417,459,471,471,510,351,41,319,319,343,343,369,369,369,389,389,389,389],"floor_reached":50,"playtime":2497,"items_purged":["Strike_R"],"score":1037,"play_id":"e4e5068a-f44c-4931-afb8-7f4c85d89589","local_time":"20210107172546","is_ascension_mode":true,"campfire_choices":[{"data":"Absolvement","floor":7,"key":"SMITH"},{"floor":11,"key":"REST"},{"floor":13,"key":"REST"},{"floor":15,"key":"REST"},{"floor":24,"key":"REST"},{"floor":32,"key":"REST"},{"floor":42,"key":"REST"},{"floor":46,"key":"REST"},{"floor":49,"key":"REST"}],"circlet_count":0,"master_deck":["AscendersBane","Strike_R+1","Strike_R+1","Strike_R","Strike_R","Defend_R+1","Defend_R","Defend_R","Defend_R","Bash+1","Parasite","HandOfGreed+1","Feel No Pain+1","ReplayTheSpireMod:Strike From Hell+1","Absolvement+1","StuffTheSpire:Slingshot+1","Fiend Fire+1","Immolate+1","ReplayTheSpireMod:Strike From Hell","Burning Pact","StuffTheSpire:Slingshot","ReplayTheSpireMod:Limb From Limb","Flame Barrier+1","Replay:Undeath\u0027s Touch","Metallicize+1","StuffTheSpire:Slingshot+1"],"relics":["Burning Blood","Whetstone","Omamori","SnailShell","Gremlin Food","aspiration:TomeofQuesting","infinitespire:Cupcake","halation:PinkSoulGem","halation:WeightlessCrab","StoneCalendar","Ornamental Fan","Replay:Baseball","hubris:Backtick","Dead Branch","Chemical X","aspiration:KaomsHeart"],"acts_visited":["Exordium","TheCity","TheBeyond"],"potions_floor_usage":[21,22,23,27,33,41,45],"damage_taken":[{"damage":7,"enemies":"Jaw Worm","floor":1,"turns":3},{"damage":7,"enemies":"2 Louse","floor":5,"turns":5},{"damage":32,"enemies":"Gremlin Nob","floor":6,"turns":4},{"damage":7,"enemies":"Small Slimes","floor":8,"turns":5},{"damage":42,"enemies":"Replay:BlueRogue","floor":12,"turns":4},{"damage":6,"enemies":"Looter","floor":14,"turns":2},{"damage":42,"enemies":"Fading Forest","floor":16,"turns":11},{"damage":0,"enemies":"Chosen","floor":18,"turns":4},{"damage":16,"enemies":"2 Thieves","floor":21,"turns":4},{"damage":13,"enemies":"Snecko","floor":22,"turns":4},{"damage":46,"enemies":"Book of Stabbing","floor":23,"turns":5},{"damage":36,"enemies":"conspire:Head Lice","floor":25,"turns":6},{"damage":7,"enemies":"Centurion and Healer","floor":27,"turns":5},{"damage":0,"enemies":"3 Cultists","floor":29,"turns":3},{"damage":0,"enemies":"conspire:HollyBat","floor":31,"turns":8},{"damage":17,"enemies":"Champ","floor":33,"turns":8},{"damage":11,"enemies":"Orb Walker","floor":35,"turns":3},{"damage":26,"enemies":"3 Darklings","floor":36,"turns":2},{"damage":16,"enemies":"Sphere and 2 Shapes","floor":38,"turns":4},{"damage":61,"enemies":"Maw","floor":41,"turns":9},{"damage":66,"enemies":"beaked:SuperParasite","floor":45,"turns":9},{"damage":44,"enemies":"4 Shapes","floor":48,"turns":3},{"damage":145,"enemies":"Awakened One","floor":50,"turns":10}],"seed_played":"-1884001420085410696","potions_obtained":[{"floor":5,"key":"Venom Potion"},{"floor":14,"key":"Block Potion"},{"floor":18,"key":"Ancient Potion"},{"floor":21,"key":"Weak Potion"},{"floor":25,"key":"Languid Potion"},{"floor":29,"key":"Energy Potion"},{"floor":31,"key":"blueLaboratory:AbyssPotion"},{"floor":35,"key":"LiquidMemories"},{"floor":37,"key":"Block Potion"},{"floor":37,"key":"BlessingOfTheForge"},{"floor":48,"key":"SpeedPotion"}],"is_trial":false,"path_per_floor":["M","?","?","?","M","E","R","M","T","$","R","E","R","M","R","B",null,"M","?","$","M","M","E","R","E","T","M","?","M","T","M","R","B",null,"M","M","?","M","$","$","M","R","T","?","E","R","?","M","R","B"],"character_chosen":"IRONCLAD","items_purchased":["SnailShell","Gremlin Food","Burning Pact","Chemical X","aspiration:KaomsHeart"],"campfire_rested":8,"item_purchase_floors":[10,10,20,39,40],"current_hp_per_floor":[67,67,67,67,66,40,40,39,39,39,61,25,47,47,69,55,70,75,75,75,65,58,18,40,10,10,9,9,15,15,21,43,32,64,59,39,39,29,29,129,74,126,126,126,66,118,118,80,132,0,0],"gold":389,"neow_bonus":"RANDOM_COLORLESS_2","is_daily":false,"chose_seed":false,"campfire_upgraded":1,"win_rate":0.0,"timestamp":1610058346,"path_taken":["M","?","?","?","M","E","R","?","T","$","R","E","R","M","R","BOSS","M","?","$","M","M","E","R","E","T","M","?","?","?","M","R","BOSS","M","M","?","?","?","$","M","R","T","?","E","R","?","M","R","BOSS"],"items_purchased_type":["Relic","Relic","Card","Relic","Relic"],"build_version":"2020-12-22","purchased_purges":1,"victory":false,"max_hp_per_floor":[75,75,75,75,75,75,75,75,75,75,75,75,75,75,75,75,75,75,75,75,75,75,75,75,75,75,75,75,75,75,75,75,75,75,75,75,75,75,75,175,175,175,175,175,175,175,175,175,175,175,175],"card_choices":[{"not_picked":["The Bomb","Metamorphosis"],"picked":"HandOfGreed","floor":0},{"not_picked":["Flex","Disarm"],"picked":"Feel No Pain","floor":1},{"not_picked":["Shrug It Off","StuffTheSpire:Incineration"],"picked":"ReplayTheSpireMod:Strike From Hell","floor":5},{"not_picked":["Thunderclap","Iron Wave"],"picked":"Absolvement","floor":6},{"not_picked":["Thunderclap","Clothesline"],"picked":"StuffTheSpire:Slingshot","floor":8},{"not_picked":["Evolve","Wild Strike"],"picked":"Fiend Fire","floor":12},{"not_picked":["Fire Breathing","Hemokinesis","Pommel Strike"],"picked":"SKIP","floor":14},{"not_picked":["Juggernaut","Bludgeon"],"picked":"Immolate","floor":16},{"not_picked":["Armaments","StuffTheSpire:RockThrow"],"picked":"ReplayTheSpireMod:Strike From Hell","floor":18},{"not_picked":["Thunderclap","infinitespire:OneForAll","Pommel Strike"],"picked":"SKIP","floor":21},{"not_picked":["Evolve+1","Warcry","Shrug It Off"],"picked":"SKIP","floor":22},{"not_picked":["Headbutt","Clash"],"picked":"StuffTheSpire:Slingshot","floor":23},{"not_picked":["Corruption","Thunderclap"],"picked":"ReplayTheSpireMod:Limb From Limb","floor":25},{"not_picked":["True Grit","Iron Wave","Cleave"],"picked":"SKIP","floor":27},{"not_picked":["Life Link","True Grit","Wild Strike"],"picked":"SKIP","floor":29},{"not_picked":["Dropkick","Body Slam"],"picked":"Flame Barrier+1","floor":31},{"not_picked":["Heavy Blade","StuffTheSpire:BloodClot","Sword Boomerang"],"picked":"SKIP","floor":35},{"not_picked":["Shockwave+1","Replay:Undeath\u0027s Touch","Perfected Strike"],"picked":"SKIP","floor":36},{"not_picked":["Rampage","Havoc","Anger+1"],"picked":"SKIP","floor":38},{"not_picked":["hubris:CleavingFinish+1","Warcry"],"picked":"Replay:Undeath\u0027s Touch","floor":41},{"not_picked":["conspire:HitWhereItHurts","ReplayTheSpireMod:Strike From Hell"],"picked":"Metallicize+1","floor":45},{"not_picked":["Perfected Strike+1","Thunderclap","Pommel Strike+1"],"picked":"SKIP","floor":48}],"player_experience":1079238,"relics_obtained":[{"floor":6,"key":"Whetstone"},{"floor":9,"key":"Omamori"},{"floor":12,"key":"aspiration:TomeofQuesting"},{"floor":23,"key":"halation:WeightlessCrab"},{"floor":25,"key":"StoneCalendar"},{"floor":26,"key":"Ornamental Fan"},{"floor":30,"key":"Replay:Baseball"},{"floor":44,"key":"Ring of Fury"},{"floor":44,"key":"ReplayTheSpireMod:Ring of Challenge"}],"event_choices":[{"damage_healed":0,"gold_gain":0,"player_choice":"Grow","damage_taken":0,"max_hp_gain":0,"max_hp_loss":0,"event_name":"Living Wall","floor":3,"gold_loss":0,"cards_upgraded":["HandOfGreed"]},{"damage_healed":0,"gold_gain":50,"player_choice":"Pray","damage_taken":0,"max_hp_gain":0,"max_hp_loss":0,"event_name":"Golden Shrine","floor":4,"gold_loss":0},{"damage_healed":0,"gold_gain":50,"player_choice":"Pray","damage_taken":0,"max_hp_gain":0,"max_hp_loss":0,"event_name":"Golden Shrine","floor":28,"gold_loss":0},{"damage_healed":0,"gold_gain":0,"player_choice":"Got Potions","damage_taken":0,"max_hp_gain":0,"max_hp_loss":0,"event_name":"Lab","floor":37,"gold_loss":0}],"is_beta":false,"boss_relics":[{"not_picked":["Abe\u0027s Treasure","Black Star"],"picked":"infinitespire:Cupcake"},{"not_picked":["StuffTheSpire:RunicHypercube","energizedSpire:RedRose"],"picked":"hubris:Backtick"}],"items_purged_floors":[39],"is_endless":false,"potions_floor_spawned":[5,14,18,21,25,29,31,35,38,48],"killed_by":"Awakened One","ascension_level":17}}