{"host":"1a3cjta80tad0aqj","time":1610047251,"event":{"mods":["2.2 Compatiblity","AchievementEnabler","BaseMod","Colored Map","DeckTracker","KOR Keyword Fix","Keyboard Shortcuts","Minty Spire (QoL Compilation)","Permanent Neow","Quick Restart","Random Character Button","StSLib","SuperFastMode","everything is the same but u backflip on backflip"],"gold_per_floor":[115,290,192,212,35,35,35,35,35,50,84,95,95,110,110,210,210,224,224,237,250,125,125,138,138,138,138,138,138,154,168,168,269,269,284,284,304,154,169,169,169,169,169,169,202,214,214,39,39,39,39],"floor_reached":50,"playtime":2515,"items_purged":["Doubt","Defend_P","Defend_P","Strike_P","Defend_P"],"score":520,"play_id":"f1603cf5-1e18-4cb0-b189-9e63c1165a20","local_time":"20210108042051","is_ascension_mode":false,"campfire_choices":[{"data":"Eruption","floor":6.0,"key":"SMITH"},{"data":"FollowUp","floor":8.0,"key":"SMITH"},{"data":"Vigilance","floor":13.0,"key":"SMITH"},{"data":"FearNoEvil","floor":15.0,"key":"SMITH"},{"data":"Ragnarok","floor":23.0,"key":"SMITH"},{"data":"Halt","floor":25.0,"key":"SMITH"},{"floor":32.0,"key":"REST"},{"floor":40.0,"key":"REST"},{"data":"WreathOfFlame","floor":42.0,"key":"SMITH"},{"data":"Tantrum","floor":44.0,"key":"SMITH"},{"floor":47.0,"key":"REST"},{"floor":49.0,"key":"REST"}],"circlet_count":0,"master_deck":["Strike_P","Strike_P","Strike_P","Defend_P","Eruption+1","Vigilance+1","FollowUp+1","CutThroughFate","FearNoEvil+1","Vengeance","Ragnarok+1","Crescendo+1","Halt+1","Tantrum+1","Consecrate","WreathOfFlame+1","Tantrum+1","CarveReality+1","Jack Of All Trades"],"relics":["Cursed Key"],"acts_visited":["Exordium","TheCity","TheBeyond"],"potions_floor_usage":[50,50,50],"damage_taken":[{"damage":0.0,"enemies":"Jaw Worm","floor":1.0,"turns":4.0},{"damage":0.0,"enemies":"Small Slimes","floor":4.0,"turns":3.0},{"damage":0.0,"enemies":"Cultist","floor":10.0,"turns":1.0},{"damage":4.0,"enemies":"3 Sentries","floor":11.0,"turns":3.0},{"damage":2.0,"enemies":"3 Louse","floor":12.0,"turns":2.0},{"damage":3.0,"enemies":"2 Fungi Beasts","floor":14.0,"turns":3.0},{"damage":0.0,"enemies":"Slime Boss","floor":16.0,"turns":3.0},{"damage":3.0,"enemies":"Shell Parasite","floor":18.0,"turns":4.0},{"damage":0.0,"enemies":"2 Thieves","floor":20.0,"turns":1.0},{"damage":16.0,"enemies":"Centurion and Healer","floor":21.0,"turns":3.0},{"damage":0.0,"enemies":"Cultist and Chosen","floor":24.0,"turns":3.0},{"damage":12.0,"enemies":"Snake Plant","floor":30.0,"turns":3.0},{"damage":0.0,"enemies":"3 Cultists","floor":31.0,"turns":4.0},{"damage":28.0,"enemies":"Collector","floor":33.0,"turns":3.0},{"damage":0.0,"enemies":"3 Darklings","floor":35.0,"turns":3.0},{"damage":10.0,"enemies":"Orb Walker","floor":37.0,"turns":3.0},{"damage":23.0,"enemies":"Jaw Worm Horde","floor":39.0,"turns":3.0},{"damage":39.0,"enemies":"Giant Head","floor":45.0,"turns":6.0},{"damage":16.0,"enemies":"Maw","floor":46.0,"turns":5.0},{"damage":71,"enemies":"Awakened One","floor":50,"turns":4}],"seed_played":"5307346780381883643","potions_obtained":[{"floor":4.0,"key":"Dexterity Potion"},{"floor":7.0,"key":"Strength Potion"},{"floor":7.0,"key":"SkillPotion"},{"floor":10.0,"key":"Ambrosia"},{"floor":14.0,"key":"LiquidMemories"},{"floor":20.0,"key":"DistilledChaos"},{"floor":21.0,"key":"DistilledChaos"},{"floor":24.0,"key":"StancePotion"},{"floor":45.0,"key":"Block Potion"},{"floor":46.0,"key":"Energy Potion"}],"is_trial":false,"path_per_floor":["M","?","$","M","$","R","?","R","T","M","E","M","R","M","R","B",null,"M","?","M","M","$","R","M","R","T","?","$","T","M","M","R","B",null,"M","?","M","$","M","R","?","R","T","R","E","M","R","$","R","B"],"character_chosen":"WATCHER","items_purchased":["CutThroughFate","FearNoEvil"],"campfire_rested":4,"item_purchase_floors":[3,5],"current_hp_per_floor":[72,72,72,72,72,72,72,72,72,72,68,66,66,63,63,63,72,69,69,69,53,53,53,53,53,53,53,53,53,41,41,62,34,72,72,72,62,62,39,60,60,60,60,60,21,5,26,26,47,0,0],"gold":39,"neow_bonus":"BOSS_RELIC","is_daily":false,"chose_seed":true,"campfire_upgraded":8,"win_rate":0.0,"timestamp":1610047251,"path_taken":["M","?","$","M","$","R","?","R","T","?","E","M","R","M","R","BOSS","M","?","M","M","$","R","M","R","T","?","$","?","M","M","R","BOSS","M","?","M","$","M","R","?","R","T","R","E","M","R","$","R","BOSS"],"items_purchased_type":["Card","Card"],"build_version":"2020-12-22","purchased_purges":5,"victory":false,"max_hp_per_floor":[72,72,72,72,72,72,72,72,72,72,72,72,72,72,72,72,72,72,72,72,72,72,72,72,72,72,72,72,72,72,72,72,72,72,72,72,72,72,72,72,72,72,72,72,72,72,72,72,72,72,72],"card_choices":[{"not_picked":["ForeignInfluence","FlurryOfBlows"],"picked":"FollowUp","floor":1.0},{"not_picked":["SashWhip","Prostrate","FlyingSleeves"],"picked":"SKIP","floor":4.0},{"not_picked":["EmptyMind","Worship"],"picked":"Vengeance","floor":10.0},{"not_picked":["FlurryOfBlows","Protect","FearNoEvil"],"picked":"SKIP","floor":11.0},{"not_picked":["CutThroughFate","Sanctity","Perseverance"],"picked":"SKIP","floor":12.0},{"not_picked":["CutThroughFate","Sanctity","Perseverance"],"picked":"SKIP","floor":12.0},{"not_picked":["FlyingSleeves","DeceiveReality","Fasting2"],"picked":"SKIP","floor":14.0},{"not_picked":["Establishment","Wish"],"picked":"Ragnarok","floor":16.0},{"not_picked":["Halt","FlyingSleeves","ForeignInfluence+1"],"picked":"SKIP","floor":18.0},{"not_picked":["CrushJoints","Collect"],"picked":"Crescendo+1","floor":20.0},{"not_picked":["Halt","SandsOfTime+1","Evaluate"],"picked":"SKIP","floor":21.0},{"not_picked":["FlurryOfBlows","JustLucky"],"picked":"Halt","floor":24.0},{"not_picked":["FollowUp","CrushJoints"],"picked":"Consecrate","floor":30.0},{"not_picked":["ForeignInfluence+1","Conclude+1"],"picked":"WreathOfFlame","floor":31.0},{"not_picked":["Pray+1","MentalFortress+1","DeceiveReality+1"],"picked":"SKIP","floor":35.0},{"not_picked":["Evaluate+1","Consecrate"],"picked":"Tantrum+1","floor":37.0},{"not_picked":["Weave","Tantrum"],"picked":"CarveReality+1","floor":39.0},{"not_picked":["HandOfGreed","Enlightenment"],"picked":"Jack Of All Trades","floor":41.0},{"not_picked":["InnerPeace+1","Swivel+1","BowlingBash"],"picked":"SKIP","floor":45.0},{"not_picked":["Halt+1","Nirvana","Consecrate+1"],"picked":"SKIP","floor":46.0}],"player_experience":177155,"relics_obtained":[],"event_choices":[{"damage_healed":0.0,"max_hp_gain":0.0,"max_hp_loss":0.0,"gold_gain":175.0,"event_name":"Liars Game","player_choice":"AGREE","floor":2.0,"gold_loss":0.0,"damage_taken":0.0,"cards_obtained":["Doubt"]},{"damage_healed":0.0,"max_hp_gain":0.0,"max_hp_loss":0.0,"gold_gain":0.0,"event_name":"Lab","player_choice":"Got Potions","floor":7.0,"gold_loss":0.0,"damage_taken":0.0},{"damage_healed":0.0,"max_hp_gain":0.0,"max_hp_loss":0.0,"gold_gain":0.0,"event_name":"Ghosts","player_choice":"Ignored","floor":19.0,"gold_loss":0.0,"damage_taken":0.0},{"damage_healed":0.0,"max_hp_gain":0.0,"max_hp_loss":0.0,"gold_gain":0.0,"event_name":"The Library","player_choice":"Read","floor":27.0,"gold_loss":0.0,"damage_taken":0.0,"cards_obtained":["Tantrum"]},{"damage_healed":0.0,"max_hp_gain":0.0,"max_hp_loss":0.0,"gold_gain":0.0,"event_name":"Tomb of Lord Red Mask","player_choice":"Ignored","floor":36.0,"gold_loss":0.0,"damage_taken":0.0},{"damage_healed":0.0,"max_hp_gain":0.0,"max_hp_loss":0.0,"gold_gain":0.0,"event_name":"SensoryStone","player_choice":"Memory 1","floor":41.0,"gold_loss":0.0,"damage_taken":0.0}],"is_beta":false,"boss_relics":[{"not_picked":[]},{"not_picked":[]}],"items_purged_floors":[3,5,22,38,48],"is_endless":false,"potions_floor_spawned":[4,10,14,20,21,24,45,46],"killed_by":"Awakened One","ascension_level":0}}