{"host":"fxh4234sf5pb3xr6","time":1610024002,"event":{"mods":["AchievementEnabler","BaseMod","Colored Map","Colored Powertips","Minty Spire (QoL Compilation)","Rare Cards Sparkle","StSLib"],"gold_per_floor":[118,137,161,161,188,188,237,237,237,289,289,9,59,59,59,198,198,198,198,198,198,198,198,198,198,198,198,198,198,198,198,198,198,198,198,198,108,108,108,108,108,108,108,33,33,33,33,33,33,33,33],"floor_reached":50,"playtime":3186,"items_purged":["Strike_B"],"score":781,"play_id":"8c81cf77-c2a5-4f83-a903-b73c19268231","local_time":"20210107075322","is_ascension_mode":true,"campfire_choices":[{"floor":6,"key":"REST"},{"floor":8,"key":"REST"},{"floor":11,"key":"REST"},{"floor":15,"key":"REST"},{"floor":24,"key":"REST"},{"floor":27,"key":"REST"},{"data":"Buffer","floor":29,"key":"SMITH"},{"data":"Defragment","floor":32,"key":"SMITH"},{"data":"Electrodynamics","floor":40,"key":"SMITH"},{"data":"Static Discharge","floor":42,"key":"SMITH"},{"data":"White Noise","floor":49,"key":"SMITH"}],"circlet_count":0,"master_deck":["Strike_B","Defend_B","Defend_B","Zap","Dualcast","Sweeping Beam","Doom and Gloom","Conserve Battery","Machine Learning","Chill","Static Discharge+1","Coolheaded","Buffer+1","Rip and Tear+1","BootSequence+1","Defragment+1","Consume","Rebound","Electrodynamics+1","Force Field+1","White Noise+1","Capacitor+1","White Noise+1"],"relics":["Cracked Core","CeramicFish","Golden Idol","HornCleat","Singing Bowl","White Beast Statue","Mercury Hourglass","Bag of Preparation","Ornamental Fan","Ectoplasm","Bird Faced Urn","Prayer Wheel","Symbiotic Virus","Inserter","Gambling Chip","Orichalcum","Bottled Tornado","Emotion Chip"],"acts_visited":["Exordium","TheCity","TheBeyond"],"potions_floor_usage":[5,10,23,39,50,50,50],"damage_taken":[{"damage":0,"enemies":"Cultist","floor":1,"turns":3},{"damage":8,"enemies":"2 Louse","floor":2,"turns":2},{"damage":0,"enemies":"Small Slimes","floor":3,"turns":2},{"damage":39,"enemies":"Exordium Thugs","floor":5,"turns":5},{"damage":28,"enemies":"3 Sentries","floor":7,"turns":7},{"damage":20,"enemies":"Gremlin Nob","floor":10,"turns":4},{"damage":10,"enemies":"3 Sentries","floor":13,"turns":3},{"damage":37,"enemies":"Slime Boss","floor":16,"turns":7},{"damage":3,"enemies":"Shell Parasite","floor":18,"turns":6},{"damage":3,"enemies":"Chosen","floor":19,"turns":4},{"damage":17,"enemies":"Shelled Parasite and Fungi","floor":20,"turns":5},{"damage":0,"enemies":"Snecko","floor":21,"turns":6},{"damage":13,"enemies":"Slavers","floor":23,"turns":6},{"damage":20,"enemies":"Gremlin Leader","floor":25,"turns":6},{"damage":0,"enemies":"Cultist and Chosen","floor":30,"turns":5},{"damage":0,"enemies":"Snake Plant","floor":31,"turns":4},{"damage":25,"enemies":"Collector","floor":33,"turns":11},{"damage":12,"enemies":"Orb Walker","floor":35,"turns":4},{"damage":0,"enemies":"3 Darklings","floor":36,"turns":4},{"damage":6,"enemies":"4 Shapes","floor":38,"turns":4},{"damage":10,"enemies":"Mind Bloom Boss Battle","floor":39,"turns":7},{"damage":5,"enemies":"Spire Growth","floor":45,"turns":5},{"damage":0,"enemies":"Nemesis","floor":46,"turns":9},{"damage":22,"enemies":"3 Darklings","floor":47,"turns":2},{"damage":38,"enemies":"Giant Head","floor":48,"turns":8},{"damage":83,"enemies":"Awakened One","floor":50,"turns":6}],"seed_played":"6031197687186550714","potions_obtained":[{"floor":3,"key":"Fire Potion"},{"floor":7,"key":"AttackPotion"},{"floor":13,"key":"FearPotion"},{"floor":16,"key":"DuplicationPotion"},{"floor":18,"key":"Block Potion"},{"floor":19,"key":"DistilledChaos"},{"floor":23,"key":"SteroidPotion"},{"floor":30,"key":"PotionOfCapacity"},{"floor":39,"key":"Fruit Juice"},{"floor":45,"key":"SneckoOil"}],"is_trial":false,"path_per_floor":["M","M","M","?","M","R","E","R","T","E","R","$","E","?","R","B",null,"M","M","M","M","?","E","R","E","T","R","?","R","M","M","R","B",null,"M","M","?","M","?","R","?","R","T","$","M","E","M","E","R","B"],"character_chosen":"DEFECT","items_purchased":["Static Discharge","Mercury Hourglass"],"campfire_rested":6,"item_purchase_floors":[12,12],"current_hp_per_floor":[75,67,67,67,28,48,20,40,40,20,40,40,30,30,50,13,55,52,49,32,34,34,21,42,34,34,55,55,55,67,79,79,56,75,73,79,79,87,94,94,94,94,94,94,100,102,84,64,64,0,0],"gold":33,"neow_bonus":"RANDOM_COMMON_RELIC","is_daily":false,"chose_seed":false,"campfire_upgraded":5,"win_rate":0.0,"timestamp":1610024002,"path_taken":["M","?","M","?","M","R","E","R","T","E","R","$","E","?","R","BOSS","M","?","M","M","?","E","R","E","T","R","?","R","?","M","R","BOSS","M","M","?","?","?","R","?","R","T","?","M","E","M","E","R","BOSS"],"items_purchased_type":["Card","Relic"],"build_version":"2020-12-22","purchased_purges":1,"victory":false,"max_hp_per_floor":[75,75,75,69,69,69,69,69,69,69,69,69,69,69,69,69,69,69,69,69,71,71,71,71,73,73,73,73,73,75,79,79,81,81,85,87,87,89,96,96,96,96,96,96,100,102,104,106,106,106,106],"card_choices":[{"not_picked":["Hologram","Scrape"],"picked":"Sweeping Beam","floor":1},{"not_picked":["Compile Driver","Go for the Eyes","Steam"],"picked":"SKIP","floor":2},{"not_picked":["Sweeping Beam","Steam Power"],"picked":"Doom and Gloom","floor":3},{"not_picked":["Undo","Recycle"],"picked":"Conserve Battery","floor":5},{"not_picked":["Reboot","Rebound"],"picked":"Machine Learning","floor":7},{"not_picked":["Stack","Cold Snap"],"picked":"Chill","floor":10},{"not_picked":["Static Discharge","Reinforced Body"],"picked":"Coolheaded","floor":13},{"not_picked":["Biased Cognition","All For One"],"picked":"Buffer","floor":16},{"not_picked":["Stack+1","Sweeping Beam"],"picked":"Rip and Tear+1","floor":18},{"not_picked":["Streamline","Beam Cell"],"picked":"BootSequence+1","floor":19},{"not_picked":["Rebound","Ball Lightning+1"],"picked":"Defragment","floor":20},{"not_picked":["Barrage","Turbo","Go for the Eyes"],"picked":"Singing Bowl","floor":21},{"not_picked":["Aggregate+1","Force Field"],"picked":"Electrodynamics","floor":23},{"not_picked":["Steam","Ball Lightning","Sunder+1"],"picked":"Singing Bowl","floor":25},{"not_picked":["Undo","Scrape","Cold Snap"],"picked":"Singing Bowl","floor":30},{"not_picked":["BootSequence","Compile Driver+1"],"picked":"Force Field+1","floor":30},{"not_picked":["Turbo","Fusion+1","Defragment"],"picked":"Singing Bowl","floor":31},{"not_picked":["Consume","Stack","Cold Snap"],"picked":"Singing Bowl","floor":31},{"not_picked":["Hyperbeam","Core Surge","All For One"],"picked":"Singing Bowl","floor":33},{"not_picked":["Hologram","Streamline+1","Doom and Gloom+1"],"picked":"Singing Bowl","floor":35},{"not_picked":["Fusion+1","Compile Driver+1","Coolheaded"],"picked":"Singing Bowl","floor":35},{"not_picked":["Force Field","Self Repair","BootSequence+1"],"picked":"Singing Bowl","floor":36},{"not_picked":["Gash+1","Tempest+1"],"picked":"White Noise","floor":36},{"not_picked":["Consume+1","Coolheaded"],"picked":"Capacitor+1","floor":38},{"not_picked":["Blizzard+1","Leap","Stack+1"],"picked":"Singing Bowl","floor":38},{"not_picked":["Stack","Glacier","Hello World"],"picked":"Singing Bowl","floor":39},{"not_picked":["Steam","Turbo+1","Meteor Strike"],"picked":"Singing Bowl","floor":45},{"not_picked":["Barrage","Leap","Beam Cell+1"],"picked":"Singing Bowl","floor":45},{"not_picked":["Hologram+1","Turbo+1","Steam"],"picked":"Singing Bowl","floor":46},{"not_picked":["Static Discharge+1","Leap","Rebound"],"picked":"Singing Bowl","floor":47},{"not_picked":["Recycle","Rebound+1"],"picked":"White Noise","floor":47},{"not_picked":["Leap","Sweeping Beam","Scrape"],"picked":"Singing Bowl","floor":48}],"player_experience":326151,"relics_obtained":[{"floor":7,"key":"HornCleat"},{"floor":9,"key":"Singing Bowl"},{"floor":10,"key":"White Beast Statue"},{"floor":13,"key":"Bag of Preparation"},{"floor":23,"key":"Bird Faced Urn"},{"floor":25,"key":"Prayer Wheel"},{"floor":26,"key":"Symbiotic Virus"},{"floor":39,"key":"Gambling Chip"},{"floor":43,"key":"Orichalcum"},{"floor":46,"key":"Bottled Tornado"},{"floor":48,"key":"Emotion Chip"}],"event_choices":[{"damage_healed":0,"gold_gain":0,"player_choice":"Lose Max HP","damage_taken":0,"relics_obtained":["Golden Idol"],"max_hp_gain":0,"max_hp_loss":6,"event_name":"Golden Idol","floor":4,"gold_loss":0},{"damage_healed":0,"gold_gain":0,"player_choice":"Gave Potion","damage_taken":0,"relics_obtained":["Ornamental Fan"],"max_hp_gain":0,"max_hp_loss":0,"event_name":"WeMeetAgain","floor":14,"gold_loss":0},{"damage_healed":0,"gold_gain":0,"cards_transformed":["Strike_B","Strike_B"],"player_choice":"Became Test Subject","damage_taken":0,"max_hp_gain":0,"max_hp_loss":0,"event_name":"Drug Dealer","floor":22,"gold_loss":0,"cards_obtained":["Consume","Rebound"]},{"damage_healed":0,"gold_gain":0,"player_choice":"Bought 0 Potions","damage_taken":0,"max_hp_gain":0,"max_hp_loss":0,"event_name":"The Woman in Blue","floor":28,"gold_loss":0},{"cards_removed":["Defend_B"],"damage_healed":0,"gold_gain":0,"player_choice":"Upgrade and Remove","damage_taken":0,"max_hp_gain":0,"max_hp_loss":0,"event_name":"Designer","floor":37,"gold_loss":90,"cards_upgraded":["White Noise"]},{"damage_healed":0,"gold_gain":0,"player_choice":"Fight","damage_taken":0,"max_hp_gain":0,"max_hp_loss":0,"event_name":"MindBloom","floor":39,"gold_loss":0},{"cards_removed":["Defend_B"],"damage_healed":0,"gold_gain":0,"player_choice":"Removed Skill","damage_taken":0,"max_hp_gain":0,"max_hp_loss":0,"event_name":"Falling","floor":41,"gold_loss":0}],"is_beta":false,"boss_relics":[{"not_picked":["Empty Cage","FrozenCore"],"picked":"Ectoplasm"},{"not_picked":["Cursed Key","SacredBark"],"picked":"Inserter"}],"items_purged_floors":[44],"is_endless":false,"potions_floor_spawned":[3,7,13,16,18,19,20,21,23,25,30,31,33,35,36,38,39,45,46,47,48],"killed_by":"Awakened One","ascension_level":5}}