{"host":"kig4ty9d1aubg29s","time":1610025712,"event":{"mods":["BaseMod","Minty Spire (QoL Compilation)","READ ME - Guardian Mod","READ ME - Snecko Mod","StSLib","The Cursed","The Gatherer","The Hierophant","The Runesmith"],"gold_per_floor":[212,225,235,252,209,244,244,264,316,335,335,300,333,389,389,465,465,480,490,490,517,517,517],"floor_reached":22,"playtime":731,"items_purged":[],"score":417,"play_id":"4fb17be6-7b9a-456d-bf62-f4115c2c6e66","local_time":"20210107222152","is_ascension_mode":true,"campfire_choices":[{"floor":7,"key":"REST"},{"floor":11,"key":"REST"},{"floor":15,"key":"REST"}],"circlet_count":0,"master_deck":["AscendersBane","Strike_B","Strike_B","Strike_B","Strike_B","Defend_B","Defend_B","Defend_B","Defend_B","Zap","Dualcast","Rebound","Storm","Cold Snap","Sunder","Darkness","Coolheaded","Cold Snap","Electrodynamics+1","Cold Snap+1","Ball Lightning","Cold Snap"],"relics":["Cracked Core","Frozen Egg 2","Akabeko","Bottled Lightning","Orichalcum","Sozu","Red Mask"],"acts_visited":["Exordium","TheCity"],"potions_floor_usage":[6,13,13,13,14,18],"damage_taken":[{"damage":2,"enemies":"Cultist","floor":1,"turns":4},{"damage":9,"enemies":"Jaw Worm","floor":2,"turns":3},{"damage":0,"enemies":"2 Louse","floor":3,"turns":1},{"damage":11,"enemies":"Looter","floor":4,"turns":2},{"damage":40,"enemies":"Lagavulin","floor":6,"turns":7},{"damage":10,"enemies":"Large Slime","floor":8,"turns":7},{"damage":8,"enemies":"Blue Slaver","floor":10,"turns":2},{"damage":8,"enemies":"Gremlin Nob","floor":13,"turns":3},{"damage":16,"enemies":"3 Sentries","floor":14,"turns":7},{"damage":39,"enemies":"The Guardian","floor":16,"turns":11},{"damage":17,"enemies":"Shell Parasite","floor":18,"turns":3},{"damage":15,"enemies":"2 Thieves","floor":19,"turns":3},{"damage":0,"enemies":"Masked Bandits","floor":21,"turns":2},{"damage":31,"enemies":"3 Cultists","floor":22,"turns":4}],"seed_played":"-676163629466341323","potions_obtained":[{"floor":2,"key":"Fire Potion"},{"floor":8,"key":"Strength Potion"},{"floor":10,"key":"EntropicBrew"},{"floor":16,"key":"BlessingOfTheForge"}],"is_trial":false,"path_per_floor":["M","M","M","M","?","E","R","M","T","M","R","?","E","?","R","B",null,"M","M","?","?","M"],"character_chosen":"DEFECT","items_purchased":[],"campfire_rested":3,"item_purchase_floors":[],"current_hp_per_floor":[62,53,53,42,42,2,23,13,13,5,26,43,35,19,40,1,54,37,22,22,22,0,0],"gold":517,"neow_bonus":"HUNDRED_GOLD","is_daily":false,"chose_seed":false,"campfire_upgraded":0,"win_rate":0.0,"timestamp":1610025712,"path_taken":["M","M","M","?","?","E","R","M","T","M","R","?","E","?","R","BOSS","M","M","?","?","M"],"items_purchased_type":[],"build_version":"2020-12-22","purchased_purges":0,"victory":false,"max_hp_per_floor":[71,71,71,71,71,71,71,71,71,71,71,71,71,71,71,71,71,71,71,71,71,71,71],"card_choices":[{"not_picked":["Redo","Turbo"],"picked":"Rebound","floor":1},{"not_picked":["Force Field","Barrage","Hologram"],"picked":"SKIP","floor":2},{"not_picked":["Streamline","Redo"],"picked":"Storm","floor":3},{"not_picked":["Fission","Streamline","Blizzard"],"picked":"SKIP","floor":4},{"not_picked":["Undo","Sweeping Beam"],"picked":"Cold Snap","floor":6},{"not_picked":["Redo","Go for the Eyes"],"picked":"Sunder","floor":8},{"not_picked":["Stack","Barrage"],"picked":"Darkness","floor":10},{"not_picked":["Tempest","Beam Cell"],"picked":"Coolheaded","floor":13},{"not_picked":["Leap","Rainbow"],"picked":"Cold Snap","floor":14},{"not_picked":["Machine Learning+1","Seek"],"picked":"Electrodynamics+1","floor":16},{"not_picked":["Redo","Barrage+1"],"picked":"Cold Snap+1","floor":18},{"not_picked":["Sweeping Beam","Conserve Battery"],"picked":"Ball Lightning","floor":19},{"not_picked":["Reinforced Body","Compile Driver"],"picked":"Cold Snap","floor":21}],"player_experience":1922005,"relics_obtained":[{"floor":6,"key":"Frozen Egg 2"},{"floor":9,"key":"Akabeko"},{"floor":13,"key":"Bottled Lightning"},{"floor":14,"key":"Orichalcum"},{"floor":21,"key":"Red Mask"}],"event_choices":[{"damage_healed":0,"gold_gain":0,"player_choice":"Left Gold","damage_taken":0,"max_hp_gain":0,"max_hp_loss":0,"event_name":"World of Goop","floor":5,"gold_loss":43},{"damage_healed":17,"gold_gain":0,"player_choice":"Healed","damage_taken":0,"max_hp_gain":0,"max_hp_loss":0,"event_name":"The Cleric","floor":12,"gold_loss":35},{"damage_healed":0,"gold_gain":0,"player_choice":"Searched \u00271\u0027 times","damage_taken":0,"max_hp_gain":0,"max_hp_loss":0,"event_name":"Dead Adventurer","floor":14,"gold_loss":0},{"damage_healed":0,"gold_gain":0,"player_choice":"Ignored","damage_taken":0,"max_hp_gain":0,"max_hp_loss":0,"event_name":"Cursed Tome","floor":20,"gold_loss":0},{"damage_healed":0,"gold_gain":0,"player_choice":"Fought Bandits","damage_taken":0,"max_hp_gain":0,"max_hp_loss":0,"event_name":"Masked Bandits","floor":21,"gold_loss":0}],"is_beta":false,"boss_relics":[{"not_picked":["SlaversCollar","Fusion Hammer"],"picked":"Sozu"}],"items_purged_floors":[],"is_endless":false,"potions_floor_spawned":[2,8,10,16,18],"killed_by":"3 Cultists","ascension_level":20}}