{"host":"94qggqh0xz0sp6ai","time":1610061345,"event":{"mods":["Abigail Mod","Act Like it!","BaseMod","CapriCore","Downfall","Friendly Minions","Gensokyo","Hermit","Jorbs\u0027s Wanderer Trilogy","Koishi","Marisa（霧雨　魔理沙）","Minty Spire (QoL Compilation)","Permanent Neow","Reimu（博??梦）","StSLib","The Alterego","The Construct","The Cursed","The Hierophant","The Immortal","The Marked","The Servant 0.9.4","TheBandit","Waifu the Spire"],"gold_per_floor":[113,20,20,95,112,112,387,407,407,407,420,445,39,51,51,130,130,145,160,160,171,191,191,191,191],"floor_reached":24,"playtime":881,"items_purged":["Regret"],"score":337,"play_id":"742fa1f8-1ee0-4c55-9fdb-4f36bfdac874","local_time":"20210107171545","is_ascension_mode":true,"campfire_choices":[{"data":"Koishi:TerrifyingSpectre","floor":6,"key":"SMITH"},{"data":"Koishi:PredatoryInstincts","floor":10,"key":"SMITH"},{"data":"Koishi:FidgetySnatcher","floor":15,"key":"SMITH"},{"data":"Koishi:ParalyzingFear","floor":23,"key":"SMITH"}],"circlet_count":0,"master_deck":["AscendersBane","Koishi:BasicStrike","Koishi:BasicStrike","Koishi:BasicStrike","Koishi:BasicStrike","Koishi:BasicDefend","Koishi:BasicDefend","Koishi:BasicDefend","Koishi:BasicDefend","Koishi:Provoke","Koishi:HauntingSlash","Koishi:TerrifyingSpectre+1","Koishi:JumpScare","Koishi:PredatoryInstincts+1","Koishi:ParalyzingFear+1","Koishi:SpiritedAway","Koishi:UnseenTerror","Koishi:MindNumbingTerror+1","Koishi:RacingHeart+1","Koishi:YoukaiPolygraph+1","Koishi:FidgetySnatcher+1","Koishi:PhantomStrike+1","Koishi:StrangeCloudFist+1","Koishi:GrowingPain+1","Koishi:RacingHeart+1","Koishi:DreadfulBlow+1","Decay","Koishi:GeneticsOfTheUnconscious"],"relics":["Koishi:ImaginaryFriend","Darkstone Periapt","Molten Egg 2","Bag of Preparation","Regal Pillow","Cursed Key"],"acts_visited":["Exordium","TheCity"],"potions_floor_usage":[11,12,18,24,24],"damage_taken":[{"damage":0,"enemies":"2 Louse","floor":1,"turns":4},{"damage":6,"enemies":"Small Slimes","floor":5,"turns":4},{"damage":5,"enemies":"Cultist","floor":8,"turns":4},{"damage":21,"enemies":"Lots of Slimes","floor":11,"turns":9},{"damage":34,"enemies":"Gremlin Nob","floor":12,"turns":5},{"damage":1,"enemies":"Blue Slaver","floor":14,"turns":3},{"damage":39,"enemies":"The Guardian","floor":16,"turns":9},{"damage":33,"enemies":"2 Thieves","floor":18,"turns":4},{"damage":15,"enemies":"3 Byrds","floor":19,"turns":5},{"damage":26,"enemies":"Sentry and Sphere","floor":21,"turns":5},{"damage":3,"enemies":"Centurion and Healer","floor":22,"turns":8},{"damage":53,"enemies":"Book of Stabbing","floor":24,"turns":5}],"seed_played":"-5912684003546946093","potions_obtained":[{"floor":1,"key":"CultistPotion"},{"floor":8,"key":"SkillPotion"},{"floor":11,"key":"Strength Potion"},{"floor":14,"key":"construct:ShiftPotion"},{"floor":16,"key":"GrandPatriotsElixir:ReiMu"},{"floor":22,"key":"SpeedPotion"}],"is_trial":false,"path_per_floor":["M","$","?","?","M","R","?","M","T","R","M","E","$","M","R","B",null,"M","M","?","M","M","R","E"],"character_chosen":"KOISHI","items_purchased":["Koishi:PredatoryInstincts","Koishi:ParalyzingFear","Koishi:YoukaiPolygraph+1","Regal Pillow","Koishi:FidgetySnatcher","Koishi:PhantomStrike+1"],"campfire_rested":0,"item_purchase_floors":[2,2,13,13,13,13],"current_hp_per_floor":[52,52,40,29,35,35,41,44,44,44,58,36,36,48,48,25,54,27,35,41,26,53,53,0,0],"gold":191,"neow_bonus":"ONE_RANDOM_RARE_CARD","is_daily":false,"chose_seed":false,"campfire_upgraded":4,"win_rate":0.0,"timestamp":1610061345,"path_taken":["M","$","?","?","M","R","?","?","T","R","M","E","$","M","R","BOSS","M","?","?","M","M","R","E"],"items_purchased_type":["Card","Card","Card","Relic","Card","Card"],"build_version":"2020-12-22","purchased_purges":1,"victory":false,"max_hp_per_floor":[57,57,57,57,57,57,63,63,63,63,63,63,63,63,63,63,63,63,63,69,69,69,69,69,69],"card_choices":[{"not_picked":["Koishi:UnconsciousUprising","Koishi:RacingHeart"],"picked":"Koishi:JumpScare","floor":1},{"not_picked":["Koishi:UnansweredLove","Koishi:VengefulSpirit"],"picked":"Koishi:SpiritedAway","floor":5},{"not_picked":["Koishi:PhantomBarrier","Koishi:UnconsciousUprising"],"picked":"Koishi:UnseenTerror","floor":8},{"not_picked":["Koishi:Whimsy","Koishi:BloodcurdlingScream+1"],"picked":"Koishi:MindNumbingTerror+1","floor":11},{"not_picked":["Koishi:UnconsciousUprising","Koishi:UnansweredLove"],"picked":"Koishi:RacingHeart+1","floor":12},{"not_picked":["Koishi:FleetingPhantom","Koishi:HeartfeltFancy"],"picked":"Koishi:StrangeCloudFist+1","floor":14},{"not_picked":["Koishi:Ego","Koishi:ConditionedTeleport"],"picked":"Koishi:GrowingPain+1","floor":16},{"not_picked":["Koishi:VengefulSpirit","Koishi:Jaunt+1"],"picked":"Koishi:RacingHeart+1","floor":18},{"not_picked":["Koishi:Vanish","Koishi:RacingHeart+1"],"picked":"Koishi:DreadfulBlow+1","floor":19},{"not_picked":["Koishi:HeartfeltFancy","Koishi:Jaunt+1","Koishi:ReflexRadar"],"picked":"SKIP","floor":21},{"not_picked":["Koishi:ReflexRadar","Koishi:Prune+1"],"picked":"Koishi:GeneticsOfTheUnconscious","floor":22}],"player_experience":1357701,"relics_obtained":[{"floor":9,"key":"Molten Egg 2"},{"floor":12,"key":"Bag of Preparation"}],"event_choices":[{"damage_healed":0,"gold_gain":0,"player_choice":"Success","damage_taken":12,"relics_obtained":["Darkstone Periapt"],"max_hp_gain":0,"max_hp_loss":0,"event_name":"Scrap Ooze","floor":3,"gold_loss":0},{"damage_healed":0,"gold_gain":75,"player_choice":"Gather Gold","damage_taken":11,"max_hp_gain":0,"max_hp_loss":0,"event_name":"World of Goop","floor":4,"gold_loss":0},{"damage_healed":0,"gold_gain":275,"player_choice":"Desecrate","damage_taken":0,"max_hp_gain":0,"max_hp_loss":0,"event_name":"Golden Shrine","floor":7,"gold_loss":0,"cards_obtained":["Regret"]},{"damage_healed":0,"gold_gain":0,"player_choice":"Smashed Altar","damage_taken":0,"max_hp_gain":0,"max_hp_loss":0,"event_name":"Forgotten Altar","floor":20,"gold_loss":0,"cards_obtained":["Decay"]}],"is_beta":false,"boss_relics":[{"not_picked":["Busted Crown","Black Star"],"picked":"Cursed Key"}],"items_purged_floors":[13],"is_endless":false,"potions_floor_spawned":[1,8,11,14,16,22],"killed_by":"Book of Stabbing","ascension_level":14}}