{"host":"id1lehtnb7dzklac","time":1610039926,"event":{"mods":["AchievementEnabler","BaseMod","Block Reminder","Colored Map","Highlight Path","Minty Spire (QoL Compilation)","Permanent Neow","Random Character Button","StSLib","slay the spire mod where everything is the same but ironclad has a cowboy hat"],"gold_per_floor":[110,128,140,24,35,69,69,95,95,95,110,140,140,166,166,263,263,273,273,127,47,59,94,94,108,108,133,133,166,166,194,194,297,297,317,328,378,378,135,163,175,205,276,288,312,324,363,386,398,410],"floor_reached":51,"playtime":2902,"items_purged":["Strike_P","ClearTheMind+1"],"score":1114,"play_id":"d9b64000-ac91-41c7-9acf-dbf4505e9911","local_time":"20210108011846","is_ascension_mode":true,"campfire_choices":[{"data":"TalkToTheHand","floor":7,"key":"SMITH"},{"data":"Eruption","floor":10,"key":"SMITH"},{"data":"EmptyFist","floor":15,"key":"SMITH"},{"data":"Scrawl","floor":28,"key":"SMITH"},{"data":"Adaptation","floor":30,"key":"SMITH"},{"data":"WaveOfTheHand","floor":32,"key":"SMITH"},{"floor":46,"key":"DIG"},{"floor":49,"key":"DIG"}],"circlet_count":0,"master_deck":["Strike_P+1","Strike_P+1","Defend_P+1","Defend_P+1","Eruption+1","Vigilance+1","FlurryOfBlows+1","EmptyFist+1","TalkToTheHand+1","WaveOfTheHand+1","EmptyFist+1","Scrawl+1","Adaptation+1","ClearTheMind+1","LessonLearned+1","FearNoEvil+1","FearNoEvil+1","FlurryOfBlows+1","Halt+1","Crescendo+1","Halt+1","Vengeance+1","Eruption+1","Wallop+1","Tantrum+1","TalkToTheHand+1"],"relics":["Black Star","Pen Nib","InkBottle","Bag of Marbles","Omamori","Vajra","CaptainsWheel","Incense Burner","Damaru","Nunchaku","Philosopher\u0027s Stone","Matryoshka","Toxic Egg 2","Singing Bowl","Ancient Tea Set","Torii","Pocketwatch","Sundial","Dream Catcher","Whetstone","Unceasing Top","Empty Cage","Shovel","OrangePellets","Smiling Mask","Lantern","Prayer Wheel","War Paint","MawBank","Oddly Smooth Stone","Boot","Du-Vu Doll","Pantograph"],"acts_visited":["TheCity","TheBeyond"],"potions_floor_usage":[8,14],"damage_taken":[{"damage":2.0,"enemies":"Small Slimes","floor":1.0,"turns":4.0},{"damage":6.0,"enemies":"Jaw Worm","floor":2.0,"turns":3.0},{"damage":0.0,"enemies":"Cultist","floor":3.0,"turns":4.0},{"damage":0.0,"enemies":"Gremlin Gang","floor":5.0,"turns":4.0},{"damage":18.0,"enemies":"Gremlin Nob","floor":6.0,"turns":5.0},{"damage":19,"enemies":"3 Sentries","floor":8,"turns":8},{"damage":0,"enemies":"Exordium Thugs","floor":11,"turns":3},{"damage":5,"enemies":"Lagavulin","floor":12,"turns":5},{"damage":7,"enemies":"3 Sentries","floor":14,"turns":5},{"damage":4,"enemies":"The Guardian","floor":16,"turns":9},{"damage":0,"enemies":"Chosen","floor":18,"turns":6},{"damage":0,"enemies":"3 Byrds","floor":22,"turns":3},{"damage":3,"enemies":"Gremlin Leader","floor":23,"turns":8},{"damage":6,"enemies":"Snecko","floor":25,"turns":3},{"damage":0,"enemies":"Book of Stabbing","floor":27,"turns":3},{"damage":10,"enemies":"Gremlin Leader","floor":29,"turns":4},{"damage":0,"enemies":"Book of Stabbing","floor":31,"turns":2},{"damage":37,"enemies":"Automaton","floor":33,"turns":8},{"damage":0,"enemies":"3 Darklings","floor":35,"turns":2},{"damage":2,"enemies":"3 Shapes","floor":36,"turns":2},{"damage":0,"enemies":"2 Orb Walkers","floor":37,"turns":1},{"damage":14,"enemies":"Nemesis","floor":40,"turns":6},{"damage":0,"enemies":"Transient","floor":41,"turns":5},{"damage":0,"enemies":"Giant Head","floor":42,"turns":2},{"damage":0,"enemies":"Spire Growth","floor":45,"turns":1},{"damage":0,"enemies":"Reptomancer","floor":47,"turns":3},{"damage":1,"enemies":"Jaw Worm Horde","floor":48,"turns":4},{"damage":0,"enemies":"Awakened One","floor":50,"turns":6}],"seed_played":"7788519407579663563","potions_obtained":[{"floor":2.0,"key":"AttackPotion"},{"floor":6,"key":"PowerPotion"},{"floor":8,"key":"Fire Potion"},{"floor":11,"key":"AttackPotion"},{"floor":14,"key":"Block Potion"},{"floor":16,"key":"Regen Potion"},{"floor":25,"key":"CultistPotion"},{"floor":31,"key":"FearPotion"}],"is_trial":false,"path_per_floor":["M","M","M","$","M","E","R","E","T","R","M","E","?","E","R","B",null,"M","?","$","$","M","E","$","M","T","E","R","E","R","E","R","B",null,"M","M","?","?","$","E","M","E","T","?","M","R","E","M","R","B",null],"character_chosen":"WATCHER","items_purchased":["TalkToTheHand","WaveOfTheHand","FearNoEvil","FearNoEvil","OrangePellets"],"campfire_rested":0,"item_purchase_floors":[4,4,20,21,39],"current_hp_per_floor":[70,64,64,64,64,46,46,27,27,27,27,22,22,15,15,11,72,72,72,72,72,72,69,69,63,63,65,65,57,57,59,59,24,80,80,80,80,82,82,70,72,72,72,72,74,74,74,75,75,92],"gold":422,"neow_bonus":"BOSS_RELIC","is_daily":false,"chose_seed":false,"campfire_upgraded":6,"win_rate":0.0,"timestamp":1610039926,"path_taken":["M","M","M","$","M","E","R","E","T","R","M","E","?","E","R","BOSS","M","?","?","$","?","E","$","M","T","E","R","E","R","E","R","BOSS","M","M","?","?","$","E","M","E","T","?","M","R","E","M","R","BOSS"],"items_purchased_type":["Card","Card","Card","Card","Relic"],"build_version":"2020-12-22","purchased_purges":2,"victory":true,"max_hp_per_floor":[72,72,72,72,72,72,72,72,72,72,72,72,72,72,72,72,72,72,72,72,72,72,72,72,72,72,74,74,76,76,78,78,80,80,80,82,82,84,84,86,88,88,88,88,90,90,90,92,92,92],"card_choices":[{"not_picked":["Prostrate","Perseverance","FollowUp"],"picked":"SKIP","floor":1.0},{"not_picked":["Crescendo","Vengeance"],"picked":"FlurryOfBlows","floor":2.0},{"not_picked":["CrushJoints","JustLucky"],"picked":"EmptyFist","floor":3.0},{"not_picked":["DeceiveReality","LikeWater"],"picked":"EmptyFist","floor":5.0},{"not_picked":["BattleHymn","SandsOfTime","Nirvana"],"picked":"SKIP","floor":6},{"not_picked":["EmptyFist","JustLucky","ReachHeaven"],"picked":"SKIP","floor":8},{"not_picked":["CarveReality","Collect"],"picked":"Scrawl","floor":11},{"not_picked":["Protect","Evaluate"],"picked":"Adaptation","floor":12},{"not_picked":["Swivel","Vengeance"],"picked":"ClearTheMind","floor":14},{"not_picked":["Brilliance","Devotion"],"picked":"LessonLearned","floor":16},{"not_picked":["Prostrate","PathToVictory","EmptyBody+1"],"picked":"SKIP","floor":18},{"not_picked":["SandsOfTime","FollowUp+1"],"picked":"FlurryOfBlows","floor":22},{"not_picked":["FlurryOfBlows","FollowUp+1"],"picked":"ClearTheMind+1","floor":23},{"not_picked":["CrushJoints","SashWhip+1"],"picked":"Halt+1","floor":25},{"not_picked":["Fasting2+1","Judgement+1","ClearTheMind+1"],"picked":"Singing Bowl","floor":27},{"not_picked":["Pray+1","EmptyBody+1","MasterReality"],"picked":"Singing Bowl","floor":29},{"not_picked":["Omniscience+1","EmptyBody+1","ThirdEye+1"],"picked":"Singing Bowl","floor":31},{"not_picked":["Devotion","LessonLearned","Scrawl+1"],"picked":"Singing Bowl","floor":33},{"not_picked":["BowlingBash+1","BattleHymn"],"picked":"Crescendo+1","floor":35},{"not_picked":["ReachHeaven+1","ClearTheMind+1","Crescendo+1"],"picked":"Singing Bowl","floor":36},{"not_picked":["EmptyFist+1","JustLucky+1"],"picked":"Halt+1","floor":37},{"not_picked":["Bandage Up+1","Mind Blast","Panacea+1"],"picked":"Singing Bowl","floor":38},{"not_picked":["SignatureMove","BattleHymn+1","EmptyFist"],"picked":"Singing Bowl","floor":40},{"not_picked":["Alpha+1","Evaluate+1","ClearTheMind+1"],"picked":"Singing Bowl","floor":41},{"not_picked":["Ragnarok","Conclude"],"picked":"Vengeance+1","floor":42},{"not_picked":["WreathOfFlame+1","PathToVictory+1"],"picked":"Wallop+1","floor":45},{"not_picked":["Crescendo+1","FlyingSleeves+1","CrushJoints"],"picked":"Singing Bowl","floor":45},{"not_picked":["Sanctity+1","ClearTheMind+1"],"picked":"Tantrum","floor":47},{"not_picked":["Indignation+1","Evaluate+1"],"picked":"TalkToTheHand+1","floor":48},{"not_picked":["Consecrate+1","ClearTheMind+1","Study+1"],"picked":"Singing Bowl","floor":48}],"player_experience":212120,"relics_obtained":[{"floor":6,"key":"Pen Nib"},{"floor":8,"key":"InkBottle"},{"floor":8,"key":"Bag of Marbles"},{"floor":9,"key":"Omamori"},{"floor":12,"key":"Vajra"},{"floor":12,"key":"CaptainsWheel"},{"floor":14,"key":"Damaru"},{"floor":14,"key":"Nunchaku"},{"floor":23,"key":"Matryoshka"},{"floor":23,"key":"Toxic Egg 2"},{"floor":26,"key":"Singing Bowl"},{"floor":26,"key":"Ancient Tea Set"},{"floor":27,"key":"Torii"},{"floor":27,"key":"Pocketwatch"},{"floor":29,"key":"Sundial"},{"floor":29,"key":"Dream Catcher"},{"floor":31,"key":"Whetstone"},{"floor":31,"key":"Unceasing Top"},{"floor":37,"key":"Shovel"},{"floor":40,"key":"Smiling Mask"},{"floor":40,"key":"Lantern"},{"floor":42,"key":"Prayer Wheel"},{"floor":42,"key":"War Paint"},{"floor":43,"key":"MawBank"},{"floor":46,"key":"Oddly Smooth Stone"},{"floor":47,"key":"Boot"},{"floor":47,"key":"Du-Vu Doll"},{"floor":49,"key":"Pantograph"}],"event_choices":[{"damage_healed":0,"gold_gain":0,"player_choice":"Searched \u00271\u0027 times","damage_taken":0,"relics_obtained":["Incense Burner"],"max_hp_gain":0,"max_hp_loss":0,"event_name":"Dead Adventurer","floor":13,"gold_loss":0},{"cards_removed":["Strike_P"],"damage_healed":0,"gold_gain":0,"player_choice":"Offered Basic","damage_taken":0,"max_hp_gain":0,"max_hp_loss":0,"event_name":"Bonfire Elementals","floor":19,"gold_loss":0},{"damage_healed":0,"gold_gain":0,"player_choice":"Fight","damage_taken":0,"max_hp_gain":0,"max_hp_loss":0,"event_name":"Mysterious Sphere","floor":37,"gold_loss":0},{"damage_healed":0,"gold_gain":0,"player_choice":"Memory 1","damage_taken":0,"max_hp_gain":0,"max_hp_loss":0,"event_name":"SensoryStone","floor":38,"gold_loss":0},{"damage_healed":0,"gold_gain":0,"player_choice":"1 cards matched","damage_taken":0,"max_hp_gain":0,"max_hp_loss":0,"event_name":"Match and Keep!","floor":44,"gold_loss":0,"cards_obtained":["Eruption"]}],"is_beta":false,"boss_relics":[{"not_picked":["Ectoplasm","SacredBark"],"picked":"Philosopher\u0027s Stone"},{"not_picked":["Busted Crown","Fusion Hammer"],"picked":"Empty Cage"}],"items_purged_floors":[20,39],"is_endless":false,"potions_floor_spawned":[2,6,8,11,14,16,18,22,25,31,36,41,45,47],"ascension_level":1}}