{"host":"vknm03unwrfz4wfe","time":1610029683,"event":{"mods":["Act Like it!","BaseMod","CapriCore","Downfall","Friendly Minions","Lobotomy","Minty Spire (QoL Compilation)","Prisma Mod","Reimu¡]³Õ???¡^","Remilia¡]Á¢¦Ì²ú?¡^","StSLib","SuperFastMode","The Animator","The Cursed","The Hayseed","The Runesmith","The Servant 0.9.4","WarShipGirlsR/??¤Ö¤kR mod","Yakumo Yukari mod","Yuyuko"],"gold_per_floor":[109,109,158,168,168,194,207,222,222,222,222,222,232,249,249,354,354,372,392,392,406,422,422,422],"floor_reached":23,"playtime":1113,"items_purged":[],"score":195,"play_id":"01b95437-a0e9-45f1-b080-3d4dfe39e964","local_time":"20210107222803","is_ascension_mode":false,"campfire_choices":[{"data":"TheSimpletonMod:CrackOfDawn","floor":12,"key":"SMITH"},{"floor":15,"key":"REST"}],"circlet_count":0,"master_deck":["TheSimpletonMod:Strike_TheSimpleton","TheSimpletonMod:Strike_TheSimpleton","TheSimpletonMod:Strike_TheSimpleton","TheSimpletonMod:Strike_TheSimpleton","TheSimpletonMod:Defend_TheSimpleton","TheSimpletonMod:Defend_TheSimpleton","TheSimpletonMod:Defend_TheSimpleton","TheSimpletonMod:Defend_TheSimpleton","TheSimpletonMod:Haymaker","TheSimpletonMod:ReapAndSow","TheSimpletonMod:CrackOfDawn+1","TheSimpletonMod:Pruning+1","TheSimpletonMod:Aerate","TheSimpletonMod:Strawberries+1","TheSimpletonMod:Photosynthesis","TheSimpletonMod:Rake","TheSimpletonMod:Swelter","TheSimpletonMod:BumperCrop+1","TheSimpletonMod:PestManagement","TheSimpletonMod:VolatileFumes","TheSimpletonMod:Swelter+1","TheSimpletonMod:PestManagement","TheSimpletonMod:SlashAndBurn","TheSimpletonMod:DoubleBarrel+1"],"relics":["TheSimpletonMod:SpudOfTheInnocent","TheSimpletonMod:NightSoil","TheSimpletonMod:TheHarvester","Peace Pipe","Oddly Smooth Stone","Toxic Egg 2","SacredBark"],"acts_visited":["Exordium","TheCity"],"potions_floor_usage":[16,16,16,16,16,21,22,22,23],"damage_taken":[{"damage":8,"enemies":"Jaw Worm","floor":1,"turns":6},{"damage":1,"enemies":"Cultist","floor":4,"turns":3},{"damage":16,"enemies":"Lagavulin","floor":6,"turns":6},{"damage":5,"enemies":"2 Louse","floor":7,"turns":2},{"damage":14,"enemies":"Looter","floor":8,"turns":3},{"damage":9,"enemies":"3 Louse","floor":13,"turns":4},{"damage":4,"enemies":"Gremlin Gang","floor":14,"turns":6},{"damage":36,"enemies":"Hexaghost","floor":16,"turns":9},{"damage":16,"enemies":"Spheric Guardian","floor":18,"turns":4},{"damage":2,"enemies":"Chosen","floor":19,"turns":5},{"damage":5,"enemies":"Centurion and Healer","floor":21,"turns":9},{"damage":17,"enemies":"Snake Plant","floor":22,"turns":5},{"damage":67,"enemies":"Slavers","floor":23,"turns":6}],"seed_played":"-6463112046611651559","potions_obtained":[{"floor":6,"key":"PowerPotion"},{"floor":7,"key":"EntropicBrew"},{"floor":8,"key":"SpeedPotion"},{"floor":13,"key":"Regen Potion"},{"floor":20,"key":"Guardian:BlockOnCardUsePotion"},{"floor":20,"key":"ColorlessPotion"},{"floor":20,"key":"Block Potion"},{"floor":22,"key":"Swift Potion"}],"is_trial":false,"path_per_floor":["M","?","T","M","?","E","M","M","T","?","T","R","M","M","R","B",null,"M","M","?","M","M","E"],"character_chosen":"THE_SIMPLETON","items_purchased":[],"campfire_rested":1,"item_purchase_floors":[],"current_hp_per_floor":[71,53,53,56,56,50,49,41,41,41,41,41,34,36,58,43,75,63,67,67,68,53,0,0],"gold":422,"neow_bonus":"ONE_RANDOM_RARE_CARD","is_daily":false,"chose_seed":false,"campfire_upgraded":1,"win_rate":0.0,"timestamp":1610029683,"path_taken":["M","?","?","?","?","E","M","M","T","?","?","R","M","M","R","BOSS","M","M","?","?","?","E"],"items_purchased_type":[],"build_version":"2020-12-22","purchased_purges":0,"victory":false,"max_hp_per_floor":[75,75,75,75,75,75,75,75,75,75,75,75,75,75,75,75,75,75,75,75,75,75,75,75],"card_choices":[{"not_picked":["TheSimpletonMod:SpiceUp","TheSimpletonMod:ControlledBurn"],"picked":"TheSimpletonMod:Pruning","floor":1},{"not_picked":["TheSimpletonMod:CullingStrike","TheSimpletonMod:SaladShooter"],"picked":"TheSimpletonMod:Aerate","floor":4},{"not_picked":["TheSimpletonMod:SaladShooter","TheSimpletonMod:Sunseed"],"picked":"TheSimpletonMod:Photosynthesis","floor":6},{"not_picked":["TheSimpletonMod:Onions","TheSimpletonMod:Sunseed"],"picked":"TheSimpletonMod:Rake","floor":7},{"not_picked":["TheSimpletonMod:Sunseed","TheSimpletonMod:SeedCoat"],"picked":"TheSimpletonMod:Swelter","floor":8},{"not_picked":["TheSimpletonMod:OnionBloom+1","TheSimpletonMod:Aerate+1"],"picked":"TheSimpletonMod:BumperCrop+1","floor":13},{"not_picked":["TheSimpletonMod:DigIn+1","TheSimpletonMod:ControlledBurn+1"],"picked":"TheSimpletonMod:PestManagement","floor":14},{"not_picked":["TheSimpletonMod:FlashPasteurize","TheSimpletonMod:Photosynthesis"],"picked":"TheSimpletonMod:VolatileFumes","floor":16},{"not_picked":["TheSimpletonMod:CropRotation+1","TheSimpletonMod:Fertilaser"],"picked":"TheSimpletonMod:Swelter+1","floor":18},{"not_picked":["TheSimpletonMod:Mulch+1","TheSimpletonMod:Sunseed"],"picked":"TheSimpletonMod:PestManagement","floor":19},{"not_picked":["TheSimpletonMod:SeedCoat+1","TheSimpletonMod:StockTheCellar+1"],"picked":"TheSimpletonMod:SlashAndBurn","floor":21},{"not_picked":["TheSimpletonMod:ToughenUp+1","TheSimpletonMod:SaladShooter+1"],"picked":"TheSimpletonMod:DoubleBarrel+1","floor":22}],"player_experience":243195,"relics_obtained":[{"floor":6,"key":"Oddly Smooth Stone"},{"floor":9,"key":"Toxic Egg 2"}],"event_choices":[{"damage_healed":0,"gold_gain":0,"player_choice":"Success","damage_taken":18,"relics_obtained":["Peace Pipe"],"max_hp_gain":0,"max_hp_loss":0,"event_name":"Scrap Ooze","floor":2,"gold_loss":0},{"damage_healed":0,"gold_gain":0,"player_choice":"Grow","damage_taken":0,"max_hp_gain":0,"max_hp_loss":0,"event_name":"Living Wall","floor":10,"gold_loss":0,"cards_upgraded":["TheSimpletonMod:Pruning"]},{"damage_healed":0,"gold_gain":0,"player_choice":"Got Potions","damage_taken":0,"max_hp_gain":0,"max_hp_loss":0,"event_name":"Lab","floor":20,"gold_loss":0}],"is_beta":false,"boss_relics":[{"not_picked":["Ectoplasm","Runic Dome"],"picked":"SacredBark"}],"items_purged_floors":[],"is_endless":false,"potions_floor_spawned":[6,7,8,13,22],"killed_by":"Slavers","ascension_level":0}}