{"host":"xtgfl0e7r8rfgbei","time":1610025433,"event":{"mods":["Arknights The Spire","BaseMod","Colored Map","Colored Powertips","Downfall","Infinite Spire","Marisa£®ÏF”Í°°ƒß¿Ì…≥£©","Minty Spire (QoL Compilation)","READ ME - Guardian Mod","Rare Cards Sparkle","Replay The Spire","StSLib","The Bug Knight","The Cursed","The Servant 0.9.4","≤–¡Ù÷ÆŒÔ"],"gold_per_floor":[119,26,38,38,49,77,97,97,149,163,180,193,203,203,203,203,203],"floor_reached":16,"playtime":862,"items_purged":[],"score":106,"play_id":"a01cc88d-9d39-4626-aa61-3e53105ba545","local_time":"20210107211713","is_ascension_mode":false,"campfire_choices":[{"floor":8,"key":"REST"},{"floor":15,"key":"RECALL"}],"circlet_count":0,"master_deck":["Strike_S","Strike_S","Strike_S","Strike_S","Defend_S","Defend_S","Defend_S","Defend_S","KidneyShot","Exchange","Rewind","expansioncontent:Sear","Ricochet","Pain","Spin","Read","Potential","Embodiment","Defy","Advance","Foresight"],"relics":["Uniform","WarpedTongs","HollowMod:StagPassRelic","NlothsMask"],"acts_visited":["Exordium"],"potions_floor_usage":[11],"damage_taken":[{"damage":3,"enemies":"2 Louse","floor":1,"turns":2},{"damage":0,"enemies":"Cultist","floor":3,"turns":3},{"damage":3,"enemies":"Small Slimes","floor":5,"turns":2},{"damage":29,"enemies":"3 Sentries","floor":6,"turns":5},{"damage":0,"enemies":"2 Fungi Beasts","floor":7,"turns":1},{"damage":12,"enemies":"Exordium Thugs","floor":10,"turns":5},{"damage":14,"enemies":"Large Slime","floor":11,"turns":3},{"damage":9,"enemies":"Looter","floor":12,"turns":5},{"damage":12,"enemies":"Exordium Wildlife","floor":13,"turns":2},{"damage":10,"enemies":"Hexaghost","floor":16,"turns":2}],"seed_played":"6946087729585691445","potions_obtained":[{"floor":1,"key":"Ancient Potion"},{"floor":3,"key":"Strength Potion"},{"floor":6,"key":"Energy Potion"},{"floor":12,"key":"Strength Potion"}],"is_trial":false,"path_per_floor":["M","$","M","?","M","E","M","R","T","M","M","M","M","?","R","B"],"character_chosen":"THE_SERVANT","items_purchased":["expansioncontent:Sear"],"campfire_rested":1,"item_purchase_floors":[2],"current_hp_per_floor":[68,68,68,68,65,36,36,57,57,45,31,22,10,10,10,0,0],"gold":203,"neow_bonus":"TEN_PERCENT_HP_BONUS","is_daily":false,"chose_seed":false,"campfire_upgraded":0,"win_rate":0.0,"timestamp":1610025433,"path_taken":["M","$","M","?","M","E","M","R","T","?","M","M","M","?","R","BOSS"],"items_purchased_type":["Card"],"build_version":"2020-12-22","purchased_purges":0,"victory":false,"max_hp_per_floor":[71,71,71,71,71,71,71,71,71,71,71,71,71,71,71,71,71],"card_choices":[{"not_picked":["Rearm","Gouge"],"picked":"Rewind","floor":1},{"not_picked":["Barrier","ShatteredReality"],"picked":"Ricochet","floor":3},{"not_picked":["Revamp","Replace"],"picked":"Spin","floor":5},{"not_picked":["Barrier","Unruled"],"picked":"Read","floor":6},{"not_picked":["Read","Revamp"],"picked":"Potential","floor":7},{"not_picked":["Advance","Alleviate"],"picked":"Embodiment","floor":10},{"not_picked":["StarChef","Desolation"],"picked":"Defy","floor":11},{"not_picked":["FastForward","Spin"],"picked":"Advance","floor":12},{"not_picked":["Replace","Revamp"],"picked":"Foresight","floor":13}],"player_experience":340389,"relics_obtained":[{"floor":6,"key":"HollowMod:StagPassRelic"}],"event_choices":[{"damage_healed":0,"gold_gain":0,"player_choice":"Rummage","damage_taken":0,"relics_obtained":["WarpedTongs"],"max_hp_gain":0,"max_hp_loss":0,"event_name":"Accursed Blacksmith","floor":4,"gold_loss":0,"cards_obtained":["Pain"]},{"damage_healed":0,"gold_gain":0,"player_choice":"Trade","damage_taken":0,"relics_obtained":["NlothsMask"],"max_hp_gain":0,"max_hp_loss":0,"event_name":"FaceTrader","floor":14,"gold_loss":0}],"is_beta":false,"boss_relics":[],"items_purged_floors":[],"is_endless":false,"potions_floor_spawned":[1,3,6,12,13],"killed_by":"Hexaghost","ascension_level":0}}