{"host":"r428wgyz1934czl7","time":1610029008,"event":{"mods":["100% Spire Juice","2.2 Compatiblity","Act Like it!","Aspiration","Bard","BaseMod","Beaked The Cultist","Bestiary","Better Altar","Better Match","Better Note","Better Sensory Stone","Better Skull","Better Third Choice","CCEM","CapriCore","Conspire","Displayed Cursed Tome","Duelist Mod","Elementarium","Gensokyo","GifTheSpireLib","Hubris","Infinite Spire","Jedi Mod","Jorbs\u0027s Wanderer Trilogy","Menagerie","Minty Spire (QoL Compilation)","Prisma Mod","Replay The Spire","Robot Space Explorer","Spicy Shops","StSLib","Stuff the Spire","The Alterego","The Animator","The Dragon Tamer","The Gatherer","The Immortal","The Marked","The Poker Player","WarShipGirlsR/??¤Ö¤kR mod","vexMod"],"gold_per_floor":[118,193,211,224,242,242,242,242,269,299,299,318,338,357,357,452,452,464,464,464,464,464,497,497,497,497,513,513,533,533,559,559,663,663,673,688,663,680,730,730,289,302,302,127,141,141,66,66,66,66,66,66,66,95,95],"floor_reached":56,"playtime":2889,"items_purged":["rmod:strick","rmod:defend"],"score":1010,"play_id":"9ff7fd3c-6406-4bb1-911a-81be5e763b92","local_time":"20210107221648","is_ascension_mode":false,"campfire_choices":[{"data":"rmod:wolves","floor":6,"key":"SMITH"},{"floor":8,"key":"RECALL"},{"data":"rmod:aluminumsupply","floor":15,"key":"SMITH"},{"data":"rmod:fuelsupply","floor":25,"key":"SMITH"},{"floor":32,"key":"REST"},{"data":"rmod:expedition+1","floor":40,"key":"SMITH"},{"data":"rmod:highspeedmaneuver","floor":46,"key":"SMITH"},{"floor":49,"key":"REST"},{"data":"rmod:generalist","floor":52,"key":"SMITH"}],"circlet_count":0,"master_deck":["rmod:strick","rmod:strick","rmod:strick","rmod:defend","rmod:defend","rmod:defend","rmod:basicallowance","rmod:maingunfire","rmod:diamondstrike","rmod:aluminumsupply+1","rmod:wolves+1","rmod:lonelyqueen","rmod:fuelsupply+1","rmod:acesubmarine","rmod:salvage","rmod:robin","rmod:highspeedmaneuver+1","rmod:firesupport+1","rmod:acesubmarine","infinitespire:SevenWalls+1","rmod:firesupport+1","StuffTheSpire:Vigor","rmod:victimresponsibility","rmod:expedition+2","rmod:circuitoustactics","rmod:highspeedmaneuver","rmod:garrisonisland+1","rmod:fletcherpendant","rmod:fletcherpendant","rmod:aviationdawn","rmod:intelligenceanalysis+1","rmod:windflower","rmod:generalist","rmod:ammunitionsupply+1","rmod:supportaircraftcarrier","rmod:generalist+1","rmod:guardianhero"],"relics":["rmod:firstchargereward","aspiration:Nostalgia","Gatherer:AlchemyBag","Letter Opener","hubris:Icosahedron","jedi:hotpepper","Onion Ring","Snack Pack","hubris:Towel","Lantern","aspiration:RunicSpoon","Durian","Bag of Marbles","CCEMRelics:CocoNut","Vajra"],"acts_visited":["Exordium","TheCity","TheBeyond","TheEnding"],"potions_floor_usage":[16,16,23,31,31,55,55],"damage_taken":[{"damage":0,"enemies":"Cultist","floor":1,"turns":3},{"damage":0,"enemies":"2 Louse","floor":3,"turns":1},{"damage":0,"enemies":"Small Slimes","floor":4,"turns":3},{"damage":6,"enemies":"3 Louse","floor":5,"turns":3},{"damage":5,"enemies":"Gremlin Nob","floor":10,"turns":4},{"damage":4,"enemies":"2 Fungi Beasts","floor":12,"turns":3},{"damage":6,"enemies":"Large Slime","floor":13,"turns":2},{"damage":4,"enemies":"Looter","floor":14,"turns":2},{"damage":19,"enemies":"Slime Boss","floor":16,"turns":9},{"damage":0,"enemies":"Spheric Guardian","floor":18,"turns":3},{"damage":5,"enemies":"Slavers","floor":23,"turns":3},{"damage":13,"enemies":"conspire:FuzzyDice","floor":27,"turns":4},{"damage":0,"enemies":"Snecko","floor":29,"turns":3},{"damage":25,"enemies":"Colosseum Slavers","floor":30,"turns":3},{"damage":12,"enemies":"Book of Stabbing","floor":31,"turns":4},{"damage":21,"enemies":"Collector","floor":33,"turns":7},{"damage":0,"enemies":"3 Darklings","floor":35,"turns":2},{"damage":5,"enemies":"3 Shapes","floor":36,"turns":4},{"damage":0,"enemies":"Sphere and 2 Shapes","floor":38,"turns":2},{"damage":0,"enemies":"Mind Bloom Boss Battle","floor":39,"turns":2},{"damage":0,"enemies":"3 Darklings","floor":42,"turns":3},{"damage":32,"enemies":"4 Shapes","floor":45,"turns":4},{"damage":8,"enemies":"Replay:Hell Engine","floor":50,"turns":12},{"damage":0,"enemies":"Shield and Spear","floor":54,"turns":4},{"damage":51,"enemies":"The Heart","floor":55,"turns":8}],"seed_played":"7806371542186793043","potions_obtained":[{"floor":1,"key":"Ancient Potion"},{"floor":4,"key":"ColorlessPotion"},{"floor":10,"key":"jedi:StrikingPotion"},{"floor":14,"key":"Venom Potion"},{"floor":20,"key":"PowerPotion"},{"floor":20,"key":"SkillPotion"},{"floor":23,"key":"Block Potion"},{"floor":33,"key":"Flashbang"},{"floor":36,"key":"EssenceOfSteel"}],"is_trial":false,"path_per_floor":["M","?","M","M","M","R","?","R","T","E","?","M","M","M","R","B",null,"M","?","?","AVR","?","E","?","R","T","M","?","M","?","E","R","B",null,"M","M","?","M","?","R","$","M","T","$","M","R","$","?","R","B",null,"R","$","E","B",null],"character_chosen":"PRAEFECT","items_purchased":["Bag of Marbles","rmod:windflower","rmod:generalist","rmod:supportaircraftcarrier","rmod:generalist"],"campfire_rested":2,"item_purchase_floors":[41,41,41,44,47],"current_hp_per_floor":[75,64,64,64,58,58,58,58,58,53,53,49,43,39,39,30,56,56,56,56,56,56,51,51,51,51,42,42,44,21,13,29,16,56,56,51,51,56,59,59,59,59,62,62,32,32,32,32,50,58,62,62,62,62,24],"gold":95,"neow_bonus":"NOSTALGIA","is_daily":false,"chose_seed":false,"campfire_upgraded":6,"win_rate":0.0,"timestamp":1610029008,"path_taken":["M","?","M","M","M","R","?","R","T","E","?","M","M","M","R","BOSS","M","?","?","AVR","?","E","?","R","T","?","?","M","?","E","R","BOSS","M","M","?","M","?","R","$","M","T","?","?","R","$","?","R","BOSS","R","$","E","BOSS"],"items_purchased_type":["Relic","Card","Card","Card","Card"],"build_version":"2020-12-22","purchased_purges":2,"victory":true,"max_hp_per_floor":[75,75,75,75,75,75,75,75,75,75,75,75,75,75,75,75,56,56,56,56,56,56,56,56,56,56,56,56,56,56,56,56,56,56,56,56,56,56,59,59,59,59,62,62,62,62,62,62,62,62,62,62,62,62,62],"card_choices":[{"not_picked":["rmod:expedition","rmod:aviationdawn"],"picked":"rmod:diamondstrike","floor":1},{"not_picked":["rmod:punchline","rmod:victimresponsibility"],"picked":"rmod:aluminumsupply","floor":3},{"not_picked":["rmod:luckystar","rmod:circuitoustactics"],"picked":"rmod:wolves","floor":4},{"not_picked":["rmod:supportescort","rmod:heivgo"],"picked":"rmod:lonelyqueen","floor":5},{"not_picked":["rmod:mineteam","rmod:openingtorpedo"],"picked":"rmod:fuelsupply","floor":10},{"not_picked":["rmod:diamondstrike","rmod:capitalist"],"picked":"rmod:acesubmarine","floor":12},{"not_picked":["rmod:victimresponsibility","rmod:rockthrower"],"picked":"rmod:salvage","floor":13},{"not_picked":["rmod:luckystar","rmod:rockthrower"],"picked":"rmod:robin","floor":14},{"not_picked":["rmod:u235","rmod:acesubmarine"],"picked":"rmod:highspeedmaneuver","floor":16},{"not_picked":["rmod:luckystar","rmod:sl"],"picked":"rmod:firesupport+1","floor":18},{"not_picked":["rmod:victimresponsibility+1","rmod:slowdown"],"picked":"rmod:firesupport+1","floor":23},{"not_picked":["StuffTheSpire:Harmony","StuffTheSpire:Brawn"],"picked":"StuffTheSpire:Vigor","floor":24},{"not_picked":["rmod:abidefaith","rmod:steelsupply"],"picked":"rmod:victimresponsibility","floor":27},{"not_picked":["rmod:supportescort","rmod:firesupport"],"picked":"rmod:expedition+1","floor":29},{"not_picked":["rmod:fletcherpendant","rmod:lonelyqueen"],"picked":"rmod:circuitoustactics","floor":31},{"not_picked":["rmod:ridicule","rmod:fletcher"],"picked":"rmod:highspeedmaneuver","floor":33},{"not_picked":["rmod:salvage+1","rmod:wolves","rmod:luckystar+1"],"picked":"SKIP","floor":35},{"not_picked":["rmod:heivgo+1","rmod:rockthrower"],"picked":"rmod:garrisonisland+1","floor":36},{"not_picked":["rmod:fletcherpendant","rmod:steelsupply"],"picked":"rmod:aviationdawn","floor":38},{"not_picked":["rmod:fuelsupply+1","rmod:diamondstrike"],"picked":"rmod:intelligenceanalysis+1","floor":39},{"not_picked":["rmod:intelligenceanalysis+1","rmod:aviationdawn+1"],"picked":"rmod:ammunitionsupply+1","floor":42},{"not_picked":["rmod:heivgo+1","rmod:goodfighter","rmod:spoils"],"picked":"SKIP","floor":45},{"not_picked":["rmod:diamondstrike","rmod:highspeedmaneuver"],"picked":"rmod:guardianhero","floor":54}],"player_experience":176926,"relics_obtained":[{"floor":9,"key":"Toy Ornithopter"},{"floor":10,"key":"Letter Opener"},{"floor":23,"key":"Snack Pack"},{"floor":31,"key":"Lantern"},{"floor":39,"key":"Durian"},{"floor":43,"key":"CCEMRelics:CocoNut"},{"floor":54,"key":"Vajra"}],"event_choices":[{"damage_healed":0,"gold_gain":75,"player_choice":"Gold","damage_taken":11,"max_hp_gain":0,"max_hp_loss":0,"event_name":"betterThird:BetterGoop","floor":2,"gold_loss":0},{"damage_healed":0,"gold_gain":0,"player_choice":"Copied","damage_taken":0,"max_hp_gain":0,"max_hp_loss":0,"event_name":"Duplicator","floor":19,"gold_loss":0,"cards_obtained":["rmod:acesubmarine"]},{"damage_healed":0,"gold_gain":0,"player_choice":"Got Potions","damage_taken":0,"max_hp_gain":0,"max_hp_loss":0,"event_name":"Lab","floor":20,"gold_loss":0},{"damage_healed":0,"gold_gain":0,"player_choice":"Forge","damage_taken":0,"max_hp_gain":0,"max_hp_loss":0,"event_name":"Accursed Blacksmith","floor":22,"gold_loss":0,"cards_upgraded":["infinitespire:SevenWalls"]},{"damage_healed":0,"gold_gain":0,"player_choice":"Fight","damage_taken":0,"max_hp_gain":0,"max_hp_loss":0,"event_name":"Colosseum","floor":30,"gold_loss":0},{"damage_healed":0,"gold_gain":0,"player_choice":"Fled From Nobs","damage_taken":0,"max_hp_gain":0,"max_hp_loss":0,"event_name":"Colosseum","floor":30,"gold_loss":0},{"damage_healed":0,"gold_gain":0,"player_choice":"Fight","damage_taken":0,"max_hp_gain":0,"max_hp_loss":0,"event_name":"MindBloom","floor":39,"gold_loss":0}],"is_beta":false,"boss_relics":[{"not_picked":["hubris:HollowSoul","vexMod:FluxCapacitor"],"picked":"jedi:hotpepper"},{"not_picked":["Snecko Eye","hubris:Backtick"],"picked":"aspiration:RunicSpoon"}],"items_purged_floors":[41,44],"is_endless":false,"potions_floor_spawned":[1,4,10,14,23,33,36,42,45,54],"ascension_level":0}}