{"host":"chewie","time":1610024413,"event":{"mods":["AchievementEnabler","BaseMod","Bestiary","Colored Map","Keyboard Shortcuts","Minty Spire (QoL Compilation)","Relic Stats","StSLib"],"gold_per_floor":[114,114,130,153,174,205,205,205,205,205,205],"floor_reached":10,"playtime":953,"items_purged":[],"score":132,"play_id":"cc24d514-7a1b-47ba-9d57-b8a1c3af0051","local_time":"20210107140013","is_ascension_mode":true,"campfire_choices":[{"data":"Neutralize","floor":8,"key":"SMITH"}],"circlet_count":0,"master_deck":["AscendersBane","Strike_G","Strike_G","Strike_G","Strike_G","Strike_G","Defend_G","Defend_G","Defend_G","Defend_G","Defend_G","Survivor","Neutralize+1","Poisoned Stab","Terror","Dagger Throw+1","Burst"],"relics":["Velvet Choker","Golden Idol","Omamori","Matryoshka","Strawberry","Paper Crane"],"acts_visited":["Exordium"],"potions_floor_usage":[6],"damage_taken":[{"damage":0,"enemies":"Small Slimes","floor":1,"turns":6},{"damage":4,"enemies":"Jaw Worm","floor":3,"turns":5},{"damage":0,"enemies":"2 Louse","floor":5,"turns":3},{"damage":24,"enemies":"Lagavulin","floor":6,"turns":8},{"damage":46,"enemies":"3 Sentries","floor":10,"turns":11}],"seed_played":"-3384568220914473544","potions_obtained":[{"floor":3,"key":"SkillPotion"}],"is_trial":false,"path_per_floor":["M","?","M","T","M","E","?","R","T","E"],"character_chosen":"THE_SILENT","items_purchased":[],"campfire_rested":0,"item_purchase_floors":[],"current_hp_per_floor":[59,59,55,55,55,31,31,31,38,0,0],"gold":205,"neow_bonus":"BOSS_RELIC","is_daily":false,"chose_seed":false,"campfire_upgraded":1,"win_rate":0.0,"timestamp":1610024413,"path_taken":["M","?","M","?","M","E","?","R","T","E"],"items_purchased_type":[],"build_version":"2020-12-18","purchased_purges":0,"victory":false,"max_hp_per_floor":[66,60,60,60,60,60,60,60,67,67,67],"relic_stats":{"counters":[5,33],"Golden Idol":13,"obtain_stats":[{"Matryoshka":6,"Golden Idol":2,"Strawberry":9,"Velvet Choker":0,"Omamori":4,"Paper Crane":9,"Ring of the Snake":0},{"Matryoshka":4,"Golden Idol":1,"Strawberry":4,"Velvet Choker":0,"Omamori":2,"Paper Crane":4,"Ring of the Snake":0},{"Matryoshka":22,"Golden Idol":6,"Strawberry":22,"Velvet Choker":0,"Omamori":11,"Paper Crane":22,"Ring of the Snake":0}]},"card_choices":[{"not_picked":["Bane","Underhanded Strike"],"picked":"Poisoned Stab","floor":1},{"not_picked":["Outmaneuver","Infinite Blades"],"picked":"Terror","floor":3},{"not_picked":["Backflip","Outmaneuver"],"picked":"Dagger Throw","floor":5},{"not_picked":["Slice","Envenom"],"picked":"Burst","floor":6}],"player_experience":1197798,"relics_obtained":[{"floor":4,"key":"Omamori"},{"floor":6,"key":"Matryoshka"},{"floor":9,"key":"Strawberry"},{"floor":9,"key":"Paper Crane"}],"event_choices":[{"damage_healed":0,"gold_gain":0,"player_choice":"Lose Max HP","damage_taken":0,"relics_obtained":["Golden Idol"],"max_hp_gain":0,"max_hp_loss":6,"event_name":"Golden Idol","floor":2,"gold_loss":0},{"damage_healed":0,"gold_gain":0,"player_choice":"Upgraded","damage_taken":0,"max_hp_gain":0,"max_hp_loss":0,"event_name":"Upgrade Shrine","floor":7,"gold_loss":0,"cards_upgraded":["Dagger Throw"]}],"is_beta":true,"boss_relics":[],"items_purged_floors":[],"is_endless":false,"potions_floor_spawned":[3],"killed_by":"3 Sentries","ascension_level":20}}