{"host":"45gjn1i9lq2ky2i9","time":1610008257,"event":{"mods":["2.2 Compatiblity","Act Like it!","Aspiration","Bard","BaseMod","Beaked The Cultist","Better Altar","Better Match","Better Note","Better Sensory Stone","Better Skull","Better Third Choice","Better Vampires","Conspire","Downfall","Halation","Hubris","Infinite Spire","Jedi Mod","Lobotomy","LobotomyExtend","Minty Spire (QoL Compilation)","Pale of the Ancients","Permanent Neow","Replay The Spire","Shop Mod","Spikes Relics","StSLib","The Mystic","The Runesmith","The Wild Card"],"gold_per_floor":[99,99,99,99,99,99,126,145,194,203,231,251,279,299,317,427,427,427,456,399,167,186,241,241,241,81,81,103,103,132,152,152,152,152],"floor_reached":32,"playtime":1498,"items_purged":["hexamod:Strike"],"score":284,"play_id":"52bad94a-22a0-4c4c-8e4e-c90f536d2115","local_time":"20210107163057","is_ascension_mode":true,"campfire_choices":[{"data":"hexamod:Float","floor":1,"key":"SMITH"},{"data":"hexamod:VolcanoVisage","floor":18,"key":"SMITH"},{"floor":25,"key":"REST"}],"circlet_count":0,"master_deck":["hexamod:Strike","hexamod:Strike","hexamod:Strike","hexamod:Defend","hexamod:Defend","hexamod:Defend","hexamod:Defend","hexamod:Sear+1","hexamod:Float+1","hexamod:EmpoweredFlame","hexamod:GhostShield","hexamod:VolcanoVisage+1","hexamod:FastForward","theWildCard:Odin","hexamod:Hexaguard","hexamod:TimeOfNeed","hexamod:AdvancingGuard","hexamod:HexaLevel","hexamod:ThirdSeal","hexamod:NightmareGuise","hexamod:GiftsFromTheDead","hexamod:CatchUp","hexamod:SecondSeal","hexamod:Hexaguard","hexamod:FourthSeal","hexamod:FastForward","hexamod:BurningTouch+1","Decay"],"relics":["hexamod:SpiritBrand","downfall:HeartsMalice","Bronze Scales","aspiration:HiddenCompartment","aspiration:MobileForge","PreservedInsect","hubris:MedicalManual","Thread and Needle","hubris:EmptyBottle","downfall:RedIOU","Dream Catcher"],"acts_visited":["Exordium","TheCity"],"potions_floor_usage":[],"damage_taken":[{"damage":0,"enemies":"2 Louse","floor":2,"turns":1},{"damage":0,"enemies":"Cultist","floor":4,"turns":1},{"damage":0,"enemies":"conspire:RoseBush","floor":5,"turns":1},{"damage":7,"enemies":"Red Slaver","floor":8,"turns":3},{"damage":2,"enemies":"conspire:2 RoseBushes","floor":11,"turns":4},{"damage":0,"enemies":"Blue Slaver","floor":12,"turns":3},{"damage":1,"enemies":"3 Louse","floor":13,"turns":3},{"damage":4,"enemies":"Exordium Thugs","floor":14,"turns":5},{"damage":6,"enemies":"Lots of Slimes","floor":15,"turns":4},{"damage":10,"enemies":"downfall:Watcher","floor":16,"turns":9},{"damage":9,"enemies":"Chosen","floor":19,"turns":6},{"damage":0,"enemies":"downfall:FleeingMerchant","floor":21,"turns":4},{"damage":10,"enemies":"conspire:FuzzyDice","floor":22,"turns":8},{"damage":19,"enemies":"conspire:SneckoGhost","floor":23,"turns":6},{"damage":5,"enemies":"downfall:FleeingMerchant","floor":26,"turns":4},{"damage":10,"enemies":"Chosen and Byrds","floor":28,"turns":6},{"damage":17,"enemies":"Replay:Snechameleon","floor":30,"turns":5},{"damage":11,"enemies":"Shelled Parasite and Fungi","floor":31,"turns":7},{"damage":10,"enemies":"3 Cultists","floor":32,"turns":3}],"seed_played":"-7046468345181604533","potions_obtained":[{"floor":8,"key":"AttackPotion"},{"floor":11,"key":"SteroidPotion"},{"floor":13,"key":"SteroidPotion"},{"floor":14,"key":"Regen Potion"},{"floor":26,"key":"LifebloodPotion"},{"floor":30,"key":"PowerPotion"}],"is_trial":false,"path_per_floor":["R","M","?","M","M","?","T","M","T","?","M","M","M","M","M","B",null,"R","M","?","$","M","E","T","R","$","?","M","?","E","M","M"],"character_chosen":"THE_SPIRIT","items_purchased":["PreservedInsect","hubris:EmptyBottle"],"campfire_rested":1,"item_purchase_floors":[21,26],"current_hp_per_floor":[70,70,70,70,70,54,54,47,47,47,45,45,44,40,34,24,70,70,61,61,61,51,32,32,53,48,48,38,38,21,10,0,0,0],"gold":152,"neow_bonus":"THREE_ENEMY_KILL","is_daily":false,"chose_seed":false,"campfire_upgraded":2,"win_rate":0.0,"timestamp":1610008257,"path_taken":["R","M","?","?","M","?","T","?","?","?","?","M","M","M","M","BOSS","R","M","?","$","?","E","T","R","$","?","M","?","E","?","M"],"items_purchased_type":["Relic","Relic"],"build_version":"2020-12-22","purchased_purges":1,"victory":false,"max_hp_per_floor":[70,70,70,70,70,70,70,70,70,70,70,70,70,70,70,70,70,70,70,70,70,70,70,70,70,70,70,70,70,70,70,70,70,70],"card_choices":[{"not_picked":["hexamod:RainOfEmbers","hexamod:ChargedBarrage"],"picked":"hexamod:EmpoweredFlame","floor":2},{"not_picked":["hexamod:Rewind","hexamod:ChargedBarrage"],"picked":"hexamod:GhostShield","floor":4},{"not_picked":["hexamod:AdvancingGuard","hexamod:ShieldOfDarkness"],"picked":"hexamod:VolcanoVisage","floor":5},{"not_picked":["hexamod:RetreatToShadows","hexamod:GhostLash"],"picked":"hexamod:FastForward","floor":8},{"not_picked":["hexamod:RainOfEmbers","hexamod:SpectersWail"],"picked":"hexamod:Hexaguard","floor":11},{"not_picked":["hexamod:GhostShield","hexamod:ChargedBarrage"],"picked":"hexamod:TimeOfNeed","floor":12},{"not_picked":["hexamod:SpectersWail","hexamod:ThermalTransfer"],"picked":"hexamod:AdvancingGuard","floor":13},{"not_picked":["hexamod:GhostShield","hexamod:GhostLash","hexamod:BurningTouch"],"picked":"SKIP","floor":14},{"not_picked":["hexamod:NightmareGuise","hexamod:GhostShield","hexamod:Firestarter"],"picked":"SKIP","floor":15},{"not_picked":["hexamod:WildfireWeapon","hexamod:EmpoweringStance"],"picked":"hexamod:HexaLevel","floor":16},{"not_picked":["hexamod:AdvancingGuard","hexamod:SwordOfDarkness"],"picked":"hexamod:ThirdSeal","floor":19},{"not_picked":["hexamod:RainOfEmbers","hexamod:GhostLash"],"picked":"hexamod:NightmareGuise","floor":20},{"not_picked":["hexamod:Toasty","hexamod:UnleashSpirits"],"picked":"hexamod:GiftsFromTheDead","floor":20},{"not_picked":["hexamod:HauntingEcho","hexamod:RecurringNightmare+1"],"picked":"hexamod:CatchUp","floor":21},{"not_picked":["hexamod:ShieldOfDarkness","hexamod:SwordOfDarkness+1","hexamod:RainOfEmbers"],"picked":"SKIP","floor":21},{"not_picked":["hexamod:RainOfEmbers","hexamod:Firestarter"],"picked":"hexamod:SecondSeal","floor":22},{"not_picked":["hexamod:BurningTouch+1","hexamod:HeatCrush+1","hexamod:InspiringFlames+1"],"picked":"SKIP","floor":22},{"not_picked":["hexamod:HeatMetal","hexamod:EtherealExpedition"],"picked":"hexamod:Hexaguard","floor":23},{"not_picked":["hexamod:GiftsFromTheDead","hexamod:SuperheatedStrike"],"picked":"hexamod:FourthSeal","floor":23},{"not_picked":["hexamod:RainOfEmbers+1","hexamod:ShieldOfDarkness"],"picked":"hexamod:FastForward","floor":26},{"not_picked":["hexamod:NightmareGuise+1","hexamod:NightmareStrike","hexamod:HauntingEcho"],"picked":"SKIP","floor":26},{"not_picked":["hexamod:GhostLash","hexamod:HeatMetal+1"],"picked":"hexamod:BurningTouch+1","floor":28},{"not_picked":["hexamod:RainOfEmbers","hexamod:BacktrackSmack","hexamod:AdvancingGuard+1"],"picked":"SKIP","floor":28},{"not_picked":["hexamod:SwordOfDarkness","hexamod:Haunt","hexamod:NightmareStrike"],"picked":"SKIP","floor":30},{"not_picked":["hexamod:FourthSeal","hexamod:NightmareGuise","hexamod:StepThrough+1"],"picked":"SKIP","floor":30},{"not_picked":["hexamod:ExtraCrispy","hexamod:BacktrackSmack","hexamod:EmpoweringStance"],"picked":"SKIP","floor":31},{"not_picked":["hexamod:CatchUp","hexamod:Hexaguard+1","hexamod:BacktrackSmack"],"picked":"SKIP","floor":31}],"player_experience":515098,"relics_obtained":[{"floor":7,"key":"aspiration:HiddenCompartment"},{"floor":9,"key":"CeramicFish"},{"floor":23,"key":"hubris:MedicalManual"},{"floor":24,"key":"Thread and Needle"},{"floor":30,"key":"Dream Catcher"}],"event_choices":[{"damage_healed":0,"gold_gain":0,"player_choice":"Upgraded","damage_taken":0,"max_hp_gain":0,"max_hp_loss":0,"event_name":"Upgrade Shrine","floor":3,"gold_loss":0,"cards_upgraded":["hexamod:Sear"]},{"damage_healed":0,"gold_gain":0,"player_choice":"RE ","damage_taken":18,"relics_obtained":["Bronze Scales"],"max_hp_gain":0,"max_hp_loss":0,"event_name":"betterSkull:BetterSkull","floor":6,"gold_loss":0,"cards_upgraded":[]},{"damage_healed":0,"gold_gain":0,"player_choice":"1","damage_taken":0,"max_hp_gain":0,"max_hp_loss":0,"event_name":"betterMatch:BetterMatch","floor":20,"gold_loss":0,"cards_obtained":["betterMatch:CommonCard","betterMatch:RareCard"]},{"damage_healed":0,"gold_gain":0,"player_choice":" Defy","damage_taken":0,"max_hp_gain":0,"max_hp_loss":0,"event_name":"betterAltar:BetterAltar","floor":29,"gold_loss":0,"cards_obtained":["Decay"]}],"is_beta":false,"boss_relics":[{"not_picked":["conspire:RoyalGoblet","Snecko Eye"],"picked":"aspiration:MobileForge"}],"items_purged_floors":[21],"is_endless":false,"potions_floor_spawned":[8,11,13,14,15,22,23,30,31],"killed_by":"3 Cultists","ascension_level":1}}