{"host":"g01l53quoe6lrer0","time":1610053351,"event":{"mods":["2.2 Compatiblity","AchievementEnabler","BaseMod","Colored Map","Highlight Path","Keyboard Shortcuts","Minty Spire (QoL Compilation)","Permanent Neow","StSLib","SuperFastMode","everything is the same but u backflip on backflip"],"gold_per_floor":[112,112,187,212,230,230,253,203,203,203,128,146,146,187,187,317,317,342,60,85,98,98,98,98,98],"floor_reached":24,"playtime":647,"items_purged":["Defend_R","Strike_R"],"score":304,"play_id":"daeb1a32-afb6-4e33-b573-a81d51b59fe6","local_time":"20210108060231","is_ascension_mode":true,"campfire_choices":[{"data":"Uppercut","floor":6.0,"key":"SMITH"},{"data":"Bash","floor":10.0,"key":"SMITH"},{"data":"Double Tap","floor":15.0,"key":"SMITH"},{"data":"Master of Strategy","floor":23,"key":"SMITH"}],"circlet_count":0,"master_deck":["AscendersBane","Strike_R","Strike_R","Defend_R","Defend_R","Defend_R","Bash+1","Double Tap+1","Uppercut+1","Headbutt","Dropkick","Intimidate","Master of Strategy+1","Havoc","Second Wind"],"relics":["Black Blood","Golden Idol","Mummified Hand","Meat on the Bone"],"acts_visited":["Exordium","TheCity"],"potions_floor_usage":[21,21],"damage_taken":[{"damage":3.0,"enemies":"2 Louse","floor":1.0,"turns":4.0},{"damage":6.0,"enemies":"Small Slimes","floor":4.0,"turns":4.0},{"damage":5.0,"enemies":"Jaw Worm","floor":5.0,"turns":4.0},{"damage":6.0,"enemies":"Looter","floor":7.0,"turns":4.0},{"damage":6.0,"enemies":"Blue Slaver","floor":12.0,"turns":2.0},{"damage":15.0,"enemies":"Lagavulin","floor":14.0,"turns":6.0},{"damage":23.0,"enemies":"Slime Boss","floor":16.0,"turns":5.0},{"damage":45,"enemies":"3 Byrds","floor":18,"turns":7},{"damage":21,"enemies":"Chosen","floor":20,"turns":4},{"damage":19,"enemies":"3 Cultists","floor":21,"turns":5},{"damage":64,"enemies":"Chosen and Byrds","floor":24,"turns":7}],"seed_played":"-2471017487417463739","potions_obtained":[{"floor":1.0,"key":"ColorlessPotion"},{"floor":5.0,"key":"BloodPotion"},{"floor":7.0,"key":"Weak Potion"},{"floor":18,"key":"Energy Potion"},{"floor":20,"key":"DuplicationPotion"}],"is_trial":false,"path_per_floor":["M","?","?","M","M","R","M","?","T","R","$","M","?","E","R","B",null,"M","$","M","M","?","R","M"],"character_chosen":"IRONCLAD","items_purchased":["Master of Strategy"],"campfire_rested":0,"item_purchase_floors":[19],"current_hp_per_floor":[75,55,44,44,45,45,61,61,61,61,61,61,80,71,71,54,74,53,53,56,61,61,61,0,0],"gold":98,"neow_bonus":"TRANSFORM_CARD","is_daily":false,"chose_seed":false,"campfire_upgraded":4,"win_rate":0.0,"timestamp":1610053351,"path_taken":["M","?","?","M","M","R","M","?","T","R","$","M","?","E","R","BOSS","M","$","M","M","?","R","M"],"items_purchased_type":["Card"],"build_version":"2020-12-22","purchased_purges":2,"victory":false,"max_hp_per_floor":[80,80,80,80,80,80,80,80,80,80,80,80,80,80,80,80,80,80,80,80,80,80,80,80,80],"card_choices":[{"not_picked":["Sword Boomerang","Anger"],"picked":"Uppercut","floor":1.0},{"not_picked":["Uppercut","Clash"],"picked":"Headbutt","floor":4.0},{"not_picked":["Perfected Strike","Clothesline","Iron Wave"],"picked":"SKIP","floor":5.0},{"not_picked":["Headbutt","Searing Blow"],"picked":"Dropkick","floor":7.0},{"not_picked":["Seeing Red","Thunderclap","Cleave"],"picked":"SKIP","floor":12.0},{"not_picked":["Iron Wave","Hemokinesis","Reckless Charge"],"picked":"SKIP","floor":14.0},{"not_picked":["Sword Boomerang","Heavy Blade+1"],"picked":"Intimidate","floor":18},{"not_picked":["Twin Strike+1","Feed","Rampage"],"picked":"SKIP","floor":20},{"not_picked":["Twin Strike+1","Feed","Rampage"],"picked":"SKIP","floor":20},{"not_picked":["Wild Strike","Twin Strike"],"picked":"Havoc","floor":21}],"player_experience":76604,"relics_obtained":[{"floor":9.0,"key":"Mummified Hand"},{"floor":14.0,"key":"Meat on the Bone"}],"event_choices":[{"damage_healed":0.0,"max_hp_gain":0.0,"max_hp_loss":0.0,"gold_gain":0.0,"event_name":"Golden Idol","player_choice":"Take Damage","floor":2.0,"gold_loss":0.0,"damage_taken":20.0,"relics_obtained":["Golden Idol"]},{"damage_healed":0.0,"max_hp_gain":0.0,"max_hp_loss":0.0,"gold_gain":75.0,"event_name":"World of Goop","player_choice":"Gather Gold","floor":3.0,"gold_loss":0.0,"damage_taken":11.0},{"cards_removed":["Strike_R"],"damage_healed":0.0,"max_hp_gain":0.0,"max_hp_loss":0.0,"gold_gain":0.0,"event_name":"The Cleric","player_choice":"Card Removal","floor":8.0,"gold_loss":50.0,"damage_taken":0.0},{"damage_healed":26.0,"max_hp_gain":0.0,"max_hp_loss":0.0,"gold_gain":0.0,"event_name":"Big Fish","player_choice":"Banana","floor":13.0,"gold_loss":0.0,"damage_taken":0.0},{"damage_healed":0,"gold_gain":0,"player_choice":"Read","damage_taken":0,"max_hp_gain":0,"max_hp_loss":0,"event_name":"The Library","floor":22,"gold_loss":0,"cards_obtained":["Second Wind"]}],"is_beta":false,"boss_relics":[{"not_picked":["SacredBark","Mark of Pain"],"picked":"Black Blood"}],"items_purged_floors":[11,19],"is_endless":false,"potions_floor_spawned":[1,5,7,18,20],"killed_by":"Chosen and Byrds","ascension_level":11}}