{"host":"ig7tc0uedzltt2sr","time":1610058829,"event":{"mods":["BaseMod","Better Twitch Integration","Block Reminder","Colored Map","Colored Powertips","Communication Mod","Current Relic Mod","GifTheSpireLib","HexUI Lib","Minty Spire (QoL Compilation)","Quick Restart","Random Character Button","Rare Cards Sparkle","Relic Sorter","Relic Stats","Slay the Relics Exporter","StSLib","SuperFastMode","Synergy Search","Twitch Decklist","Twitch Utils","everything is the same but u backflip on backflip","slay the spire mod where everything is the same but ironclad has a cowboy hat"],"gold_per_floor":[117,19,37,51,1,1,1],"floor_reached":6,"playtime":59,"items_purged":["Defend_R"],"score":36,"play_id":"569e2996-0ba8-4eed-a140-0893dd0ec990","local_time":"20210107143349","is_ascension_mode":false,"campfire_choices":[],"circlet_count":0,"master_deck":["Strike_R","Strike_R","Strike_R","Strike_R","Strike_R","Defend_R","Defend_R","Defend_R","Bash","Feel No Pain","Flex","Perfected Strike","Feel No Pain"],"relics":["Burning Blood"],"acts_visited":["Exordium"],"potions_floor_usage":[],"damage_taken":[{"damage":17,"enemies":"Cultist","floor":1,"turns":8},{"damage":4,"enemies":"Small Slimes","floor":3,"turns":6},{"damage":10,"enemies":"Jaw Worm","floor":4,"turns":5},{"damage":181,"enemies":"Gremlin Nob","floor":6,"turns":8}],"seed_played":"-6603278517146899242","potions_obtained":[{"floor":0,"key":"FairyPotion"},{"floor":0,"key":"FairyPotion"},{"floor":0,"key":"Dexterity Potion"},{"floor":1,"key":"Swift Potion"},{"floor":3,"key":"Swift Potion"}],"is_trial":false,"path_per_floor":["M","$","M","M","$","E"],"character_chosen":"IRONCLAD","items_purchased":["Flex","Block Potion"],"campfire_rested":0,"item_purchase_floors":[2,5],"current_hp_per_floor":[69,69,71,67,67,0,0],"gold":1,"neow_bonus":"THREE_SMALL_POTIONS","is_daily":false,"chose_seed":false,"campfire_upgraded":0,"win_rate":0.0,"timestamp":1610058829,"path_taken":["M","$","M","M","?","E"],"items_purchased_type":["Card","Potion"],"build_version":"2020-12-22","purchased_purges":1,"victory":false,"max_hp_per_floor":[80,80,80,80,80,80,80],"relic_stats":{"counters":[4,27],"obtain_stats":[{"Burning Blood":0},{"Burning Blood":0},{"Burning Blood":0}],"Burning Blood":18},"card_choices":[{"not_picked":["Entrench","Wild Strike"],"picked":"Feel No Pain","floor":1},{"not_picked":["Anger","Body Slam"],"picked":"Perfected Strike","floor":3},{"not_picked":["Shrug It Off","Warcry"],"picked":"Feel No Pain","floor":4}],"player_experience":1458395,"relics_obtained":[],"event_choices":[],"is_beta":false,"boss_relics":[],"items_purged_floors":[2],"is_endless":false,"potions_floor_spawned":[1,3],"killed_by":"Gremlin Nob","ascension_level":0}}