{"host":"ygfasg9u7olr7skw","time":1610045286,"event":{"mods":["AchievementEnabler","BaseMod","Better Note","Better Vampires","Colored Powertips","Minty Spire (QoL Compilation)","Replay The Spire","Spicy Shops","StSLib","The IronCluck"],"gold_per_floor":[111,131,53,65,6,36,68,80,115,154,222,247,259,283,295,412,424,447,659,690,702,724,495,410,422,422,172,201,217,230,230,230],"floor_reached":31,"playtime":2078,"items_purged":["Strike_G","Strike_G"],"score":293,"play_id":"25071602-400b-4bfb-b178-d8eb3d21b504","local_time":"20210107134806","is_ascension_mode":false,"campfire_choices":[{"floor":8,"key":"REST"},{"floor":15,"key":"REST"}],"circlet_count":0,"master_deck":["Strike_G","Strike_G","Defend_G","Defend_G","Defend_G","Defend_G","Defend_G","Survivor","Neutralize","Deadly Poison","Poisoned Stab","Bouncing Flask","Corpse Explosion","CurseOfTheBell","Deadly Poison","Bane","Catalyst","Bane+1"],"relics":["Ring of the Snake","Membership Card","MawBank","Bronze Scales","Ancient Tea Set","InkBottle","Spirit Poop","Calling Bell","Mirror","Torii","ReplayTheSpireMod:TigerMarble","Lee\u0027s Waffle","Divine Protection","Replay:Bottled Steam","Sundial","Omamori","Molten Egg 2","Dream Catcher"],"acts_visited":["Exordium","TheCity"],"potions_floor_usage":[11,16,28,31],"damage_taken":[{"damage":0,"enemies":"2 Louse","floor":1,"turns":4},{"damage":2,"enemies":"Jaw Worm","floor":2,"turns":5},{"damage":1,"enemies":"Cultist","floor":4,"turns":3},{"damage":33,"enemies":"3 Sentries","floor":6,"turns":13},{"damage":2,"enemies":"Looter","floor":7,"turns":4},{"damage":7,"enemies":"Replay:BlueRogue","floor":10,"turns":5},{"damage":32,"enemies":"Lagavulin Event","floor":11,"turns":5},{"damage":8,"enemies":"2 Fungi Beasts","floor":12,"turns":3},{"damage":1,"enemies":"Exordium Wildlife","floor":14,"turns":3},{"damage":23,"enemies":"Hexaghost","floor":16,"turns":9},{"damage":3,"enemies":"Shell Parasite","floor":18,"turns":5},{"damage":2,"enemies":"Chosen","floor":20,"turns":5},{"damage":14,"enemies":"Centurion and Healer","floor":22,"turns":5},{"damage":7,"enemies":"3 Cultists","floor":25,"turns":3},{"damage":38,"enemies":"Gremlin Leader","floor":28,"turns":5},{"damage":20,"enemies":"Snecko","floor":29,"turns":5},{"damage":1,"enemies":"Snake Plant","floor":30,"turns":4},{"damage":14,"enemies":"3 Cultists","floor":31,"turns":4}],"seed_played":"1886037958446524366","potions_obtained":[{"floor":1,"key":"SpeedPotion"},{"floor":2,"key":"ColorlessPotion"},{"floor":11,"key":"Strength Potion"},{"floor":14,"key":"ColorlessPotion"},{"floor":16,"key":"SteroidPotion"},{"floor":25,"key":"AttackPotion"},{"floor":29,"key":"GamblersBrew"},{"floor":30,"key":"Block Potion"}],"is_trial":false,"path_per_floor":["M","M","$","M","$","E","M","R","T","E","?","M","?","M","R","B",null,"M","?","M","?","M","$","?","M","T","$","E","M","M","M"],"character_chosen":"THE_SILENT","items_purchased":["Poisoned Stab","Membership Card","Lee\u0027s Waffle","Divine Protection","Omamori","Molten Egg 2"],"campfire_rested":2,"item_purchase_floors":[3,5,23,23,27,27],"current_hp_per_floor":[70,68,68,67,67,34,32,53,53,46,14,6,6,5,26,3,70,67,67,65,65,51,77,77,70,70,70,32,12,11,0,0],"gold":230,"neow_bonus":"REMOVE_CARD","is_daily":false,"chose_seed":false,"campfire_upgraded":0,"win_rate":0.0,"timestamp":1610045286,"path_taken":["M","M","$","M","$","E","M","R","T","E","?","M","?","?","R","BOSS","M","?","M","?","?","$","?","M","T","$","E","M","M","M"],"items_purchased_type":["Card","Relic","Relic","Relic","Relic","Relic"],"build_version":"2020-12-22","purchased_purges":2,"victory":false,"max_hp_per_floor":[70,70,70,70,70,70,70,70,70,70,70,70,70,70,70,70,70,70,70,70,70,70,77,77,77,77,77,77,77,77,77,77],"card_choices":[{"not_picked":["Tactician","Sucker Punch"],"picked":"Deadly Poison","floor":1},{"not_picked":["Terror","Riddle With Holes","Reflex"],"picked":"SKIP","floor":2},{"not_picked":["Dagger Throw","Dagger Spray","Sucker Punch"],"picked":"SKIP","floor":4},{"not_picked":["Sucker Punch","Dagger Spray","Atom Bomb"],"picked":"SKIP","floor":6},{"not_picked":["Flying Knee","Acrobatics"],"picked":"Bouncing Flask","floor":7},{"not_picked":["Flechettes","Cloak And Dagger","Riddle With Holes"],"picked":"SKIP","floor":10},{"not_picked":["ReplayTheSpireMod:Exploit Weakness","PiercingWail","Dodge and Roll"],"picked":"SKIP","floor":12},{"not_picked":["Sucker Punch","Deflect"],"picked":"Corpse Explosion","floor":14},{"not_picked":["Skewer","Backflip"],"picked":"Deadly Poison","floor":18},{"not_picked":["Outmaneuver","Hidden Blade","Acrobatics"],"picked":"SKIP","floor":20},{"not_picked":["Flechettes+1","Replay:Poison Smokescreen"],"picked":"Bane","floor":22},{"not_picked":["Prepared","Dagger Spray+1","Phantasmal Killer"],"picked":"SKIP","floor":25},{"not_picked":["Prepared","Dagger Spray+1","Phantasmal Killer"],"picked":"SKIP","floor":25},{"not_picked":["Dagger Spray+1","Heel Hook+1"],"picked":"Catalyst","floor":28},{"not_picked":["Finisher+1","Underhanded Strike+1","Dagger Throw+1"],"picked":"SKIP","floor":29},{"not_picked":["Outmaneuver","ReplayTheSpireMod:Exploit Weakness"],"picked":"Bane+1","floor":30}],"player_experience":214829,"relics_obtained":[{"floor":6,"key":"MawBank"},{"floor":9,"key":"Bronze Scales"},{"floor":10,"key":"Ancient Tea Set"},{"floor":11,"key":"InkBottle"},{"floor":17,"key":"Mirror"},{"floor":17,"key":"Torii"},{"floor":17,"key":"ReplayTheSpireMod:TigerMarble"},{"floor":26,"key":"Sundial"},{"floor":28,"key":"Dream Catcher"}],"event_choices":[{"damage_healed":0,"gold_gain":0,"player_choice":"Searched \u00271\u0027 times","damage_taken":0,"max_hp_gain":0,"max_hp_loss":0,"event_name":"Dead Adventurer","floor":11,"gold_loss":0},{"cards_removed":["Shame"],"damage_healed":0,"gold_gain":0,"player_choice":"Offered Curse","damage_taken":0,"relics_obtained":["Spirit Poop"],"max_hp_gain":0,"max_hp_loss":0,"event_name":"Bonfire Elementals","floor":13,"gold_loss":0},{"damage_healed":0,"gold_gain":250,"player_choice":"Bet on Owner","damage_taken":0,"max_hp_gain":0,"max_hp_loss":0,"event_name":"The Joust","floor":19,"gold_loss":50},{"cards_removed":["Strike_G"],"damage_healed":0,"gold_gain":0,"player_choice":"Give","damage_taken":0,"max_hp_gain":0,"max_hp_loss":0,"event_name":"betterNote:BetterNote","floor":21,"gold_loss":0,"cards_obtained":["Strike_G"]},{"damage_healed":0,"gold_gain":0,"player_choice":"Obtained Relic","damage_taken":0,"relics_obtained":["Replay:Bottled Steam"],"max_hp_gain":0,"max_hp_loss":0,"event_name":"Addict","floor":24,"gold_loss":85}],"is_beta":false,"boss_relics":[{"not_picked":["Astrolabe","Replay:Ancient Bell"],"picked":"Calling Bell"}],"items_purged_floors":[23,27],"is_endless":false,"potions_floor_spawned":[1,2,11,14,16,20,25,29,30],"killed_by":"3 Cultists","ascension_level":0}}