{"host":"7mhyj3osjecvpzx6","time":1610052420,"event":{"mods":["Act Like it!","Astrologer","BaseMod","Colored Powertips","Elementarium","Gensokyo","Menagerie","Minty Spire (QoL Compilation)","Pale of the Ancients","Permanent Neow","StSLib"],"gold_per_floor":[115,115,130,155,174,174,197,197,246,277,277,34,65,65,65,194,194,215,215,254,254,56,56,6,6,6,6,29,43,84,105,105,235,235,250,250,250,275,291,291,332,332,332,372,74,74,74,74,74,74,74,74,74],"floor_reached":52,"playtime":4293,"items_purged":["astrologer:Strike","astrologer:Defend","astrologer:Defend","astrologer:Defend+1"],"score":1196,"play_id":"6a312544-3784-48c4-9181-400b4dd67645","local_time":"20210107154700","is_ascension_mode":true,"campfire_choices":[{"data":"astrologer:Eclipse","floor":6,"key":"SMITH"},{"data":"astrologer:Alignment","floor":8,"key":"SMITH"},{"data":"Menagerie:BeastSpirit","floor":15,"key":"SMITH"},{"data":"astrologer:Nova","floor":23,"key":"SMITH"},{"data":"astrologer:Moonlight","floor":25,"key":"SMITH"},{"data":"astrologer:Confirmation","floor":27,"key":"SMITH"},{"data":"astrologer:CosmicExpanse","floor":32,"key":"SMITH"},{"data":"astrologer:NorthStar","floor":40,"key":"SMITH"},{"data":"astrologer:FrozenStar","floor":42,"key":"SMITH"},{"data":"astrologer:ShiningStar","floor":47,"key":"SMITH"},{"data":"astrologer:SpaceDust","floor":49,"key":"SMITH"}],"circlet_count":0,"master_deck":["astrologer:NorthStar+1","astrologer:Alignment+1","astrologer:Eclipse+1","astrologer:ShiningStar+1","astrologer:SpaceDust+1","astrologer:MeteorShower","astrologer:FrozenStar+1","astrologer:Retelling","astrologer:Confirmation+1","astrologer:Moonlight+1","Menagerie:BeastSpirit+1","astrologer:Nova+1","astrologer:FadingStar+1","astrologer:TheDevil+1","astrologer:Premeditation+1","astrologer:StarOfCourage+1","astrologer:Prestidigitation+1","astrologer:CosmicExpanse+1","astrologer:FrozenStar+1","astrologer:Trine+1","astrologer:SolarFlare+1","astrologer:Stardust+1","astrologer:Alignment+1"],"relics":["astrologer:SkyMirror","Golden Idol","Nunchaku","Pear","Akabeko","Astrolabe","Smiling Mask","Elementarium:FlickeringLantern","Chemical X","Toxic Egg 2","Bird Faced Urn","Elementarium:ElementariumTrophy","Cursed Key","Omamori","Incense Burner","Bronze Scales","Mango","DollysMirror","paleoftheancients:Timepiece","Anchor","Letter Opener"],"acts_visited":["Menagerie:Menagerie","Elementarium:Elementarium","Gensokyo:Gensokyoest","paleoftheancients:PaleOfTheAncients"],"potions_floor_usage":[12,20,30,33,41,41,45,50,50,50],"damage_taken":[{"damage":1,"enemies":"Menagerie:WhisperingWraith","floor":1,"turns":4},{"damage":4,"enemies":"Menagerie:MonstrousExperiment","floor":3,"turns":4},{"damage":0,"enemies":"Menagerie:2_RABBITS","floor":4,"turns":3},{"damage":6,"enemies":"Menagerie:MeltingSalamander","floor":5,"turns":5},{"damage":0,"enemies":"Menagerie:MENAGERIE_WILDLIFE","floor":7,"turns":3},{"damage":0,"enemies":"Menagerie:MaskedSummoner","floor":10,"turns":6},{"damage":15,"enemies":"Menagerie:Hydra","floor":13,"turns":4},{"damage":0,"enemies":"Menagerie:Chimera","floor":16,"turns":8},{"damage":0,"enemies":"Elementarium:2_ELEMENTALS","floor":18,"turns":4},{"damage":9,"enemies":"Gensokyo:Tenshi","floor":20,"turns":5},{"damage":5,"enemies":"Elementarium:VoidCorruption","floor":28,"turns":4},{"damage":25,"enemies":"Elementarium:VoidBeast","floor":29,"turns":4},{"damage":13,"enemies":"Elementarium:WarGolem","floor":30,"turns":4},{"damage":7,"enemies":"Elementarium:STONE_GOLEMS","floor":31,"turns":4},{"damage":20,"enemies":"Elementarium:GoldenDragon","floor":33,"turns":9},{"damage":0,"enemies":"Gensokyo:AncientGuardian","floor":35,"turns":6},{"damage":0,"enemies":"Gensokyo:3_Boulders","floor":38,"turns":3},{"damage":0,"enemies":"Gensokyo:AtlasGolem","floor":39,"turns":5},{"damage":0,"enemies":"Gensokyo:Doremy","floor":41,"turns":6},{"damage":3,"enemies":"Gensokyo:Kasen","floor":44,"turns":7},{"damage":68,"enemies":"Gensokyo:Scarlet_Devils","floor":50,"turns":9},{"damage":108,"enemies":"Gensokyo:Scarlet_Devils","floor":51,"turns":9},{"damage":558,"enemies":"Gensokyo:Scarlet_Devils","floor":52,"turns":7}],"seed_played":"575544588356230452","potions_obtained":[{"floor":1,"key":"SpeedPotion"},{"floor":4,"key":"Regen Potion"},{"floor":16,"key":"GamblersBrew"},{"floor":18,"key":"CultistPotion"},{"floor":29,"key":"DistilledChaos"},{"floor":39,"key":"DistilledChaos"}],"is_trial":false,"path_per_floor":["M","?","M","M","M","R","M","R","T","E","?","$","E","?","R","B",null,"M","?","?","?","$","R","$","R","T","R","M","M","E","M","R","B",null,"M","?","?","M","M","R","E","R","T","E","$","?","R","?","R","B","M","M"],"character_chosen":"ASTROLOGER","items_purchased":["astrologer:Confirmation","Fruit Juice","Chemical X","DollysMirror","EntropicBrew"],"campfire_rested":0,"item_purchase_floors":[12,12,22,45,45],"current_hp_per_floor":[62,62,58,58,52,52,52,52,52,62,62,67,52,52,52,52,71,71,71,77,77,77,77,77,77,77,77,72,47,34,37,37,27,65,75,75,75,77,77,77,77,77,77,90,90,90,90,90,90,84,91,0,0],"gold":74,"neow_bonus":"ONE_RANDOM_RARE_CARD","is_daily":false,"chose_seed":false,"campfire_upgraded":11,"win_rate":0.0,"timestamp":1610052420,"path_taken":["M","?","M","M","M","R","M","R","T","E","?","$","E","?","R","BOSS","M","?","?","?","?","R","$","R","T","R","M","M","E","M","R","BOSS","M","?","?","M","M","R","E","R","T","E","$","?","R","?","R","BOSS","M","M"],"items_purchased_type":["Card","Potion","Relic","Relic","Potion"],"build_version":"2020-12-22","purchased_purges":4,"victory":false,"max_hp_per_floor":[70,65,65,65,65,65,65,65,65,75,75,80,80,77,77,77,77,77,77,77,77,77,77,77,77,77,77,77,77,77,77,77,77,77,77,77,77,77,77,77,77,77,77,91,91,91,91,91,91,91,91,91,91],"card_choices":[{"not_picked":["astrologer:Conjunction","astrologer:Strength"],"picked":"astrologer:Eclipse","floor":1},{"not_picked":["astrologer:FrozenStar","astrologer:Eclipse"],"picked":"astrologer:ShiningStar","floor":3},{"not_picked":["astrologer:Judgement","astrologer:Moonlight"],"picked":"astrologer:SpaceDust","floor":4},{"not_picked":["astrologer:Radiance","astrologer:Still"],"picked":"astrologer:MeteorShower","floor":5},{"not_picked":["astrologer:ShiningStar","astrologer:TheDevil"],"picked":"astrologer:FrozenStar","floor":7},{"not_picked":["astrologer:TheHighPriestess","astrologer:TheHermit"],"picked":"astrologer:Retelling","floor":10},{"not_picked":["astrologer:Conjunction","astrologer:SolarFlare"],"picked":"astrologer:Moonlight","floor":13},{"not_picked":["astrologer:Fate","astrologer:TheSun"],"picked":"astrologer:Nova","floor":16},{"not_picked":["astrologer:Still","astrologer:Stardust+1"],"picked":"astrologer:StarOfCourage+1","floor":18},{"not_picked":["astrologer:ReadTheStars+1","astrologer:Opposition+1"],"picked":"astrologer:Prestidigitation+1","floor":20},{"not_picked":["astrologer:TheHighPriestess+1","astrologer:TheMoon+1"],"picked":"astrologer:CosmicExpanse","floor":28},{"not_picked":["astrologer:Divination+1","astrologer:StarOfRegret+1","astrologer:Opposition"],"picked":"SKIP","floor":29},{"not_picked":["astrologer:TheHangedMan+1","astrologer:Opposition","astrologer:TheHighPriestess+1"],"picked":"SKIP","floor":30},{"not_picked":["astrologer:Sunrise+1","astrologer:SpaceDust+1"],"picked":"astrologer:FrozenStar+1","floor":31},{"not_picked":["astrologer:TheSun","astrologer:TheMagician"],"picked":"astrologer:Trine+1","floor":33},{"not_picked":["astrologer:FrozenStar+1","astrologer:TheLovers+1"],"picked":"astrologer:SolarFlare+1","floor":35},{"not_picked":["astrologer:Eclipse+1","astrologer:SpaceDust+1"],"picked":"astrologer:Stardust+1","floor":38},{"not_picked":["astrologer:Opposition+1","astrologer:Radiance","astrologer:Still+1"],"picked":"SKIP","floor":39},{"not_picked":["astrologer:Novile+1","astrologer:SolarFlare+1","astrologer:FadingStar+1"],"picked":"SKIP","floor":41},{"not_picked":["astrologer:Stardust+1","astrologer:Eclipse","astrologer:HeatDeath"],"picked":"SKIP","floor":44}],"player_experience":516271,"relics_obtained":[{"floor":9,"key":"Nunchaku"},{"floor":10,"key":"Pear"},{"floor":13,"key":"Akabeko"},{"floor":20,"key":"Smiling Mask"},{"floor":26,"key":"Toxic Egg 2"},{"floor":30,"key":"Bird Faced Urn"},{"floor":41,"key":"Incense Burner"},{"floor":43,"key":"Bronze Scales"},{"floor":44,"key":"Mango"}],"event_choices":[{"damage_healed":0,"gold_gain":0,"player_choice":"Lose Max HP","damage_taken":0,"relics_obtained":["Golden Idol"],"max_hp_gain":0,"max_hp_loss":5,"event_name":"Golden Idol","floor":2,"gold_loss":0},{"cards_removed":["astrologer:Strike"],"damage_healed":0,"gold_gain":0,"player_choice":"Snake","damage_taken":0,"max_hp_gain":0,"max_hp_loss":0,"event_name":"Menagerie:ThreeAnimals","floor":11,"gold_loss":0},{"damage_healed":0,"gold_gain":0,"player_choice":"Knelt","damage_taken":0,"max_hp_gain":0,"max_hp_loss":3,"event_name":"Menagerie:BeastSpiritShrine","floor":14,"gold_loss":0,"cards_obtained":["Menagerie:BeastSpirit"]},{"damage_healed":0,"gold_gain":0,"player_choice":"Pray","damage_taken":0,"max_hp_gain":0,"max_hp_loss":0,"event_name":"Elementarium:VoidShrine","floor":19,"gold_loss":0,"cards_upgraded":["astrologer:Defend"]},{"damage_healed":0,"gold_gain":0,"player_choice":"Enter","damage_taken":0,"max_hp_gain":0,"max_hp_loss":0,"event_name":"Elementarium:OtherworldlyPassage","floor":20,"gold_loss":0},{"damage_healed":0,"gold_gain":0,"player_choice":"Take","damage_taken":0,"relics_obtained":["Elementarium:FlickeringLantern"],"max_hp_gain":0,"max_hp_loss":0,"event_name":"Elementarium:HeartOfTheVoid","floor":21,"gold_loss":0}],"is_beta":false,"boss_relics":[{"not_picked":["Tiny House","Runic Dome"],"picked":"Astrolabe"},{"not_picked":["Busted Crown","Velvet Choker"],"picked":"Cursed Key"}],"items_purged_floors":[12,22,24,45],"is_endless":false,"potions_floor_spawned":[1,4,16,18,29,39],"killed_by":"Gensokyo:Scarlet_Devils","ascension_level":9}}