{"host":"6azrrw3tf7wb0f4b","time":1610012943,"event":{"mods":["BaseMod","DeckTracker","Minty Spire (QoL Compilation)","SuperFastMode"],"gold_per_floor":[116,136,211,225,400,400,114,134,187,217,217,235,235,235,235,331,331,343,114,133,22,22,22,22,48,48,60,60,60],"floor_reached":28,"playtime":556,"items_purged":["Doubt"],"score":378,"play_id":"78afaa6d-a84e-464c-bdb5-7a1dd13945bc","local_time":"20210107184903","is_ascension_mode":true,"campfire_choices":[{"data":"Eruption","floor":6.0,"key":"SMITH"},{"data":"WindmillStrike","floor":11,"key":"SMITH"},{"floor":13,"key":"REST"},{"data":"BattleHymn","floor":15,"key":"SMITH"},{"floor":23,"key":"REST"}],"circlet_count":0,"master_deck":["AscendersBane","Strike_P","Strike_P","Strike_P","Strike_P","Defend_P","Defend_P","Defend_P+1","Defend_P","Eruption+1","Vigilance+1","Establishment","Evaluate","CrushJoints+1","TalkToTheHand","BattleHymn+1","EmptyFist+1","WindmillStrike+1","Halt","Decay","LessonLearned","Tantrum","Adaptation+1","WaveOfTheHand","InnerPeace","LikeWater","Halt"],"relics":["PureWater","PreservedInsect","Orichalcum","Centennial Puzzle","VioletLotus","War Paint","Juzu Bracelet","Mercury Hourglass"],"acts_visited":["Exordium","TheCity"],"potions_floor_usage":[10,12,28],"damage_taken":[{"damage":11.0,"enemies":"Cultist","floor":1.0,"turns":4.0},{"damage":1.0,"enemies":"2 Louse","floor":2.0,"turns":4.0},{"damage":0.0,"enemies":"Small Slimes","floor":4.0,"turns":2.0},{"damage":8,"enemies":"Looter","floor":8,"turns":5},{"damage":9,"enemies":"Gremlin Nob","floor":10,"turns":3},{"damage":13,"enemies":"Gremlin Gang","floor":12,"turns":4},{"damage":26,"enemies":"Slime Boss","floor":16,"turns":6},{"damage":18,"enemies":"Spheric Guardian","floor":18,"turns":5},{"damage":33,"enemies":"3 Byrds","floor":20,"turns":6},{"damage":27,"enemies":"Slavers","floor":25,"turns":10},{"damage":20,"enemies":"Snake Plant","floor":27,"turns":4},{"damage":5,"enemies":"Colosseum Slavers","floor":28,"turns":1}],"seed_played":"2215167752873313307","potions_obtained":[{"floor":2.0,"key":"Weak Potion"},{"floor":10,"key":"SkillPotion"},{"floor":16,"key":"Energy Potion"},{"floor":18,"key":"FairyPotion"},{"floor":27,"key":"Block Potion"}],"is_trial":false,"path_per_floor":["M","M","?","M","?","R","$","M","T","E","R","M","R","?","R","B",null,"M","$","M","$","?","R","?","E","T","M","?"],"character_chosen":"WATCHER","items_purchased":["PreservedInsect","BattleHymn","Adaptation","War Paint","InnerPeace","LikeWater"],"campfire_rested":2,"item_purchase_floors":[7,7,19,19,21,21],"current_hp_per_floor":[54,53,42,42,42,42,42,34,34,25,25,12,33,33,33,7,56,38,38,5,5,5,26,26,21,21,1,0,0],"gold":60,"neow_bonus":"ONE_RANDOM_RARE_CARD","is_daily":false,"chose_seed":false,"campfire_upgraded":3,"win_rate":0.0,"timestamp":1610012943,"path_taken":["M","?","?","M","?","R","$","M","T","E","R","M","R","?","R","BOSS","M","$","?","$","?","R","?","E","T","M","?"],"items_purchased_type":["Relic","Card","Card","Relic","Card","Card"],"build_version":"2020-12-22","purchased_purges":1,"victory":false,"max_hp_per_floor":[72,72,72,72,72,72,72,72,72,72,72,72,72,72,72,72,72,72,72,72,72,72,72,72,72,72,72,72,72],"card_choices":[{"not_picked":["CutThroughFate","Crescendo"],"picked":"Evaluate","floor":1.0},{"not_picked":["SashWhip","Fasting2"],"picked":"CrushJoints","floor":2.0},{"not_picked":["JustLucky","SashWhip"],"picked":"TalkToTheHand","floor":4.0},{"not_picked":["CrushJoints","Halt"],"picked":"EmptyFist","floor":8},{"not_picked":["Swivel","Wireheading"],"picked":"WindmillStrike","floor":10},{"not_picked":["FollowUp","EmptyFist"],"picked":"Halt","floor":12},{"not_picked":["Judgement","Scrawl"],"picked":"LessonLearned","floor":16},{"not_picked":["PathToVictory","CrushJoints"],"picked":"Tantrum","floor":18},{"not_picked":["SashWhip","FlyingSleeves+1"],"picked":"WaveOfTheHand","floor":20},{"not_picked":["Sanctity+1","BowlingBash","TalkToTheHand"],"picked":"SKIP","floor":25},{"not_picked":["Prostrate","Fasting2+1"],"picked":"Halt","floor":27}],"player_experience":682494,"relics_obtained":[{"floor":9,"key":"Orichalcum"},{"floor":10,"key":"Centennial Puzzle"},{"floor":25,"key":"Juzu Bracelet"},{"floor":26,"key":"Mercury Hourglass"}],"event_choices":[{"damage_healed":0.0,"max_hp_gain":0.0,"max_hp_loss":0.0,"gold_gain":75.0,"event_name":"World of Goop","player_choice":"Gather Gold","floor":3.0,"gold_loss":0.0,"damage_taken":11.0},{"damage_healed":0.0,"max_hp_gain":0.0,"max_hp_loss":0.0,"gold_gain":175.0,"event_name":"Liars Game","player_choice":"AGREE","floor":5.0,"gold_loss":0.0,"damage_taken":0.0,"cards_obtained":["Doubt"]},{"damage_healed":0,"gold_gain":0,"player_choice":"Cursed","damage_taken":0,"max_hp_gain":0,"max_hp_loss":0,"event_name":"Wheel of Change","floor":14,"gold_loss":0,"cards_obtained":["Decay"]},{"damage_healed":0,"gold_gain":0,"player_choice":"Ignored","damage_taken":0,"max_hp_gain":0,"max_hp_loss":0,"event_name":"Ghosts","floor":22,"gold_loss":0},{"damage_healed":0,"gold_gain":0,"player_choice":"Upgraded","damage_taken":0,"max_hp_gain":0,"max_hp_loss":0,"event_name":"Upgrade Shrine","floor":24,"gold_loss":0,"cards_upgraded":["Adaptation"]},{"damage_healed":0,"gold_gain":0,"player_choice":"Fight","damage_taken":0,"max_hp_gain":0,"max_hp_loss":0,"event_name":"Colosseum","floor":28,"gold_loss":0}],"is_beta":false,"boss_relics":[{"not_picked":["Busted Crown","Runic Dome"],"picked":"VioletLotus"}],"items_purged_floors":[7],"is_endless":false,"potions_floor_spawned":[2,10,16,18,27],"killed_by":"Colosseum Slavers","ascension_level":12}}