{"host":"j3h0p3l2xgzxhnx7","time":1610019450,"event":{"mods":["BaseMod","Luminous","Marisa????????","Minty Spire (QoL Compilation)","Remilia??????","StSLib","The Bug Knight","The Cursed","The Servant 0.9.4"],"gold_per_floor":[116,129,142,160,172,172,25,53,53,53,66,66,81,81,81,209,209,227,252,302,318,417,417,417,456,479,479,20,64,84,103,103,228,228,251,267,17,30,30,30,66,66,117,132,132,171,171,0,0,0],"floor_reached":51,"playtime":3053,"items_purged":["Strike_S+1"],"score":833,"play_id":"a4da61e3-e9a1-48ea-9777-b4274bc4b189","local_time":"20210107193730","is_ascension_mode":true,"campfire_choices":[{"data":"Moondial","floor":6.0,"key":"SMITH"},{"data":"Starlight","floor":12.0,"key":"SMITH"},{"floor":15.0,"key":"REST"},{"floor":23.0,"key":"REST"},{"floor":27.0,"key":"REST"},{"floor":32.0,"key":"REST"},{"floor":40.0,"key":"REST"},{"data":"TheWorld","floor":42,"key":"SMITH"},{"data":"FastForward","floor":47,"key":"SMITH"},{"data":"SilverBlades","floor":49,"key":"SMITH"}],"circlet_count":0,"master_deck":["Strike_S+1","Defend_S+1","Defend_S+1","Defend_S+1","Defend_S+1","KidneyShot","Exchange+1","Moondial+1","SilverBlades+1","Starlight+1","Luminosity","Spin","Barrier","MoonPhase","BottledTime","MurderousAura","Revamp","Comet","DualDimension","SurpressingFire","InstantArmor+1","Rewind","ShatteredReality+1","Rearm","TimeTheft","SoulSculpture","CurseOfTheBell","Deadline","ShatteredReality+1","TheWorld+1","Finesse","Parasite","StarChef+1","Writhe","FastForward+1"],"relics":["Uniform","Toy Ornithopter","Vajra","Broom","InkBottle","Golden Idol","Empty Cage","Orichalcum","Boot","Mercury Hourglass","Bottled Tornado","Calling Bell","War Paint","PocketWatch","Molten Egg 2","Sundial","PreservedInsect","Bag of Marbles","Ancient Tea Set","Red Mask"],"acts_visited":["Exordium","TheCity","TheBeyond"],"potions_floor_usage":[50,50,50,50,50],"damage_taken":[{"damage":0.0,"enemies":"Small Slimes","floor":1.0,"turns":4.0},{"damage":1.0,"enemies":"Jaw Worm","floor":2.0,"turns":4.0},{"damage":0.0,"enemies":"Cultist","floor":3.0,"turns":4.0},{"damage":0.0,"enemies":"2 Fungi Beasts","floor":4.0,"turns":3.0},{"damage":14.0,"enemies":"Looter","floor":5.0,"turns":4.0},{"damage":9.0,"enemies":"3 Sentries","floor":8.0,"turns":6.0},{"damage":0.0,"enemies":"Blue Slaver","floor":11.0,"turns":4.0},{"damage":4.0,"enemies":"Exordium Thugs","floor":13.0,"turns":5.0},{"damage":1.0,"enemies":"The Guardian","floor":16.0,"turns":10.0},{"damage":17.0,"enemies":"3 Byrds","floor":18.0,"turns":4.0},{"damage":0.0,"enemies":"Spheric Guardian","floor":19.0,"turns":4.0},{"damage":11.0,"enemies":"Cultist and Chosen","floor":21.0,"turns":5.0},{"damage":41.0,"enemies":"Slavers","floor":25.0,"turns":6.0},{"damage":0.0,"enemies":"Book of Stabbing","floor":29.0,"turns":5.0},{"damage":2.0,"enemies":"3 Cultists","floor":30.0,"turns":5.0},{"damage":6.0,"enemies":"Snake Plant","floor":31.0,"turns":4.0},{"damage":10.0,"enemies":"Automaton","floor":33.0,"turns":10.0},{"damage":0.0,"enemies":"3 Darklings","floor":35.0,"turns":3.0},{"damage":0.0,"enemies":"Orb Walker","floor":36.0,"turns":2.0},{"damage":31.0,"enemies":"Spire Growth","floor":38.0,"turns":4.0},{"damage":3.0,"enemies":"Giant Head","floor":41.0,"turns":8.0},{"damage":1,"enemies":"Writhing Mass","floor":44,"turns":6},{"damage":4,"enemies":"Reptomancer","floor":46,"turns":5},{"damage":39,"enemies":"Awakened One","floor":50,"turns":13}],"seed_played":"-985353721867476483","potions_obtained":[{"floor":2.0,"key":"Fire Potion"},{"floor":3.0,"key":"PowerPotion"},{"floor":4.0,"key":"BlessingOfTheForge"},{"floor":13.0,"key":"Strength Potion"},{"floor":19.0,"key":"Fruit Juice"},{"floor":29.0,"key":"EntropicBrew"},{"floor":30.0,"key":"Fire Potion"},{"floor":35.0,"key":"Explosive Potion"}],"is_trial":false,"path_per_floor":["M","M","M","M","M","R","$","E","T","?","M","R","M","?","R","B",null,"M","M","?","M","?","R","?","E","T","R","$","E","M","M","R","B",null,"M","M","$","M","?","R","E","R","T","M","?","E","R","?","R","B",null],"character_chosen":"THE_SERVANT","items_purchased":["Vajra","InstantArmor","Mercury Hourglass","Rewind","Weak Potion","Sundial"],"campfire_rested":5,"item_purchase_floors":[7,28,28,28,28,37],"current_hp_per_floor":[65,64,64,65,51,51,51,47,47,47,47,47,43,43,62,64,65,48,48,48,47,47,68,68,29,29,50,50,50,48,47,68,58,70,70,70,70,44,44,65,62,62,62,61,70,66,66,66,66,48],"gold":0,"neow_bonus":"RANDOM_COMMON_RELIC","is_daily":false,"chose_seed":false,"campfire_upgraded":5,"win_rate":0.0,"timestamp":1610019450,"path_taken":["M","M","M","M","M","R","$","E","T","?","M","R","M","?","R","BOSS","M","M","?","?","?","R","?","E","T","R","$","E","M","M","R","BOSS","M","M","$","M","?","R","E","R","T","M","?","E","R","?","R","BOSS"],"items_purchased_type":["Relic","Card","Relic","Card","Potion","Relic"],"build_version":"2020-12-22","purchased_purges":1,"victory":true,"max_hp_per_floor":[65,65,65,65,65,65,65,65,65,65,65,65,65,65,65,65,65,65,65,65,70,70,70,70,70,70,70,70,70,70,70,70,70,70,70,70,70,70,70,70,70,70,70,70,70,70,70,70,70,70],"card_choices":[{"not_picked":["Alleviate","SpecialFormula"],"picked":"Moondial","floor":1.0},{"not_picked":["Gouge","FanOfKnives"],"picked":"SilverBlades","floor":2.0},{"not_picked":["Revamp","Rewind"],"picked":"Starlight","floor":3.0},{"not_picked":["Manipulate","Potential"],"picked":"Luminosity","floor":4.0},{"not_picked":["Potential","DualDimension"],"picked":"Spin","floor":5.0},{"not_picked":["Deadline","ReturningBlade"],"picked":"Barrier","floor":8.0},{"not_picked":["Potential","Alleviate"],"picked":"MoonPhase","floor":11.0},{"not_picked":["TimeWarp","Spin"],"picked":"BottledTime","floor":13.0},{"not_picked":["FloweringNight","ForgedInTime"],"picked":"MurderousAura","floor":16.0},{"not_picked":["Ricochet","Deadline"],"picked":"Revamp","floor":18.0},{"not_picked":["Unruled","Alleviate+1"],"picked":"Comet","floor":19.0},{"not_picked":["BestPractice","Defy"],"picked":"DualDimension","floor":21.0},{"not_picked":["BottledTime","Defy"],"picked":"SurpressingFire","floor":25.0},{"not_picked":["RealityMarble","ReturningBlade"],"picked":"ShatteredReality+1","floor":29.0},{"not_picked":["Unruled","Spin"],"picked":"Rearm","floor":30.0},{"not_picked":["Unruled+1","Hightail+1"],"picked":"TimeTheft","floor":31.0},{"not_picked":["Dilation","KillingDoll"],"picked":"SoulSculpture","floor":33.0},{"not_picked":["SilverBlades","Alleviate"],"picked":"Deadline","floor":35.0},{"not_picked":["Ricochet+1","Potential+1"],"picked":"ShatteredReality+1","floor":36.0},{"not_picked":["SpecialFormula","ShiftingGears+1"],"picked":"TheWorld","floor":38.0},{"not_picked":["Impatience","Secret Technique"],"picked":"Finesse","floor":39.0},{"not_picked":["RealityMarble+1","Potential+1","Gouge+1"],"picked":"SKIP","floor":41},{"not_picked":["MoonPhase+1","Ricochet+1"],"picked":"StarChef+1","floor":44},{"not_picked":["BestPractice","Potential+1"],"picked":"FastForward","floor":46}],"player_experience":91031,"relics_obtained":[{"floor":8.0,"key":"Broom"},{"floor":9.0,"key":"InkBottle"},{"floor":25.0,"key":"Orichalcum"},{"floor":26.0,"key":"Boot"},{"floor":29.0,"key":"Bottled Tornado"},{"floor":34.0,"key":"War Paint"},{"floor":34.0,"key":"PocketWatch"},{"floor":34.0,"key":"Molten Egg 2"},{"floor":41,"key":"PreservedInsect"},{"floor":43,"key":"Bag of Marbles"},{"floor":46,"key":"Ancient Tea Set"}],"event_choices":[{"damage_healed":0.0,"max_hp_gain":0.0,"max_hp_loss":0.0,"gold_gain":0.0,"event_name":"Golden Idol","player_choice":"Take Wound","floor":10.0,"gold_loss":0.0,"damage_taken":0.0,"relics_obtained":["Golden Idol"],"cards_obtained":["Injury"]},{"cards_removed":["Injury"],"damage_healed":0.0,"max_hp_gain":0.0,"max_hp_loss":0.0,"gold_gain":0.0,"event_name":"Living Wall","player_choice":"Forget","floor":14.0,"gold_loss":0.0,"damage_taken":0.0},{"damage_healed":0.0,"max_hp_gain":0.0,"max_hp_loss":0.0,"gold_gain":100.0,"event_name":"The Joust","player_choice":"Bet on Murderer","floor":20.0,"gold_loss":50.0,"damage_taken":0.0},{"damage_healed":0.0,"max_hp_gain":0.0,"max_hp_loss":0.0,"gold_gain":99.0,"event_name":"Nest","player_choice":"Stole From Cult","floor":22.0,"gold_loss":0.0,"damage_taken":0.0},{"damage_healed":0.0,"max_hp_gain":0.0,"max_hp_loss":0.0,"gold_gain":0.0,"event_name":"Back to Basics","player_choice":"Simplicity","floor":24.0,"gold_loss":0.0,"damage_taken":0.0,"cards_upgraded":["Strike_S","Strike_S","Defend_S","Defend_S","Defend_S","Defend_S"]},{"damage_healed":0.0,"max_hp_gain":0.0,"max_hp_loss":0.0,"gold_gain":0.0,"event_name":"SensoryStone","player_choice":"Memory 1","floor":39.0,"gold_loss":0.0,"damage_taken":0.0},{"damage_healed":18,"gold_gain":0,"player_choice":"Writhe","damage_taken":0,"max_hp_gain":0,"max_hp_loss":0,"event_name":"Winding Halls","floor":45,"gold_loss":0,"cards_obtained":["Writhe"]},{"damage_healed":0,"gold_gain":0,"player_choice":"Paid","damage_taken":0,"relics_obtained":["Red Mask"],"max_hp_gain":0,"max_hp_loss":0,"event_name":"Tomb of Lord Red Mask","floor":48,"gold_loss":171}],"is_beta":false,"boss_relics":[{"not_picked":["Velvet Choker","Ectoplasm"],"picked":"Empty Cage"},{"not_picked":["Philosopher\u0027s Stone","SlaversCollar"],"picked":"Calling Bell"}],"items_purged_floors":[28],"is_endless":false,"potions_floor_spawned":[2,3,4,13,19,29,30,35],"ascension_level":1}}