{"host":"6hzrz31j95f2y1pa","time":1610058312,"event":{"mods":["BaseMod","Colored Map","Downfall","Minty Spire (QoL Compilation)","StSLib"],"gold_per_floor":[99,109,127,139,49,63,111,111,140,153,180,180,215,227,247,319,319,319,336,354,370,104,104,104,104,114,127,127,127,127],"floor_reached":28,"playtime":4855,"items_purged":["hexamod:Defend","hexamod:Strike"],"score":427,"play_id":"d2616a13-7b1c-44e5-9c62-7299f424c19a","local_time":"20210107172512","is_ascension_mode":true,"campfire_choices":[{"data":"hexamod:NightmareGuise","floor":1.0,"key":"SMITH"},{"data":"hexamod:GhostShield","floor":8.0,"key":"SMITH"},{"floor":12.0,"key":"REST"},{"data":"hexamod:Float","floor":18,"key":"SMITH"},{"data":"hexamod:Again","floor":23,"key":"SMITH"}],"circlet_count":0,"master_deck":["AscendersBane","hexamod:Strike","hexamod:Strike","hexamod:Defend+1","hexamod:Defend","hexamod:Sear","hexamod:Float+1","hexamod:SwordOfDarkness","hexamod:NightmareGuise+1","hexamod:ThirdSeal","hexamod:NightmareStrike","hexamod:FastForward","hexamod:HeatShield","hexamod:SpectersWail","hexamod:GhostShield+1","hexamod:NightmareStrike","hexamod:GhostShield+1","hexamod:FirstSeal","hexamod:FourthSeal","hexamod:Hexaguard","hexamod:CrushingStance","hexamod:FastForward","hexamod:Again+1","hexamod:RadiantFlame","hexamod:CatchUp"],"relics":["hexamod:SpiritBrand","War Paint","Centennial Puzzle","hexamod:CandleOfCauterizing","Darkstone Periapt","Black Star","hexamod:MatchstickCase","Pantograph"],"acts_visited":["Exordium","TheCity"],"potions_floor_usage":[20,21,28,28],"damage_taken":[{"damage":0.0,"enemies":"Cultist","floor":2.0,"turns":4.0},{"damage":0.0,"enemies":"Jaw Worm","floor":3.0,"turns":4.0},{"damage":1.0,"enemies":"Small Slimes","floor":4.0,"turns":3.0},{"damage":0.0,"enemies":"downfall:FleeingMerchant","floor":5.0,"turns":4.0},{"damage":10.0,"enemies":"Exordium Wildlife","floor":6.0,"turns":4.0},{"damage":23.0,"enemies":"Gremlin Nob","floor":9.0,"turns":5.0},{"damage":11.0,"enemies":"Gremlin Gang","floor":10.0,"turns":5.0},{"damage":10.0,"enemies":"3 Sentries","floor":11.0,"turns":8.0},{"damage":8.0,"enemies":"Gremlin Nob","floor":13.0,"turns":4.0},{"damage":12.0,"enemies":"Lots of Slimes","floor":14.0,"turns":3.0},{"damage":1.0,"enemies":"Exordium Thugs","floor":15.0,"turns":5.0},{"damage":16,"enemies":"downfall:Watcher","floor":16,"turns":12},{"damage":8,"enemies":"Shell Parasite","floor":19,"turns":8},{"damage":17,"enemies":"Spheric Guardian","floor":20,"turns":6},{"damage":9,"enemies":"Snake Plant","floor":21,"turns":5},{"damage":1,"enemies":"downfall:FleeingMerchant","floor":22,"turns":4},{"damage":0,"enemies":"Snecko","floor":26,"turns":5},{"damage":9,"enemies":"Centurion and Healer","floor":27,"turns":7},{"damage":39,"enemies":"Slavers","floor":28,"turns":6}],"seed_played":"-5450852131564820964","potions_obtained":[{"floor":3.0,"key":"Dexterity Potion"},{"floor":6.0,"key":"Swift Potion"},{"floor":11.0,"key":"DistilledChaos"},{"floor":11.0,"key":"Guardian:BlockOnCardUsePotion"},{"floor":13.0,"key":"Ancient Potion"},{"floor":15.0,"key":"Fruit Juice"},{"floor":15.0,"key":"SneckoOil"},{"floor":19,"key":"hexamod:EctoCoolerPotion"},{"floor":20,"key":"Regen Potion"},{"floor":21,"key":"champ:CounterPotion"},{"floor":26,"key":"Strength Potion"}],"is_trial":false,"path_per_floor":["R","M","M","M","$","M","T","R","E","M","E","R","E","M","M","B",null,"R","M","M","M","$","R","T","?","M","M","E"],"character_chosen":"THE_SPIRIT","items_purchased":["hexamod:MatchstickCase"],"campfire_rested":1,"item_purchase_floors":[22],"current_hp_per_floor":[57,57,57,56,56,46,46,46,30,19,9,26,25,13,24,15,50,50,49,32,35,41,41,41,41,48,39,0,0,0],"gold":127,"neow_bonus":"TRANSFORM_TWO_CARDS","is_daily":false,"chose_seed":false,"campfire_upgraded":4,"win_rate":0.0,"timestamp":1610058312,"path_taken":["R","M","M","M","$","M","T","R","E","?","E","R","E","M","M","BOSS","R","M","M","?","$","R","T","?","M","M","E"],"items_purchased_type":["Relic"],"build_version":"2020-12-22","purchased_purges":2,"victory":false,"max_hp_per_floor":[57,57,57,57,57,57,57,57,57,57,57,57,57,57,62,62,62,62,62,62,62,62,62,62,62,62,62,62,62,62],"card_choices":[{"not_picked":["hexamod:NightmareGuise","hexamod:RainOfEmbers"],"picked":"hexamod:ThirdSeal","floor":2.0},{"not_picked":["hexamod:Firestarter","hexamod:BurningTouch"],"picked":"hexamod:NightmareStrike","floor":3.0},{"not_picked":["hexamod:GhostShield","hexamod:BacktrackSmack"],"picked":"hexamod:FastForward","floor":3.0},{"not_picked":["hexamod:RainOfEmbers","hexamod:DynamicBlow"],"picked":"hexamod:HeatShield","floor":4.0},{"not_picked":["hexamod:HauntingEcho","hexamod:PhantomCloak"],"picked":"hexamod:SpectersWail","floor":4.0},{"not_picked":["hexamod:GhostflameInferno","hexamod:BurningTouch"],"picked":"hexamod:GhostShield","floor":5.0},{"not_picked":["hexamod:ExtraCrispy","hexamod:SwordOfDarkness"],"picked":"hexamod:NightmareStrike","floor":5.0},{"not_picked":["hexamod:GhostOfSpirePast","hexamod:FirstSeal"],"picked":"hexamod:GhostShield","floor":6.0},{"not_picked":["hexamod:HauntingEcho","hexamod:GhostOfSpireFuture"],"picked":"hexamod:FirstSeal","floor":6.0},{"not_picked":["hexamod:HeatCrush","hexamod:RainOfEmbers"],"picked":"hexamod:FourthSeal","floor":9.0},{"not_picked":["hexamod:ShieldOfDarkness","hexamod:NightmareStrike","hexamod:SwordOfDarkness"],"picked":"SKIP","floor":9.0},{"not_picked":["hexamod:AdvancingGuard","hexamod:WildfireWeapon","hexamod:NightmareStrike"],"picked":"SKIP","floor":10.0},{"not_picked":["hexamod:InspiringFlames","hexamod:RadiantFlame","hexamod:AdvancingGuard"],"picked":"SKIP","floor":10.0},{"not_picked":["hexamod:ThermalTransfer","hexamod:ShieldOfDarkness","hexamod:HeatShield"],"picked":"SKIP","floor":11.0},{"not_picked":["hexamod:NecessarySacrifice","hexamod:SpectersWail","hexamod:Firestarter"],"picked":"SKIP","floor":13.0},{"not_picked":["hexamod:InspiringFlames","hexamod:RadiantFlame"],"picked":"hexamod:Hexaguard","floor":14.0},{"not_picked":["hexamod:GhostOfSpirePast","hexamod:NightmareStrike","hexamod:NightmareGuise"],"picked":"SKIP","floor":14.0},{"not_picked":["hexamod:SkipABeat","hexamod:SpectralSpark","hexamod:InspiringFlames"],"picked":"SKIP","floor":15.0},{"not_picked":["hexamod:TimeOfNeed","hexamod:GhostflameInferno"],"picked":"hexamod:CrushingStance","floor":16},{"not_picked":["hexamod:FourthSeal","hexamod:ShieldOfDarkness"],"picked":"hexamod:FastForward","floor":19},{"not_picked":["hexamod:RainOfEmbers","hexamod:ShieldOfDarkness"],"picked":"hexamod:Again","floor":20},{"not_picked":["hexamod:Incineration","hexamod:SpectersWail","hexamod:DynamicBlow"],"picked":"SKIP","floor":20},{"not_picked":["hexamod:RainOfEmbers","hexamod:AdvancingGuard","hexamod:ThirdSeal"],"picked":"SKIP","floor":21},{"not_picked":["hexamod:SpectersWail","hexamod:VolcanoVisage"],"picked":"hexamod:RadiantFlame","floor":22},{"not_picked":["hexamod:InspiringFlames","hexamod:Firestarter","hexamod:FastForward"],"picked":"SKIP","floor":26},{"not_picked":["hexamod:SpectralSpark","hexamod:RainOfEmbers+1"],"picked":"hexamod:CatchUp","floor":27},{"not_picked":["hexamod:SpectersWail","hexamod:InspiringFlames","hexamod:BacktrackSmack"],"picked":"SKIP","floor":27}],"player_experience":1293258,"relics_obtained":[{"floor":7.0,"key":"War Paint"},{"floor":9.0,"key":"Centennial Puzzle"},{"floor":11.0,"key":"hexamod:CandleOfCauterizing"},{"floor":13.0,"key":"Darkstone Periapt"},{"floor":24,"key":"Pantograph"}],"event_choices":[],"is_beta":false,"boss_relics":[{"not_picked":["Runic Pyramid","SlaversCollar"],"picked":"Black Star"}],"items_purged_floors":[5,22],"is_endless":false,"potions_floor_spawned":[3,6,11,13,14,15,19,26,27],"killed_by":"Slavers","ascension_level":15}}