{"host":"ormi09wwzv7sq47a","time":1610034651,"event":{"mods":["2.2 Compatiblity","AchievementEnabler","Act Like it!","BaseMod","Bestiary","Better Altar","Better Note","Better Sensory Stone","Better Skull","Better Third Choice","Better Vampires","BetterRewards","Block Reminder","Card Forge","Colored Map","Colored Powertips","Curses Come First","DeckTracker","Downfall","Highlight Path","Minty Spire (QoL Compilation)","Permanent Neow","Quick Restart","Rare Cards Sparkle","Relic Stats","Shop Mod","StSLib","The Jungle"],"gold_per_floor":[116,129,129,129,141,168,168,198,225,258,258,318,4,20,20,121,121,133,148,166,76,151,151,186,49,49,80,95,95,112,112,112,215,215,225,237,237,255,268,268,298,346,346,364,384,384,29,40,40,40,40,40,1,36,36],"floor_reached":56,"playtime":7080,"items_purged":["Slimebound:Strike_Slimebound","Slimebound:Strike_Slimebound","Slimebound:Defend_Slimebound"],"score":2035,"play_id":"0efddc33-f9eb-4c3e-a97b-ddf346529083","local_time":"20210107135051","is_ascension_mode":true,"campfire_choices":[{"data":"Slimebound:CorrosiveSpit","floor":7.0,"key":"SMITH"},{"data":"Slimebound:MegaLick","floor":11.0,"key":"SMITH"},{"data":"Slimebound:MegaLick","floor":15.0,"key":"SMITH"},{"data":"Slimebound:MassFeed","floor":23.0,"key":"SMITH"},{"data":"Slimebound:Chomp","floor":29.0,"key":"SMITH"},{"data":"Slimebound:Split","floor":32,"key":"SMITH"},{"data":"Slimebound:SlimeSpikes","floor":40,"key":"SMITH"},{"floor":46,"key":"RECALL"},{"data":"Sadistic Nature","floor":49,"key":"SMITH"},{"data":"Slimebound:SpikyOuterGoop","floor":52,"key":"SMITH"}],"circlet_count":0,"master_deck":["Slimebound:Tackle+1","Slimebound:Split+1","Slimebound:FinishingTackle","Slimebound:SlimeSpikes+1","Slimebound:SplitMire","Slimebound:FormOfPuddle","Slimebound:HungryTackle","Slimebound:MegaLick+1","Slimebound:Dissolve","Slimebound:Chomp+1","Slimebound:MegaLick+1","Slimebound:MassFeed+1","Slimebound:Grow+1","Slimebound:LivingWall+1","Slimebound:SelfFormingGoo+1","Slimebound:LeechingTouch","Slimebound:FormOfPuddle","Slimebound:FormOfPuddle","Slimebound:LeadByExample","Slimebound:Split+1","Slimebound:LeechLife","Slimebound:SplitMire+1","Slimebound:LeechEnergy+1","Slimebound:ProtectTheBoss","Slimebound:FlameTackle+1","Sadistic Nature+1","Slimebound:SpikyOuterGoop+1","Slimebound:LivingWall+1"],"relics":["Slimebound:AbsorbEndCombat","Hammer of Thor","Seething Fire","Anvil of the Gods","FossilizedHelix","ClockworkSouvenir","Bag of Marbles","Oddly Smooth Stone","Regal Pillow","Blood Vial","Blue Candle","Nunchaku","Membership Card","Kunai","Astrolabe","StoneCalendar","Medical Kit","hexamod:BolsterEngine","Vajra","Coffee Dripper","Bottled Lightning","Turnip","Bronze Scales","Lantern","TheAbacus","Bird Faced Urn"],"acts_visited":["Exordium","TheCity","TheBeyond","TheEnding"],"potions_floor_usage":[33,41,50,55,55],"damage_taken":[{"damage":4.0,"enemies":"Jaw Worm","floor":1.0,"turns":5.0},{"damage":0.0,"enemies":"Small Slimes","floor":2.0,"turns":3.0},{"damage":11.0,"enemies":"Cultist","floor":5.0,"turns":3.0},{"damage":14.0,"enemies":"3 Sentries","floor":6.0,"turns":5.0},{"damage":40.0,"enemies":"Lagavulin","floor":8.0,"turns":5.0},{"damage":26.0,"enemies":"3 Sentries","floor":10.0,"turns":5.0},{"damage":34.0,"enemies":"3 Sentries","floor":12.0,"turns":5.0},{"damage":17.0,"enemies":"3 Louse","floor":14.0,"turns":3.0},{"damage":49.0,"enemies":"The Guardian","floor":16.0,"turns":9.0},{"damage":10.0,"enemies":"Shell Parasite","floor":18.0,"turns":4.0},{"damage":8.0,"enemies":"Spheric Guardian","floor":19.0,"turns":4.0},{"damage":12.0,"enemies":"Shelled Parasite and Fungi","floor":20.0,"turns":8.0},{"damage":33.0,"enemies":"Slavers","floor":24.0,"turns":5.0},{"damage":41.0,"enemies":"Gremlin Leader","floor":27.0,"turns":7.0},{"damage":17.0,"enemies":"Sentry and Sphere","floor":28.0,"turns":7.0},{"damage":10.0,"enemies":"3 Cultists","floor":30.0,"turns":4.0},{"damage":47,"enemies":"Champ","floor":33,"turns":9},{"damage":18,"enemies":"3 Darklings","floor":35,"turns":5},{"damage":32,"enemies":"3 Shapes","floor":36,"turns":6},{"damage":26,"enemies":"Jaw Worm Horde","floor":38,"turns":4},{"damage":27,"enemies":"Writhing Mass","floor":39,"turns":7},{"damage":50,"enemies":"Giant Head","floor":41,"turns":7},{"damage":22,"enemies":"2 Orb Walkers","floor":42,"turns":5},{"damage":45,"enemies":"Spire Growth","floor":44,"turns":4},{"damage":34,"enemies":"Sphere and 2 Shapes","floor":45,"turns":6},{"damage":27,"enemies":"Transient","floor":48,"turns":5},{"damage":64,"enemies":"Awakened One","floor":50,"turns":10},{"damage":75,"enemies":"Shield and Spear","floor":54,"turns":7},{"damage":118,"enemies":"The Heart","floor":55,"turns":8}],"seed_played":"-1278875424032130624","potions_obtained":[{"floor":10.0,"key":"Slimebound:SlimedPotion"},{"floor":12.0,"key":"Ancient Potion"},{"floor":14.0,"key":"sneckomod:MuddlingPotion"},{"floor":24.0,"key":"sneckomod:MuddlingPotion"},{"floor":27.0,"key":"sneckomod:MuddlingPotion"},{"floor":28.0,"key":"Slimebound:SlimyTonguePotion"},{"floor":36,"key":"FairyPotion"},{"floor":39,"key":"Swift Potion"},{"floor":41,"key":"sneckomod:MuddlingPotion"},{"floor":44,"key":"AttackPotion"},{"floor":54,"key":"PowerPotion"}],"is_trial":false,"path_per_floor":["M","M","?","?","M","E","R","E","T","E","R","?","$","M","R","B",null,"M","M","M","?","?","R","E","$","T","E","M","R","M","?","R","B",null,"M","M","?","M","M","R","E","?","T","M","M","R","$","M","R","B",null,"R","$","E","B",null],"character_chosen":"SLIMEBOUND","items_purchased":["ClockworkSouvenir","Slimebound:FinishingTackle","Slimebound:SlimeSpikes","Slimebound:SpawnSlimePotion","BlessingOfTheForge","Weak Potion","Membership Card","Kunai","Medical Kit","Bronze Scales","Lantern","TheAbacus","Sadistic Nature","Slimebound:SpikyOuterGoop","Slimebound:SlimyTonguePotion"],"campfire_rested":0,"item_purchase_floors":[0,0,0,0,0,0,13,13,25,47,47,47,47,47,53],"current_hp_per_floor":[52,56,49,49,48,50,50,42,42,40,40,42,42,45,45,37,54,60,63,66,66,60,60,47,47,47,46,57,57,73,73,73,66,78,86,82,82,100,108,108,104,114,114,101,103,103,103,116,116,101,114,114,114,79,38],"gold":36,"neow_bonus":"","is_daily":false,"chose_seed":false,"campfire_upgraded":9,"win_rate":0.0,"timestamp":1610034651,"path_taken":["M","M","?","?","?","E","R","E","T","E","R","?","$","M","R","BOSS","M","M","M","?","?","R","E","$","T","E","M","R","M","?","R","BOSS","M","M","?","M","M","R","E","?","T","M","M","R","$","?","R","BOSS","R","$","E","BOSS"],"items_purchased_type":["Relic","Card","Card","Potion","Potion","Potion","Relic","Relic","Relic","Relic","Relic","Relic","Card","Card","Potion"],"build_version":"2020-12-22","purchased_purges":3,"victory":true,"max_hp_per_floor":[60,60,60,60,60,60,60,60,60,60,60,60,60,60,60,60,60,60,63,66,66,66,66,66,66,66,70,74,74,82,82,82,82,82,86,94,94,106,110,110,114,114,114,114,118,118,118,118,118,118,118,118,118,122,122],"relic_stats":{"Regal Pillow":0,"counters":[73,319],"Blue Candle":[0],"Astrolabe":["Slimebound:Grow","Slimebound:LivingWall","Slimebound:SelfFormingGoo"],"StoneCalendar":[104],"Medical Kit":[11],"Blood Vial":44,"Nunchaku":[17],"TheAbacus":[72],"Bronze Scales":[204],"Bird Faced Urn":[14],"Turnip":[7],"Kunai":[25],"obtain_stats":[{"Vajra":48,"Hammer of Thor":0,"Whetstone":23,"Old Coin":10,"Sozu":17,"Blood Vial":41,"Philosopher\u0027s Stone":34,"Prayer Wheel":36,"MealTicket":43,"Kunai":38,"Toxic Egg 2":11,"Slimebound:AggressiveSlimeRelic":38,"MerchantsRug":38,"Pear":20,"Blue Candle":10,"Astrolabe":17,"Oddly Smooth Stone":27,"Eternal Feather":6,"Letter Opener":0,"War Paint":4,"Akabeko":9,"Anvil of the Gods":0,"Bronze Scales":47,"Bird Faced Urn":54,"Molten Egg 2":26,"StrikeDummy":25,"Unceasing Top":0,"Meat on the Bone":48,"Regal Pillow":0,"Lantern":3,"StoneCalendar":24,"Incense Burner":0,"Empty Cage":17,"ClockworkSouvenir":38,"Nunchaku":12,"Matryoshka":26,"TheAbacus":47,"Gambling Chip":12,"InkBottle":11,"Golden Idol":3,"Seething Fire":0,"Odd Mushroom":14,"Medical Kit":0,"White Beast Statue":8,"Ornamental Fan":9,"Turnip":42,"Slimebound:AbsorbEndCombat":0,"Bag of Marbles":3,"Coffee Dripper":34,"Membership Card":0,"Bottled Lightning":41,"hexamod:BolsterEngine":26,"FossilizedHelix":0},{"Vajra":41,"Hammer of Thor":0,"Whetstone":30,"Old Coin":23,"Sozu":10,"Blood Vial":39,"Philosopher\u0027s Stone":35,"Prayer Wheel":37,"MealTicket":39,"Kunai":38,"Toxic Egg 2":23,"Slimebound:AggressiveSlimeRelic":38,"MerchantsRug":38,"Pear":12,"Blue Candle":50,"Astrolabe":53,"Oddly Smooth Stone":32,"Eternal Feather":4,"Letter Opener":18,"War Paint":2,"Akabeko":5,"Anvil of the Gods":0,"Bronze Scales":69,"Bird Faced Urn":72,"Molten Egg 2":15,"StrikeDummy":31,"Unceasing Top":18,"Meat on the Bone":41,"Regal Pillow":18,"Lantern":20,"StoneCalendar":57,"Incense Burner":0,"Empty Cage":26,"ClockworkSouvenir":38,"Nunchaku":51,"Matryoshka":31,"TheAbacus":41,"Gambling Chip":24,"InkBottle":6,"Golden Idol":2,"Seething Fire":0,"Odd Mushroom":9,"Medical Kit":0,"White Beast Statue":5,"Ornamental Fan":22,"Turnip":67,"Slimebound:AbsorbEndCombat":0,"Bag of Marbles":46,"Coffee Dripper":61,"Membership Card":18,"Bottled Lightning":66,"hexamod:BolsterEngine":57,"FossilizedHelix":44},{"Vajra":139,"Hammer of Thor":0,"Whetstone":105,"Old Coin":85,"Sozu":45,"Blood Vial":132,"Philosopher\u0027s Stone":121,"Prayer Wheel":127,"MealTicket":132,"Kunai":129,"Toxic Egg 2":85,"Slimebound:AggressiveSlimeRelic":129,"MerchantsRug":129,"Pear":52,"Blue Candle":181,"Astrolabe":198,"Oddly Smooth Stone":110,"Eternal Feather":13,"Letter Opener":73,"War Paint":6,"Akabeko":19,"Anvil of the Gods":0,"Bronze Scales":289,"Bird Faced Urn":311,"Molten Egg 2":59,"StrikeDummy":108,"Unceasing Top":73,"Meat on the Bone":139,"Regal Pillow":73,"Lantern":77,"StoneCalendar":219,"Incense Burner":0,"Empty Cage":95,"ClockworkSouvenir":129,"Nunchaku":186,"Matryoshka":108,"TheAbacus":139,"Gambling Chip":89,"InkBottle":25,"Golden Idol":6,"Seething Fire":0,"Odd Mushroom":35,"Medical Kit":0,"White Beast Statue":19,"Ornamental Fan":81,"Turnip":279,"Slimebound:AbsorbEndCombat":0,"Bag of Marbles":164,"Coffee Dripper":245,"Membership Card":73,"Bottled Lightning":274,"hexamod:BolsterEngine":219,"FossilizedHelix":156}]},"card_choices":[{"not_picked":["Slimebound:PressTheAttack","Slimebound:AcidTongue","Slimebound:SplitAcid"],"picked":"SKIP","floor":1.0},{"not_picked":["Slimebound:HungryTackle","Slimebound:PressTheAttack"],"picked":"Slimebound:SplitMire","floor":2.0},{"not_picked":["Slimebound:GrowthPunch","Slimebound:LeechingTouch"],"picked":"Slimebound:FormOfPuddle","floor":5.0},{"not_picked":["Slimebound:Nibble","Slimebound:PressTheAttack"],"picked":"Slimebound:HungryTackle","floor":6.0},{"not_picked":["Slimebound:SplitMire","Slimebound:GoopTackle"],"picked":"Slimebound:MegaLick","floor":8.0},{"not_picked":["Slimebound:RainOfGoop","Slimebound:SamplingLick"],"picked":"Slimebound:Dissolve","floor":10.0},{"not_picked":["Slimebound:SplitMire","Slimebound:LeechingTouch"],"picked":"Slimebound:Chomp","floor":12.0},{"not_picked":["Slimebound:SplitLeeching","Slimebound:GrowthPunch"],"picked":"Slimebound:MegaLick","floor":14.0},{"not_picked":["Slimebound:MinionMaster","Slimebound:RallyTheTroops"],"picked":"Slimebound:MassFeed","floor":16.0},{"not_picked":["Slimebound:Schlurp","Slimebound:LeechEnergy"],"picked":"Slimebound:LeechingTouch","floor":18.0},{"not_picked":["Slimebound:SlimeBrawl","Slimebound:TongueLash+1","Slimebound:SplitLeeching"],"picked":"SKIP","floor":19.0},{"not_picked":["Slimebound:DisruptingSlam","Slimebound:LeechingTouch"],"picked":"Slimebound:FormOfPuddle","floor":20.0},{"not_picked":["Slimebound:LeechEnergy","Slimebound:LeechingTouch+1","Slimebound:GrowthPunch"],"picked":"SKIP","floor":24.0},{"not_picked":["Slimebound:LevelUp+1","Slimebound:SplitAcid","Slimebound:SelfFormingGoo"],"picked":"SKIP","floor":27.0},{"not_picked":["Slimebound:PressTheAttack","Slimebound:Nibble"],"picked":"Slimebound:FormOfPuddle","floor":28.0},{"not_picked":["Slimebound:SlimeTap","Slimebound:SplitLeeching"],"picked":"Slimebound:LeadByExample","floor":30.0},{"not_picked":["Slimebound:Teamwork","Slimebound:Overexert"],"picked":"Slimebound:LeechLife","floor":33},{"not_picked":["Slimebound:PressTheAttack+1","Slimebound:RainOfGoop"],"picked":"Slimebound:SplitMire+1","floor":35},{"not_picked":["Slimebound:Schlurp+1","Slimebound:SplitBruiser+1","Slimebound:RollThrough"],"picked":"SKIP","floor":36},{"not_picked":["Slimebound:Dissolve","Slimebound:Equalize+1"],"picked":"Slimebound:LeechEnergy+1","floor":38},{"not_picked":["Slimebound:Dissolve+1","Slimebound:ComboTackle+1"],"picked":"Slimebound:ProtectTheBoss","floor":39},{"not_picked":["Slimebound:HauntingLick+1","Slimebound:ItLooksTasty"],"picked":"Slimebound:FlameTackle+1","floor":41},{"not_picked":["Slimebound:LeadByExample+1","Slimebound:SplitBruiser","Slimebound:SplitLeeching"],"picked":"SKIP","floor":44},{"not_picked":["Slimebound:SelfFormingGoo","Slimebound:Repurpose+1","Slimebound:Grow+1"],"picked":"SKIP","floor":45},{"not_picked":["Slimebound:SplitBruiser+1","Slimebound:SplitLeeching","Slimebound:LeechEnergy"],"picked":"SKIP","floor":48},{"not_picked":["Slimebound:SplitBruiser+1","Slimebound:SplitLeeching","Slimebound:LeechEnergy"],"picked":"SKIP","floor":48},{"not_picked":["Slimebound:RollThrough","Slimebound:FinishingTackle"],"picked":"Slimebound:LivingWall+1","floor":54}],"player_experience":903102,"relics_obtained":[{"floor":6.0,"key":"Oddly Smooth Stone"},{"floor":8.0,"key":"Regal Pillow"},{"floor":9.0,"key":"Blood Vial"},{"floor":10.0,"key":"Blue Candle"},{"floor":12.0,"key":"Nunchaku"},{"floor":24.0,"key":"StoneCalendar"},{"floor":26.0,"key":"hexamod:BolsterEngine"},{"floor":27.0,"key":"Vajra"},{"floor":41,"key":"Bottled Lightning"},{"floor":42,"key":"Turnip"},{"floor":54,"key":"Bird Faced Urn"}],"event_choices":[{"damage_healed":0.0,"max_hp_gain":0.0,"max_hp_loss":0.0,"gold_gain":0.0,"event_name":"Scrap Ooze","player_choice":"Success","floor":3.0,"gold_loss":0.0,"damage_taken":7.0,"relics_obtained":["Bag of Marbles"]},{"damage_healed":0.0,"max_hp_gain":0.0,"max_hp_loss":0.0,"gold_gain":0.0,"event_name":"Accursed Blacksmith","player_choice":"Forge","floor":4.0,"gold_loss":0.0,"damage_taken":0.0,"cards_upgraded":["Slimebound:Split"]},{"damage_healed":0.0,"max_hp_gain":0.0,"max_hp_loss":0.0,"gold_gain":0.0,"event_name":"Dead Adventurer","player_choice":"Searched \u00271\u0027 times","floor":12.0,"gold_loss":0.0,"damage_taken":0.0},{"cards_removed":["Slimebound:Defend_Slimebound"],"damage_healed":0.0,"max_hp_gain":0.0,"max_hp_loss":0.0,"gold_gain":0.0,"event_name":"Designer","player_choice":"Upgrade and Remove","floor":21.0,"gold_loss":90.0,"damage_taken":0.0,"cards_upgraded":["Slimebound:Tackle"]},{"damage_healed":0.0,"max_hp_gain":0.0,"max_hp_loss":0.0,"gold_gain":75.0,"event_name":"FaceTrader","player_choice":"Touch","floor":22.0,"gold_loss":0.0,"damage_taken":6.0},{"damage_healed":0,"gold_gain":0,"player_choice":"1 cards matched","damage_taken":0,"max_hp_gain":0,"max_hp_loss":0,"event_name":"Match and Keep!","floor":31,"gold_loss":0,"cards_obtained":["Slimebound:Split"]},{"cards_removed":["Slimebound:CorrosiveSpit"],"damage_healed":0,"gold_gain":0,"player_choice":"Removed Skill","damage_taken":0,"max_hp_gain":0,"max_hp_loss":0,"event_name":"Falling","floor":37,"gold_loss":0},{"damage_healed":0,"gold_gain":0,"player_choice":"Fight","damage_taken":0,"max_hp_gain":0,"max_hp_loss":0,"event_name":"Mysterious Sphere","floor":42,"gold_loss":0}],"is_beta":false,"boss_relics":[{"not_picked":["Black Star","Runic Pyramid"],"picked":"Astrolabe"},{"not_picked":["Tiny House","Fusion Hammer"],"picked":"Coffee Dripper"}],"items_purged_floors":[0,13,25],"is_endless":false,"potions_floor_spawned":[1,10,12,14,24,27,28,30,36,39,41,44,48,54],"ascension_level":9}}