{"host":"4coy96o7l3fioe37","time":1610019577,"event":{"mods":["AchievementEnabler","Act Like it!","AlwaysNeverKeys","BaseMod","Better Altar","Better Match","Better Note","Better Sensory Stone","Better Skull","Better Third Choice","Better Vampires","BetterRewards","ChefMod","Colored Map","Disable Question Mark Monsters","Downfall","Minty Spire (QoL Compilation)","Rare Cards Sparkle","StSLib","The Dragon Tamer","The Marked"],"gold_per_floor":[110,110,120,120,120,154,154,189,189,189,189,201,219,254,254,358,358,341,354,354,354,366,366,379,379,379,379,393,426,426,426,426,524,524,539,539,554,554,554,554,564,564,564,564,619,245,255,255,255,255],"floor_reached":51,"playtime":4666,"items_purged":["Strike_G"],"score":881,"play_id":"aa129231-38a8-493d-aa60-6985c887faec","local_time":"20210107113937","is_ascension_mode":false,"campfire_choices":[{"floor":7,"key":"REST"},{"data":"Acrobatics","floor":10,"key":"SMITH"},{"floor":15,"key":"REST"},{"data":"Setup","floor":23,"key":"SMITH"},{"floor":25,"key":"REST"},{"floor":27,"key":"REST"},{"floor":32,"key":"REST"},{"floor":40,"key":"REST"},{"floor":42,"key":"REST"},{"floor":44,"key":"REST"},{"floor":49,"key":"RECALL"}],"circlet_count":0,"master_deck":["Strike_G","Strike_G","Strike_G","Strike_G","Defend_G","Defend_G","Defend_G","Defend_G","Defend_G","Survivor","Neutralize","Cloak And Dagger","Flechettes+1","Deflect","Reflex","Dagger Throw","After Image","Acrobatics+1","Outmaneuver","Blade Dance","Setup+1","Cloak And Dagger+1","A Thousand Cuts+1","Flechettes+1","Blade Dance+1","Reflex+1","Accuracy+1","Burst+1","After Image","Concentrate+1","Madness+1","Madness+1","Escape Plan+1"],"relics":["Ring of the Snake","Lizard Tail","Orrery","White Beast Statue","WingedGreaves","Nunchaku","Molten Egg 2","Toxic Egg 2","Black Star","Centennial Puzzle","Paper Crane","Ancient Tea Set","NlothsMask","Fusion Hammer","Mango","Juzu Bracelet","Omamori"],"acts_visited":["Exordium","TheCity","TheBeyond"],"potions_floor_usage":[19,29,33,33,33,37,45,50,50],"damage_taken":[{"damage":0,"enemies":"Jaw Worm","floor":1,"turns":4},{"damage":0,"enemies":"Cultist","floor":3,"turns":2},{"damage":15,"enemies":"Lagavulin","floor":6,"turns":9},{"damage":14,"enemies":"Gremlin Nob","floor":8,"turns":5},{"damage":9,"enemies":"Small Slimes","floor":12,"turns":4},{"damage":0,"enemies":"Looter","floor":13,"turns":3},{"damage":17,"enemies":"3 Sentries","floor":14,"turns":7},{"damage":9,"enemies":"Slime Boss","floor":16,"turns":11},{"damage":11,"enemies":"2 Thieves","floor":18,"turns":4},{"damage":2,"enemies":"Chosen","floor":19,"turns":6},{"damage":20,"enemies":"Centurion and Healer","floor":22,"turns":7},{"damage":21,"enemies":"Chosen and Byrds","floor":24,"turns":8},{"damage":15,"enemies":"Snecko","floor":28,"turns":6},{"damage":35,"enemies":"Book of Stabbing","floor":29,"turns":6},{"damage":21,"enemies":"Collector","floor":33,"turns":10},{"damage":9,"enemies":"Orb Walker","floor":35,"turns":3},{"damage":24,"enemies":"3 Darklings","floor":37,"turns":4},{"damage":35,"enemies":"Maw","floor":41,"turns":8},{"damage":26,"enemies":"2 Orb Walkers","floor":45,"turns":6},{"damage":19,"enemies":"Writhing Mass","floor":47,"turns":7},{"damage":92,"enemies":"Time Eater","floor":50,"turns":10}],"seed_played":"-8495094178103921382","potions_obtained":[{"floor":1,"key":"GamblersBrew"},{"floor":3,"key":"SneckoOil"},{"floor":8,"key":"PowerPotion"},{"floor":12,"key":"CunningPotion"},{"floor":13,"key":"Guardian:BlockOnCardUsePotion"},{"floor":14,"key":"DuplicationPotion"},{"floor":19,"key":"Energy Potion"},{"floor":22,"key":"Block Potion"},{"floor":29,"key":"Poison Potion"},{"floor":33,"key":"BlessingOfTheForge"},{"floor":35,"key":"Regen Potion"},{"floor":37,"key":"SteroidPotion"},{"floor":41,"key":"SmokeBomb"},{"floor":45,"key":"Ancient Potion"}],"is_trial":false,"path_per_floor":["M","?","M","?","?","E","R","E","T","R","?","M","M","E","R","B",null,"M","M","$","?","M","R","M","R","T","R","M","E","?","?","R","B",null,"M","?","M","?","?","R","M","R","T","R","?","$","M","?","R","B",null],"character_chosen":"THE_SILENT","items_purchased":["Cloak And Dagger","Orrery","Juzu Bracelet","Omamori"],"campfire_rested":8,"item_purchase_floors":[0,0,46,46],"current_hp_per_floor":[56,56,56,56,56,41,62,48,48,48,48,39,39,22,43,34,70,59,57,57,57,37,37,16,37,37,58,43,8,8,8,29,8,70,61,61,46,37,37,58,23,44,44,65,53,53,34,73,73,19],"gold":255,"neow_bonus":"","is_daily":false,"chose_seed":false,"campfire_upgraded":2,"win_rate":0.0,"timestamp":1610019577,"path_taken":["M","?","?","?","?","E","R","E","T","R","?","M","M","E","R","BOSS","M","M","?","?","?","R","M","R","T","R","M","E","?","?","R","BOSS","M","?","M","?","?","R","M","R","T","R","?","$","M","?","R","BOSS"],"items_purchased_type":["Card","Relic","Relic","Relic"],"build_version":"2020-12-22","purchased_purges":1,"victory":true,"max_hp_per_floor":[70,70,70,70,70,70,70,70,70,70,70,70,70,70,70,70,70,70,70,70,70,70,70,70,70,70,70,70,70,70,70,70,70,70,70,70,70,70,70,70,70,70,70,70,84,84,84,73,73,73],"card_choices":[{"not_picked":["Blur","Outmaneuver"],"picked":"Flechettes","floor":0},{"not_picked":["Acrobatics","Eviscerate"],"picked":"Deflect","floor":0},{"not_picked":["Backstab","Bouncing Flask"],"picked":"Reflex","floor":0},{"not_picked":["Underhanded Strike","Dash"],"picked":"Dagger Throw","floor":0},{"not_picked":["Terror","Escape Plan"],"picked":"After Image","floor":0},{"not_picked":["Backflip","Deflect"],"picked":"Acrobatics","floor":1},{"not_picked":["Underhanded Strike","Noxious Fumes"],"picked":"Outmaneuver","floor":3},{"not_picked":["Dagger Spray","PiercingWail","Dagger Throw"],"picked":"SKIP","floor":6},{"not_picked":["Slice","Outmaneuver"],"picked":"Blade Dance","floor":8},{"not_picked":["Deflect","Dagger Spray+1"],"picked":"Setup","floor":12},{"not_picked":["Blade Dance","Dodge and Roll"],"picked":"Eviscerate+1","floor":13},{"not_picked":["PiercingWail+1","Quick Slash+1"],"picked":"Cloak And Dagger+1","floor":14},{"not_picked":["Venomology+1","Unload+1"],"picked":"A Thousand Cuts","floor":16},{"not_picked":["PiercingWail+1","Sucker Punch+1"],"picked":"Flechettes+1","floor":18},{"not_picked":["Acrobatics+1","Flying Knee+1"],"picked":"Blade Dance+1","floor":19},{"not_picked":["Well Laid Plans+1","Dodge and Roll+1"],"picked":"Accuracy+1","floor":22},{"not_picked":["Deadly Poison+1","Bane+1","Dodge and Roll+1"],"picked":"SKIP","floor":24},{"not_picked":["Eviscerate+1","Poisoned Stab+1","Endless Agony+1"],"picked":"SKIP","floor":28},{"not_picked":["Outmaneuver+1","Poisoned Stab+1"],"picked":"Burst+1","floor":29},{"not_picked":["Wraith Form v2","Venomology+1"],"picked":"After Image","floor":33},{"not_picked":["Acrobatics+1","Accuracy+1"],"picked":"Concentrate+1","floor":35},{"not_picked":["Underhanded Strike+1","Dagger Spray+1","Dodge and Roll+1"],"picked":"SKIP","floor":37},{"not_picked":["Sucker Punch+1","Dodge and Roll+1","Cloak And Dagger+1"],"picked":"SKIP","floor":41},{"not_picked":["Sucker Punch+1","Prepared+1"],"picked":"Escape Plan+1","floor":45},{"not_picked":["Unload+1","Slice+1","Bane+1"],"picked":"SKIP","floor":47}],"player_experience":268999,"relics_obtained":[{"floor":6,"key":"White Beast Statue"},{"floor":8,"key":"WingedGreaves"},{"floor":9,"key":"Nunchaku"},{"floor":14,"key":"Toxic Egg 2"},{"floor":26,"key":"Centennial Puzzle"},{"floor":29,"key":"Paper Crane"},{"floor":29,"key":"Ancient Tea Set"},{"floor":45,"key":"Mango"}],"event_choices":[{"damage_healed":0,"gold_gain":0,"player_choice":"Forge","damage_taken":0,"max_hp_gain":0,"max_hp_loss":0,"event_name":"Accursed Blacksmith","floor":2,"gold_loss":0,"cards_upgraded":["Flechettes"]},{"damage_healed":0,"gold_gain":1,"player_choice":"1","damage_taken":0,"max_hp_gain":0,"max_hp_loss":0,"event_name":"betterStone:BetterStone","floor":4,"gold_loss":0},{"damage_healed":0,"gold_gain":0,"player_choice":"Ignored","damage_taken":120,"max_hp_gain":0,"max_hp_loss":0,"event_name":"betterThird:BetterSerpent","floor":5,"gold_loss":0},{"damage_healed":0,"gold_gain":0,"player_choice":"Gave Potion","damage_taken":0,"relics_obtained":["Molten Egg 2"],"max_hp_gain":0,"max_hp_loss":0,"event_name":"WeMeetAgain","floor":11,"gold_loss":0},{"damage_healed":0,"gold_gain":0,"player_choice":"Copied","damage_taken":0,"max_hp_gain":0,"max_hp_loss":0,"event_name":"Duplicator","floor":21,"gold_loss":0,"cards_obtained":["Reflex"]},{"damage_healed":0,"gold_gain":0,"player_choice":"Trade","damage_taken":0,"relics_obtained":["NlothsMask"],"max_hp_gain":0,"max_hp_loss":0,"event_name":"FaceTrader","floor":30,"gold_loss":0},{"damage_healed":0,"gold_gain":0,"player_choice":"Upgraded","damage_taken":0,"max_hp_gain":0,"max_hp_loss":0,"event_name":"Upgrade Shrine","floor":31,"gold_loss":0,"cards_upgraded":["A Thousand Cuts"]},{"cards_removed":["Eviscerate"],"damage_healed":0,"gold_gain":0,"player_choice":"Removed Attack","damage_taken":0,"max_hp_gain":0,"max_hp_loss":0,"event_name":"Falling","floor":36,"gold_loss":0},{"damage_healed":0,"gold_gain":0,"player_choice":"Embrace Madness","damage_taken":9,"max_hp_gain":0,"max_hp_loss":0,"event_name":"Winding Halls","floor":38,"gold_loss":0,"cards_obtained":["Madness","Madness"]},{"damage_healed":0,"gold_gain":0,"player_choice":"Ignored","damage_taken":0,"max_hp_gain":0,"max_hp_loss":0,"event_name":"Tomb of Lord Red Mask","floor":39,"gold_loss":0},{"damage_healed":0,"gold_gain":0,"player_choice":"Fight","damage_taken":0,"max_hp_gain":0,"max_hp_loss":0,"event_name":"Mysterious Sphere","floor":45,"gold_loss":0},{"damage_healed":73,"gold_gain":0,"player_choice":"Heal","damage_taken":0,"max_hp_gain":0,"max_hp_loss":11,"event_name":"The Moai Head","floor":48,"gold_loss":0}],"is_beta":false,"boss_relics":[{"not_picked":["Runic Dome","Busted Crown"],"picked":"Black Star"},{"not_picked":["Coffee Dripper","Cursed Key"],"picked":"Fusion Hammer"}],"items_purged_floors":[46],"is_endless":false,"potions_floor_spawned":[1,3,8,12,13,14,16,18,19,22,24,28,29,33,35,37,41,45,47],"ascension_level":0}}