{"host":"qhn6g0owdgjb77rz","time":1610020791,"event":{"mods":["BaseMod","BetterRewards","Colored Map","Minty Spire (QoL Compilation)","Relic Sorter","Replay The Spire","StSLib"],"gold_per_floor":[114,114,130,80,105,105,143,159,212,212,248,248,297,325,325,435,435,481,481,517,563,607,607,679,679,679,364,433,517,555,445,445,594,594,666,666,666,355,403,403,403,489,489,562,562,562,656,656,749,789,789,827],"floor_reached":53,"playtime":2925,"items_purged":["Strike_G"],"score":2369,"play_id":"c47707ab-d098-45fb-bcb8-d6d028e3bfd4","local_time":"20210107205951","is_ascension_mode":true,"campfire_choices":[{"data":"Calculated Gamble","floor":6,"key":"SMITH"},{"data":"Neutralize","floor":10,"key":"SMITH"},{"data":"Leg Sweep","floor":15,"key":"SMITH"},{"data":"Phantasmal Killer","floor":23,"key":"SMITH"},{"data":"Prepared","floor":25,"key":"SMITH"},{"data":"Venomology","floor":32,"key":"SMITH"},{"data":"Terror","floor":43,"key":"SMITH"},{"data":"Neutralize","floor":48,"key":"SMITH"},{"data":"Venomology","floor":51,"key":"SMITH"}],"circlet_count":0,"master_deck":["AscendersBane","Strike_G","Defend_G","Defend_G","Defend_G+1","Defend_G","Survivor+1","Neutralize+1","ReplayTheSpireMod:Brewmster+1","ReplayTheSpireMod:Scrap Shanks+1","ReplayTheSpireMod:Scrap Shanks+1","Calculated Gamble+1","Caltrops+1","Caltrops+1","Replay:Bag of Tricks","Venomology+1","Leg Sweep+1","Phantasmal Killer+1","Neutralize+1","Escape Plan","Prepared+1","Deflect","Venomology+1","Voices","Accuracy+1","Terror+1","Cloak And Dagger+1","Cloak And Dagger+1","Reflex","Calculated Gamble+1","Cloak And Dagger+1","Cloak And Dagger+1","Prepared+1","Infinite Blades+1"],"relics":["Ring of the Snake","Frozen Egg 2","Divine Protection","DollysMirror","Chameleon Ring","Toolbox","Golden Idol","Ninja Scroll","Boot","Replay:Bandana","Replay:Drink Me","Ginger","Kunai","Membership Card","ReplayTheSpireMod:Ninjato","Juzu Bracelet","Ornamental Fan","Philosopher\u0027s Stone","Ring of Fangs","Ring of Misfortune","Blood Vial","Pen Nib","Orrery","Molten Egg 2","Art of War","Replay:Rubber Ducky","ReplayFunnel","Ice Cream","Replay:Wax Seal"],"acts_visited":["Exordium","TheCity","TheBeyond"],"potions_floor_usage":[3,7,7,13,14,14,16,16,18,18,20,21,24,24,28,29,30,30,33,33,33,35,35,39,42,42,44,47,47,49,50,50,52,52,52,52],"damage_taken":[{"damage":0,"enemies":"Cultist","floor":1,"turns":4},{"damage":0,"enemies":"2 Louse","floor":3,"turns":3},{"damage":0,"enemies":"Jaw Worm","floor":5,"turns":1},{"damage":0,"enemies":"Gremlin Nob","floor":7,"turns":1},{"damage":8,"enemies":"Lots of Slimes","floor":8,"turns":2},{"damage":7,"enemies":"3 Sentries","floor":11,"turns":5},{"damage":0,"enemies":"Gremlin Gang","floor":13,"turns":2},{"damage":0,"enemies":"Red Slaver","floor":14,"turns":3},{"damage":0,"enemies":"Hexaghost","floor":16,"turns":8},{"damage":3,"enemies":"2 Thieves","floor":18,"turns":3},{"damage":0,"enemies":"Spheric Guardian","floor":20,"turns":1},{"damage":0,"enemies":"Snake Plant","floor":21,"turns":3},{"damage":0,"enemies":"Shelled Parasite and Fungi","floor":22,"turns":4},{"damage":10,"enemies":"Replay:Snechameleon","floor":24,"turns":3},{"damage":0,"enemies":"3 Cultists","floor":28,"turns":3},{"damage":0,"enemies":"Gremlin Leader","floor":29,"turns":2},{"damage":0,"enemies":"Chosen and Byrds","floor":30,"turns":4},{"damage":0,"enemies":"Champ","floor":33,"turns":3},{"damage":0,"enemies":"3 Darklings","floor":35,"turns":3},{"damage":0,"enemies":"3 Shapes","floor":39,"turns":3},{"damage":0,"enemies":"Giant Head","floor":42,"turns":3},{"damage":0,"enemies":"Nemesis","floor":44,"turns":2},{"damage":0,"enemies":"2 Orb Walkers","floor":47,"turns":2},{"damage":0,"enemies":"R_Hoarder","floor":49,"turns":3},{"damage":15,"enemies":"Writhing Mass","floor":50,"turns":3},{"damage":0,"enemies":"Time Eater","floor":52,"turns":5}],"seed_played":"404518236058623059","potions_obtained":[{"floor":8,"key":"Swift Potion"},{"floor":13,"key":"PowerPotion"},{"floor":28,"key":"Strength Potion"},{"floor":49,"key":"Venom Potion"}],"is_trial":false,"path_per_floor":["M","?","M","?","M","R","E","M","T","R","E","?","M","M","R","B",null,"M","?","M","M","M","R","E","R","T","$","M","E","M","?","R","B",null,"M","?","?","$","M","PTL","PTL","E","R","E","T","T","?","R","E","M","R","B",null],"character_chosen":"THE_SILENT","items_purchased":["Frozen Egg 2","ReplayTheSpireMod:Brewmster+1","ReplayTheSpireMod:Scrap Shanks+1","Divine Protection","DollysMirror","Calculated Gamble","Chameleon Ring","Toolbox","Caltrops+1","Membership Card","ReplayTheSpireMod:Ninjato","Accuracy+1","Terror","Blood Vial","Pen Nib","Orrery"],"campfire_rested":0,"item_purchase_floors":[0,0,0,0,0,0,0,0,0,27,27,38,38,38,38,38],"current_hp_per_floor":[59,43,43,43,43,43,43,35,35,35,28,15,15,15,15,15,41,38,38,38,38,38,38,28,28,28,28,28,28,46,46,46,46,49,49,49,49,49,50,50,50,50,50,50,50,50,50,50,50,46,46,48],"gold":827,"neow_bonus":"","is_daily":false,"chose_seed":false,"campfire_upgraded":9,"win_rate":0.0,"timestamp":1610020791,"path_taken":["M","?","M","?","M","R","E","M","T","R","E","?","M","M","R","BOSS","M","?","?","M","?","R","E","R","T","?","M","E","M","?","R","BOSS","M","?","?","$","M","PTL","PTL","E","R","E","T","?","?","R","E","M","R","BOSS"],"items_purchased_type":["Relic","Card","Card","Relic","Relic","Card","Relic","Relic","Card","Relic","Relic","Card","Card","Relic","Relic","Relic"],"build_version":"2020-12-22","purchased_purges":1,"victory":true,"max_hp_per_floor":[66,66,66,66,66,66,66,66,66,66,66,66,66,66,66,66,50,50,50,50,50,50,50,50,50,50,50,50,50,50,50,50,50,50,50,50,50,50,50,50,50,50,50,50,50,50,50,50,50,50,50,50],"card_choices":[{"not_picked":["Endless Agony","Poisoned Stab","Dodge and Roll"],"picked":"SKIP","floor":1},{"not_picked":["Skewer","Bane"],"picked":"Caltrops+1","floor":3},{"not_picked":["Dodge and Roll","ReplayTheSpireMod:Tripwire","Poisoned Stab"],"picked":"SKIP","floor":5},{"not_picked":["Noxious Fumes+1","Fluid Movement+1"],"picked":"Replay:Bag of Tricks","floor":7},{"not_picked":["PiercingWail","Sucker Punch","Blade Dance"],"picked":"SKIP","floor":8},{"not_picked":["Riddle With Holes","Sneak Up"],"picked":"Venomology","floor":11},{"not_picked":["Outmaneuver","ReplayTheSpireMod:Exploit Weakness","Hidden Blade"],"picked":"SKIP","floor":13},{"not_picked":["Cloak And Dagger","Poisoned Stab"],"picked":"Leg Sweep","floor":14},{"not_picked":["Corpse Explosion","A Thousand Cuts+1"],"picked":"Phantasmal Killer","floor":16},{"not_picked":["ReplayTheSpireMod:The Works","Dash+1","Flying Knee"],"picked":"SKIP","floor":18},{"not_picked":["ReplayTheSpireMod:The Works","Dash+1","Flying Knee"],"picked":"SKIP","floor":18},{"not_picked":["Deadly Poison","Sucker Punch+1","Quick Slash+1"],"picked":"SKIP","floor":20},{"not_picked":["Dagger Spray","Sucker Punch"],"picked":"Escape Plan","floor":21},{"not_picked":["Flying Knee","Catalyst"],"picked":"Prepared","floor":22},{"not_picked":["Bouncing Flask","Predator","ReplayTheSpireMod:Exploit Weakness"],"picked":"SKIP","floor":24},{"not_picked":["Phantasmal Killer","Sucker Punch","Acrobatics"],"picked":"SKIP","floor":28},{"not_picked":["Predator","Hidden Blade","Replay:Poison Smokescreen"],"picked":"SKIP","floor":29},{"not_picked":["Acrobatics","Phantasmal Killer"],"picked":"Deflect","floor":30},{"not_picked":["ReplayTheSpireMod:Necrosis","Night Terror"],"picked":"Venomology","floor":33},{"not_picked":["Dodge and Roll","PiercingWail","All Out Attack"],"picked":"SKIP","floor":35},{"not_picked":["Envenom+1","Footwork+1"],"picked":"Cloak And Dagger+1","floor":38},{"not_picked":["Terror","Masterful Stab+1"],"picked":"Cloak And Dagger+1","floor":38},{"not_picked":["Dodge and Roll+1","Deadly Poison"],"picked":"Reflex","floor":38},{"not_picked":["Toxin Wave+1","Underhanded Strike"],"picked":"Calculated Gamble+1","floor":38},{"not_picked":["Dagger Spray+1","Dodge and Roll+1"],"picked":"Cloak And Dagger+1","floor":39},{"not_picked":["Sucker Punch+1","Deadly Poison"],"picked":"Cloak And Dagger+1","floor":42},{"not_picked":["Draining Mist+1","Backflip","Toxin Wave"],"picked":"SKIP","floor":44},{"not_picked":["PiercingWail","Deflect"],"picked":"Prepared+1","floor":49},{"not_picked":["Bouncing Flask","ReplayTheSpireMod:Exploit Weakness"],"picked":"Infinite Blades+1","floor":50}],"player_experience":418106,"relics_obtained":[{"floor":7,"key":"Ninja Scroll"},{"floor":9,"key":"Boot"},{"floor":11,"key":"Replay:Bandana"},{"floor":24,"key":"Ginger"},{"floor":26,"key":"Kunai"},{"floor":29,"key":"Juzu Bracelet"},{"floor":36,"key":"Ring of Fangs"},{"floor":36,"key":"Ring of Misfortune"},{"floor":42,"key":"Molten Egg 2"},{"floor":44,"key":"Art of War"},{"floor":45,"key":"Replay:Rubber Ducky"},{"floor":46,"key":"ReplayFunnel"},{"floor":47,"key":"Ice Cream"},{"floor":49,"key":"Replay:Wax Seal"}],"event_choices":[{"damage_healed":0,"gold_gain":0,"player_choice":"Take Damage","damage_taken":16,"relics_obtained":["Golden Idol"],"max_hp_gain":0,"max_hp_loss":0,"event_name":"Golden Idol","floor":2,"gold_loss":0},{"cards_removed":["Strike_G"],"damage_healed":0,"gold_gain":0,"player_choice":"Card Removal","damage_taken":0,"max_hp_gain":0,"max_hp_loss":0,"event_name":"The Cleric","floor":4,"gold_loss":50},{"damage_healed":0,"gold_gain":0,"player_choice":"Entered Light","damage_taken":13,"max_hp_gain":0,"max_hp_loss":0,"event_name":"Shining Light","floor":12,"gold_loss":0,"cards_upgraded":["Defend_G","Survivor"]},{"damage_healed":0,"gold_gain":0,"player_choice":"1 cards matched","damage_taken":0,"max_hp_gain":0,"max_hp_loss":0,"event_name":"Match and Keep!","floor":19,"gold_loss":0,"cards_obtained":["Neutralize"]},{"damage_healed":0,"gold_gain":0,"player_choice":"Paid Gold","damage_taken":0,"relics_obtained":["Ornamental Fan"],"max_hp_gain":0,"max_hp_loss":0,"event_name":"WeMeetAgain","floor":31,"gold_loss":110},{"damage_healed":0,"gold_gain":0,"player_choice":"Ignored","damage_taken":0,"max_hp_gain":0,"max_hp_loss":0,"event_name":"Tomb of Lord Red Mask","floor":37,"gold_loss":0},{"damage_healed":0,"gold_gain":0,"player_choice":"Fight","damage_taken":0,"max_hp_gain":0,"max_hp_loss":0,"event_name":"Mysterious Sphere","floor":47,"gold_loss":0}],"is_beta":false,"boss_relics":[{"not_picked":["Black Star","Replay:Wanted Poster"],"picked":"Replay:Drink Me"},{"not_picked":["Honey Jar","Kintsugi"],"picked":"Philosopher\u0027s Stone"}],"items_purged_floors":[27],"is_endless":false,"potions_floor_spawned":[3,5,8,13,18,28,33,39,47,49],"ascension_level":14}}