{"host":"jafdctp322id99nv","time":1610042878,"event":{"mods":["AchievementEnabler","BaseMod","Better Match","Better Note","Better Sensory Stone","Better Skull","Better Third Choice","Downfall","Minty Spire (QoL Compilation)","Robot Space Explorer","Shade Mod","Spicy Shops","StSLib","The Cursed","The Dragon Tamer","The Marked"],"gold_per_floor":[112,112,112,126,141,170,233,194,194,194,194],"floor_reached":10,"playtime":738,"items_purged":[],"score":66,"play_id":"817ef099-4294-48e1-b70b-af4e121a883a","local_time":"20210107190758","is_ascension_mode":false,"campfire_choices":[],"circlet_count":0,"master_deck":["Strike_R","Strike_R","Strike_R","Strike_R","Strike_R","Defend_R","Defend_R","Defend_R","Defend_R","Bash","Bludgeon","Headbutt","Carnage","True Grit","Brutality","Headbutt"],"relics":["Burning Blood","Gambling Chip","Dream Catcher","betterThird:SlimedRelic","InkBottle"],"acts_visited":["Exordium"],"potions_floor_usage":[7],"damage_taken":[{"damage":2,"enemies":"2 Louse","floor":1,"turns":3},{"damage":2,"enemies":"Small Slimes","floor":4,"turns":4},{"damage":1,"enemies":"Cultist","floor":5,"turns":3},{"damage":41,"enemies":"3 Sentries","floor":6,"turns":10},{"damage":32,"enemies":"Lagavulin Event","floor":7,"turns":6},{"damage":32,"enemies":"Lagavulin","floor":10,"turns":5}],"seed_played":"3090625231922213580","potions_obtained":[{"floor":4,"key":"BloodPotion"},{"floor":6,"key":"Energy Potion"}],"is_trial":false,"path_per_floor":["M","?","?","M","M","E","?","?","T","E"],"character_chosen":"IRONCLAD","items_purchased":[],"campfire_rested":0,"item_purchase_floors":[],"current_hp_per_floor":[72,77,77,77,77,42,31,20,20,0,0],"gold":194,"neow_bonus":"THREE_RARE_CARDS","is_daily":false,"chose_seed":false,"campfire_upgraded":0,"win_rate":0.0,"timestamp":1610042878,"path_taken":["M","?","?","M","M","E","?","?","T","E"],"items_purchased_type":[],"build_version":"2020-12-22","purchased_purges":0,"victory":false,"max_hp_per_floor":[72,77,77,77,77,77,77,77,77,77,77],"card_choices":[{"not_picked":["Brutality","Corruption"],"picked":"Bludgeon","floor":0},{"not_picked":["Flex","Armaments"],"picked":"Headbutt","floor":1},{"not_picked":["Dual Wield","Combust"],"picked":"Carnage","floor":4},{"not_picked":["Rupture","Power Through"],"picked":"True Grit","floor":5},{"not_picked":["Sever Soul","Entrench"],"picked":"Brutality","floor":6},{"not_picked":["Flex","Wild Strike"],"picked":"Headbutt","floor":7}],"player_experience":65892,"relics_obtained":[{"floor":6,"key":"Gambling Chip"},{"floor":7,"key":"Dream Catcher"},{"floor":9,"key":"InkBottle"}],"event_choices":[{"damage_healed":0,"gold_gain":0,"player_choice":"Donut","damage_taken":0,"max_hp_gain":5,"max_hp_loss":0,"event_name":"Big Fish","floor":2,"gold_loss":0},{"damage_healed":0,"gold_gain":0,"player_choice":"Leave","damage_taken":0,"max_hp_gain":0,"max_hp_loss":0,"event_name":"The Cleric","floor":3,"gold_loss":0},{"damage_healed":0,"gold_gain":0,"player_choice":"Searched \u00272\u0027 times","damage_taken":0,"max_hp_gain":0,"max_hp_loss":0,"event_name":"Dead Adventurer","floor":7,"gold_loss":0},{"damage_healed":0,"gold_gain":0,"player_choice":"Slimed","damage_taken":11,"max_hp_gain":0,"max_hp_loss":0,"event_name":"betterThird:BetterGoop","floor":8,"gold_loss":39}],"is_beta":false,"boss_relics":[],"items_purged_floors":[],"is_endless":false,"potions_floor_spawned":[4,6],"killed_by":"Lagavulin","ascension_level":0}}