{"host":"y4sghvfd0ewtcchd","time":1610053367,"event":{"mods":["Aspiration","BaseMod","Better Debug","Better Note","Better Third Choice","BetterRewards","Block Reminder","Colored Map","Colored Powertips","Downfall","Highlight Path","Hubris","Infinite Spire","Minty Spire (QoL Compilation)","Relic Sorter","Relic Stats","Replay The Spire","Shop Mod","StSLib","The Jungle","The Saiyan"],"gold_per_floor":[115,115,190,210,210,210,236,248,297,308,308,328,328,353,353,454,454,468,468,481,501,501,501,501,501],"floor_reached":24,"playtime":1488,"items_purged":["Defend_R"],"score":266,"play_id":"614beda9-7871-48ec-a598-fbf6cfd643bb","local_time":"20210108000247","is_ascension_mode":true,"campfire_choices":[{"data":"Replay:SS_hec_2","floor":6,"key":"SMITH"},{"data":"hubris:ReadiedAction","floor":11,"key":"SMITH"},{"data":"Warcry","floor":13,"key":"SMITH"},{"data":"Uppercut","floor":15,"key":"SMITH"},{"data":"Barricade","floor":23,"key":"SMITH"}],"circlet_count":0,"master_deck":["Strike_R","Strike_R+1","Strike_R","Strike_R","Strike_R+1","Defend_R","Defend_R","Defend_R","Bash","Shrug It Off","True Grit","True Grit","Whirlwind","Dropkick","Replay:SS_hec_2+1","hubris:ReadiedAction+1","Shrug It Off","Double Tap","Iron Wave","Thunderclap","Infernal Blade","Cleave","Warcry+1","Uppercut+1","Barricade+1","Sword Boomerang+1","ReplayTheSpireMod:Chaos Vortex","infinitespire:SevenWalls","Havoc+1"],"relics":["Burning Blood","Happy Flower","aspiration:Lifesprig","Lee\u0027s Waffle","Blue Candle","Tiny Chest","Replay:Bronze Core","Juzu Bracelet"],"acts_visited":["Exordium","TheCity"],"potions_floor_usage":[0,16],"damage_taken":[{"damage":0,"enemies":"Small Slimes","floor":1,"turns":3},{"damage":1,"enemies":"2 Louse","floor":4,"turns":3},{"damage":0,"enemies":"3 Sentries","floor":7,"turns":15},{"damage":0,"enemies":"Cultist","floor":8,"turns":6},{"damage":0,"enemies":"Exordium Wildlife","floor":10,"turns":2},{"damage":7,"enemies":"3 Louse","floor":12,"turns":3},{"damage":22,"enemies":"Lagavulin","floor":14,"turns":8},{"damage":17,"enemies":"Hexaghost","floor":16,"turns":10},{"damage":28,"enemies":"3 Byrds","floor":18,"turns":5},{"damage":0,"enemies":"Chosen","floor":20,"turns":5},{"damage":18,"enemies":"Centurion and Healer","floor":21,"turns":6},{"damage":71,"enemies":"Book of Stabbing","floor":24,"turns":7}],"seed_played":"5434424401865117397","potions_obtained":[{"floor":4,"key":"DuplicationPotion"},{"floor":7,"key":"Swift Potion"},{"floor":10,"key":"EssenceOfSteel"}],"is_trial":false,"path_per_floor":["M","?","?","M","?","R","E","M","T","M","R","M","R","E","R","B",null,"M","AVR","M","M","?","R","E"],"character_chosen":"IRONCLAD","items_purchased":["Happy Flower","aspiration:Lifesprig","Shrug It Off","True Grit","Whirlwind","Lee\u0027s Waffle","Fruit Juice","Dropkick","Replay:SS_hec_2"],"campfire_rested":0,"item_purchase_floors":[0,0,0,0,0,0,0,0,0],"current_hp_per_floor":[92,74,63,68,68,68,74,80,80,86,86,85,85,69,69,58,92,70,70,76,64,64,64,0,0],"gold":501,"neow_bonus":"","is_daily":false,"chose_seed":false,"campfire_upgraded":5,"win_rate":0.0,"timestamp":1610053367,"path_taken":["M","?","?","M","?","R","E","M","T","M","R","?","R","E","R","BOSS","M","AVR","M","M","?","R","E"],"items_purchased_type":["Relic","Relic","Card","Card","Card","Relic","Potion","Card","Card"],"build_version":"2020-12-22","purchased_purges":1,"victory":false,"max_hp_per_floor":[92,92,92,92,92,92,92,92,92,92,92,92,92,92,92,92,92,92,92,92,92,92,92,92,92],"relic_stats":{"Lee\u0027s Waffle":43,"Happy Flower":[24],"counters":[51,248],"Blue Candle":[0],"Tiny Chest":0,"Juzu Bracelet":0,"obtain_stats":[{"Darkstone Periapt":13,"Regal Pillow":6,"aspiration:Lifesprig":0,"Tiny House":17,"Vajra":0,"infinitespire:Cubic Diamond":2,"Bag of Preparation":9,"Juzu Bracelet":19,"Replay:Bandana":7,"Mummified Hand":0,"Replay:Bronze Core":17,"hubris:DeckOfHolding":10,"Tiny Chest":14,"Cracked Core":0,"Lee\u0027s Waffle":0,"NeowsBlessing":0,"Happy Flower":0,"Blue Candle":7,"Strange Spoon":0,"infinitespire:WardingShard":9,"infinitespire:Satchel":4,"Coffee Dripper":17,"infinitespire:PuzzleCube":0,"Abe\u0027s Treasure":17,"m_BurningSludge":2},{"Darkstone Periapt":8,"Regal Pillow":3,"aspiration:Lifesprig":39,"Tiny House":10,"Vajra":39,"infinitespire:Cubic Diamond":19,"Bag of Preparation":5,"Juzu Bracelet":48,"Replay:Bandana":29,"Mummified Hand":26,"Replay:Bronze Core":47,"hubris:DeckOfHolding":21,"Tiny Chest":46,"Cracked Core":0,"Lee\u0027s Waffle":39,"NeowsBlessing":0,"Happy Flower":39,"Blue Candle":42,"Strange Spoon":39,"infinitespire:WardingShard":14,"infinitespire:Satchel":2,"Coffee Dripper":24,"infinitespire:PuzzleCube":12,"Abe\u0027s Treasure":33,"m_BurningSludge":19},{"Darkstone Periapt":22,"Regal Pillow":3,"aspiration:Lifesprig":175,"Tiny House":30,"Vajra":175,"infinitespire:Cubic Diamond":63,"Bag of Preparation":11,"Juzu Bracelet":230,"Replay:Bandana":131,"Mummified Hand":119,"Replay:Bronze Core":225,"hubris:DeckOfHolding":83,"Tiny Chest":215,"Cracked Core":0,"Lee\u0027s Waffle":175,"NeowsBlessing":0,"Happy Flower":175,"Blue Candle":196,"Strange Spoon":175,"infinitespire:WardingShard":45,"infinitespire:Satchel":2,"Coffee Dripper":106,"infinitespire:PuzzleCube":39,"Abe\u0027s Treasure":146,"m_BurningSludge":63}],"Burning Blood":60},"card_choices":[{"not_picked":["hubris:CleavingFinish","Iron Wave"],"picked":"hubris:ReadiedAction","floor":1},{"not_picked":["Havoc","hubris:ReadiedAction"],"picked":"Shrug It Off","floor":4},{"not_picked":["Power Through","Disarm"],"picked":"Thunderclap","floor":7},{"not_picked":["ReplayTheSpireMod:LeadingStrike","Eclipse"],"picked":"Infernal Blade","floor":8},{"not_picked":["Twin Strike","Iron Wave"],"picked":"Cleave","floor":10},{"not_picked":["Flex","Hemokinesis"],"picked":"Warcry","floor":12},{"not_picked":["Shrug It Off","Wild Strike"],"picked":"Uppercut","floor":14},{"not_picked":["Juggernaut","Replay:Many Hands"],"picked":"Barricade","floor":16},{"not_picked":["Anger","Twin Strike+1"],"picked":"Sword Boomerang+1","floor":18},{"not_picked":["Clothesline","Sword Boomerang"],"picked":"Havoc+1","floor":20},{"not_picked":["Heavy Blade","Warcry","Havoc+1"],"picked":"SKIP","floor":21}],"player_experience":493255,"relics_obtained":[{"floor":7,"key":"Blue Candle"},{"floor":14,"key":"Tiny Chest"}],"event_choices":[{"damage_healed":92,"gold_gain":0,"player_choice":"Upgrade","damage_taken":18,"max_hp_gain":0,"max_hp_loss":92,"event_name":"betterThird:BetterShining","floor":2,"gold_loss":0,"cards_upgraded":["Strike_R","Strike_R"]},{"damage_healed":0,"gold_gain":75,"player_choice":"Gold","damage_taken":11,"max_hp_gain":0,"max_hp_loss":0,"event_name":"betterThird:BetterGoop","floor":3,"gold_loss":0},{"damage_healed":0,"gold_gain":0,"player_choice":"2 cards matched","damage_taken":0,"max_hp_gain":0,"max_hp_loss":0,"event_name":"Match and Keep!","floor":5,"gold_loss":0,"cards_obtained":["Double Tap","Iron Wave"]}],"is_beta":false,"boss_relics":[{"not_picked":["SacredBark","Replay:Ancient Bell"],"picked":"Replay:Bronze Core"}],"items_purged_floors":[19],"is_endless":false,"potions_floor_spawned":[4,7,10],"killed_by":"Book of Stabbing","ascension_level":3}}