{"host":"uceopoba4zvqsgiy","time":1610050295,"event":{"mods":["Act Like it!","BaseMod","Better Skull","Better Third Choice","Elementarium","Evolution","GifTheSpireLib","Hermit","Humility","Infinite Spire","Jorbs\u0027s Wanderer Trilogy","Marked Mod","Minty Spire (QoL Compilation)","Potionbrewer","Replay The Spire","Robot Space Explorer","Shade Mod","Spicy Shops","StSLib","Stuff the Spire","The Blue Laboratory","The Caster","The Cursed","The Dragon Tamer","The Hierophant","The Judge","The Jungle","Wandering Minibosses"],"gold_per_floor":[112,132,63,77,77,112,112,102,102],"floor_reached":8,"playtime":3575,"items_purged":[],"score":81,"play_id":"bfe832b9-d960-4989-8236-a78a82a6d3bc","local_time":"20210108064135","is_ascension_mode":true,"campfire_choices":[{"floor":7,"key":"REST"}],"circlet_count":0,"master_deck":["Strike_B","Strike_B","Strike_B","Strike_B","Defend_B","Defend_B","Defend_B","Defend_B","Zap","Dualcast","Capacitor","Consume","Storm","WordoMod:FoggyMind","StuffTheSpire:Coldhearted"],"relics":["Cracked Core","EVO:Axolotl","NeowsBlessing","ReplayTheSpireMod:CursedCoin","Replay:Rubber Ducky","StuffTheSpire:OldFever"],"acts_visited":["Exordium"],"potions_floor_usage":[8],"damage_taken":[{"damage":0,"enemies":"Jaw Worm","floor":1,"turns":1},{"damage":0,"enemies":"2 Louse","floor":2,"turns":1},{"damage":0,"enemies":"Cultist","floor":4,"turns":1},{"damage":47,"enemies":"3 Sentries","floor":6,"turns":11},{"damage":57,"enemies":"Gremlin Nob","floor":8,"turns":3}],"seed_played":"-1631694516693123834","potions_obtained":[{"floor":1,"key":"SmokeBomb"},{"floor":4,"key":"blueLaboratory:AbyssPotion"},{"floor":6,"key":"blueLaboratory:FruitPunch"}],"is_trial":false,"path_per_floor":["M","M","$","M","$","E","R","E"],"character_chosen":"DEFECT","items_purchased":["Storm","ReplayTheSpireMod:CursedCoin","Replay:Rubber Ducky"],"campfire_rested":1,"item_purchase_floors":[3,3,3],"current_hp_per_floor":[68,68,68,68,68,21,43,0,0],"gold":102,"neow_bonus":"THREE_ENEMY_KILL","is_daily":false,"chose_seed":false,"campfire_upgraded":0,"win_rate":0.0,"timestamp":1610050295,"path_taken":["M","M","$","M","$","E","R","E"],"items_purchased_type":["Card","Relic","Relic"],"build_version":"2020-12-22","purchased_purges":0,"victory":false,"max_hp_per_floor":[75,75,75,75,75,75,75,77,77],"card_choices":[{"not_picked":["BasicCrystalCard","Melter"],"picked":"Capacitor","floor":1},{"not_picked":["Barrage","Hello World"],"picked":"Consume","floor":2},{"not_picked":["Beam Cell","Redo"],"picked":"StuffTheSpire:Coldhearted","floor":4},{"not_picked":["Sweeping Beam","Aggregate","Redo"],"picked":"SKIP","floor":6}],"player_experience":1594489,"relics_obtained":[{"floor":6,"key":"StuffTheSpire:OldFever"}],"event_choices":[],"is_beta":false,"boss_relics":[],"items_purged_floors":[],"is_endless":false,"potions_floor_spawned":[1,4,6],"killed_by":"Gremlin Nob","ascension_level":9}}