{"host":"hve1dyh1ly81yl9f","time":1610043722,"event":{"mods":["BaseMod","Colored Map","DeckTracker","Highlight Path","Keyboard Shortcuts","Minty Spire (QoL Compilation)","Permanent Neow","Quick Restart","StSLib","SuperFastMode"],"gold_per_floor":[359,62,12,22,22,22,50,66,136,136,136,136,148,164,164,164,164],"floor_reached":16,"playtime":406,"items_purged":["Injury"],"score":125,"play_id":"4c9cb780-76b2-4570-bc67-0e7656fbf3d3","local_time":"20210108032202","is_ascension_mode":true,"campfire_choices":[{"data":"Whirlwind","floor":6,"key":"SMITH"},{"data":"Spot Weakness","floor":10,"key":"SMITH"},{"data":"Flex","floor":15,"key":"SMITH"}],"circlet_count":0,"master_deck":["Strike_R","Strike_R","Strike_R","Strike_R","Strike_R","Defend_R","Defend_R","Defend_R","Bash","Whirlwind+1","Spot Weakness+1","Flex+1"],"relics":["Burning Blood","Strawberry","Oddly Smooth Stone","Darkstone Periapt","Blue Candle"],"acts_visited":["Exordium"],"potions_floor_usage":[16],"damage_taken":[{"damage":12.0,"enemies":"Jaw Worm","floor":1.0,"turns":2.0},{"damage":10,"enemies":"Small Slimes","floor":4,"turns":2},{"damage":40,"enemies":"Lagavulin","floor":7,"turns":5},{"damage":6,"enemies":"Cultist","floor":8,"turns":3},{"damage":0,"enemies":"Exordium Wildlife","floor":13,"turns":1},{"damage":14,"enemies":"Red Slaver","floor":14,"turns":2},{"damage":44,"enemies":"The Guardian","floor":16,"turns":10}],"seed_played":"1697195200343015138","potions_obtained":[{"floor":1.0,"key":"Explosive Potion"},{"floor":14,"key":"SmokeBomb"}],"is_trial":false,"path_per_floor":["M","$","?","M","$","R","E","M","T","R","?","T","M","M","R","B"],"character_chosen":"IRONCLAD","items_purchased":["Spot Weakness","Strawberry"],"campfire_rested":0,"item_purchase_floors":[2,2],"current_hp_per_floor":[74,81,81,77,77,77,43,43,43,43,43,43,49,41,41,0,0],"gold":164,"neow_bonus":"TWO_FIFTY_GOLD","is_daily":false,"chose_seed":false,"campfire_upgraded":3,"win_rate":0.0,"timestamp":1610043722,"path_taken":["M","$","?","M","$","R","E","M","T","R","?","?","M","M","R","BOSS"],"items_purchased_type":["Card","Relic"],"build_version":"2020-12-22","purchased_purges":1,"victory":false,"max_hp_per_floor":[80,87,87,87,87,87,87,87,87,87,87,87,87,87,87,87,87],"card_choices":[{"not_picked":["Havoc","Dark Embrace"],"picked":"Whirlwind","floor":1.0},{"not_picked":["Thunderclap","Heavy Blade","True Grit"],"picked":"SKIP","floor":4},{"not_picked":["Twin Strike","Reckless Charge","Wild Strike"],"picked":"SKIP","floor":7},{"not_picked":["Armaments","Pummel"],"picked":"Flex","floor":8},{"not_picked":["Rage","Havoc","Cleave"],"picked":"SKIP","floor":13},{"not_picked":["Headbutt","Hemokinesis","Anger"],"picked":"SKIP","floor":14}],"player_experience":298394,"relics_obtained":[{"floor":7,"key":"Oddly Smooth Stone"},{"floor":9,"key":"Darkstone Periapt"},{"floor":12,"key":"Blue Candle"}],"event_choices":[{"cards_removed":["Defend_R"],"damage_healed":0,"gold_gain":0,"player_choice":"Card Removal","damage_taken":0,"max_hp_gain":0,"max_hp_loss":0,"event_name":"The Cleric","floor":3,"gold_loss":50},{"damage_healed":0,"gold_gain":0,"player_choice":"Searched \u00270\u0027 times","damage_taken":0,"max_hp_gain":0,"max_hp_loss":0,"event_name":"Dead Adventurer","floor":11,"gold_loss":0}],"is_beta":false,"boss_relics":[],"items_purged_floors":[2],"is_endless":false,"potions_floor_spawned":[1,14],"killed_by":"The Guardian","ascension_level":5}}