{"host":"h9d5il8g1iqie9ys","time":1610040447,"event":{"mods":["BaseMod","Colored Powertips","Hero for Fun","Marisa????????","Minty Spire (QoL Compilation)","StSLib","The Administrix","The Animator","The Bug Knight","The Cursed","The Necromancer","The Poker Player","The Saiyan","The Servant 0.9.4","The Wild Card"],"gold_per_floor":[144,319,30,111,198,348,360,360],"floor_reached":7,"playtime":248,"items_purged":[],"score":99,"play_id":"dea00306-167b-498b-a0d6-e036dfebbff3","local_time":"20210108002727","daily_mods":["Vintage","Red Cards","Green Cards","Blue Cards","Purple Cards","Colorless Cards","Heirloom","Time Dilation","Flight","DeadlyEvents","Elite Swarm","Lethality","Midas"],"is_ascension_mode":false,"campfire_choices":[],"circlet_count":0,"master_deck":["theWildCard:BasicStrike","theWildCard:BasicStrike","theWildCard:BasicStrike","theWildCard:BasicStrike","theWildCard:BasicDefend","theWildCard:BasicDefend","theWildCard:BasicDefend","theWildCard:BasicDefend","theWildCard:CallToAdventure","theWildCard:Arsene","Doubt","WitchOfGreed","AdministrixMod:ImmortalClarity"],"relics":["theWildCard:VelvetContract","Incense Burner","Anchor","HollowMod:StagPassRelic","MawBank","Bag of Marbles"],"acts_visited":["Exordium"],"potions_floor_usage":[],"damage_taken":[{"damage":0,"enemies":"2 Louse","floor":1,"turns":2},{"damage":0,"enemies":"Cultist","floor":4,"turns":3},{"damage":17,"enemies":"Gremlin Nob","floor":6,"turns":3},{"damage":38,"enemies":"3 Sentries","floor":7,"turns":2}],"seed_played":"3559925437198669463","potions_obtained":[{"floor":4,"key":"SpeedPotion"},{"floor":4,"key":"Swift Potion"},{"floor":6,"key":"ColorlessPotion"},{"floor":6,"key":"AttackPotion"}],"is_trial":true,"path_per_floor":["M","?","$","M","?","E","E"],"character_chosen":"THE_WILD_CARD","items_purchased":["WitchOfGreed","HollowMod:StagPassRelic"],"campfire_rested":0,"item_purchase_floors":[3,3],"current_hp_per_floor":[60,60,60,60,49,32,0,0],"gold":360,"neow_bonus":"","is_daily":false,"chose_seed":false,"campfire_upgraded":0,"win_rate":0.0,"timestamp":1610040447,"path_taken":["M","?","$","M","?","E","E"],"items_purchased_type":["Card","Relic"],"build_version":"2020-12-22","purchased_purges":0,"victory":false,"max_hp_per_floor":[60,60,60,60,60,60,60,60],"card_choices":[{"not_picked":["JA","PokerPlayerMod:ChangeRules"],"picked":"AdministrixMod:ImmortalClarity","floor":6}],"player_experience":177640,"relics_obtained":[{"floor":1,"key":"Anchor"},{"floor":4,"key":"MawBank"},{"floor":6,"key":"Bag of Marbles"}],"event_choices":[{"damage_healed":0,"gold_gain":175,"player_choice":"AGREE","damage_taken":0,"max_hp_gain":0,"max_hp_loss":0,"event_name":"Liars Game","floor":2,"gold_loss":0,"cards_obtained":["Doubt"]},{"damage_healed":0,"gold_gain":75,"player_choice":"Gather Gold","damage_taken":11,"max_hp_gain":0,"max_hp_loss":0,"event_name":"World of Goop","floor":5,"gold_loss":0}],"is_beta":false,"boss_relics":[],"items_purged_floors":[],"is_endless":true,"potions_floor_spawned":[4,6],"killed_by":"3 Sentries","ascension_level":0}}