{"host":"vlqejv0notyktumz","time":1610061978,"event":{"mods":["AchievementEnabler","BaseMod","Googly Eyes","Minty Spire (QoL Compilation)"],"gold_per_floor":[117,44,64,75,94,129,94,94,94,94,94,112,112,122,122,224,224,237,250,31,48,25,25,25,25,51,51,79,94,94,111,111,111,111],"floor_reached":33,"playtime":873,"items_purged":[],"score":347,"play_id":"1142a62b-67fa-4378-8072-03d17b50115b","local_time":"20210107172618","is_ascension_mode":true,"campfire_choices":[{"data":"Undo","floor":8,"key":"SMITH"},{"data":"Lockon","floor":10,"key":"SMITH"},{"data":"Conserve Battery","floor":13,"key":"SMITH"},{"floor":15,"key":"REST"},{"floor":23,"key":"REST"},{"data":"Zap","floor":25,"key":"SMITH"},{"data":"Zap","floor":27,"key":"SMITH"},{"floor":32,"key":"REST"}],"circlet_count":0,"master_deck":["Strike_B","Strike_B","Strike_B","Defend_B","Defend_B","Defend_B","Zap+1","Dualcast","Lockon+1","Conserve Battery+1","Cold Snap","Undo+1","Defragment","Zap+1","Ball Lightning","Auto Shields+1","FTL","BootSequence","Leap"],"relics":["Cracked Core","Bag of Preparation","Gremlin Horn","White Beast Statue","Empty Cage","Regal Pillow","Anchor","Ancient Tea Set","Bottled Lightning"],"acts_visited":["Exordium","TheCity"],"potions_floor_usage":[6,14,14,20,28,31,31,33,33],"damage_taken":[{"damage":3,"enemies":"Jaw Worm","floor":1,"turns":4},{"damage":0,"enemies":"Cultist","floor":3,"turns":2},{"damage":18,"enemies":"Small Slimes","floor":4,"turns":2},{"damage":3,"enemies":"2 Fungi Beasts","floor":5,"turns":3},{"damage":24,"enemies":"Lagavulin","floor":6,"turns":6},{"damage":0,"enemies":"Looter","floor":12,"turns":2},{"damage":17,"enemies":"Gremlin Gang","floor":14,"turns":3},{"damage":35,"enemies":"Slime Boss","floor":16,"turns":8},{"damage":0,"enemies":"Chosen","floor":18,"turns":3},{"damage":29,"enemies":"3 Byrds","floor":19,"turns":5},{"damage":22,"enemies":"Snecko","floor":21,"turns":7},{"damage":8,"enemies":"Slavers","floor":28,"turns":5},{"damage":25,"enemies":"Chosen and Byrds","floor":29,"turns":6},{"damage":9,"enemies":"3 Cultists","floor":31,"turns":5},{"damage":62,"enemies":"Champ","floor":33,"turns":7}],"seed_played":"-4554189653804899112","potions_obtained":[{"floor":3,"key":"SpeedPotion"},{"floor":4,"key":"PowerPotion"},{"floor":6,"key":"PowerPotion"},{"floor":12,"key":"GamblersBrew"},{"floor":14,"key":"PotionOfCapacity"},{"floor":16,"key":"Swift Potion"},{"floor":19,"key":"Fruit Juice"},{"floor":21,"key":"Dexterity Potion"},{"floor":28,"key":"AttackPotion"},{"floor":29,"key":"Regen Potion"},{"floor":31,"key":"FocusPotion"}],"is_trial":false,"path_per_floor":["M","$","M","M","M","E","?","R","T","R","?","M","R","M","R","B",null,"M","M","$","M","$","R","T","R","T","R","E","M","?","M","R","B"],"character_chosen":"DEFECT","items_purchased":["Lockon","Regal Pillow","BootSequence","Leap"],"campfire_rested":3,"item_purchase_floors":[2,20,20,22],"current_hp_per_floor":[65,65,65,47,44,20,38,38,38,38,38,38,38,21,43,8,58,58,29,34,12,12,51,51,51,51,51,43,18,18,23,62,0,0],"gold":111,"neow_bonus":"RANDOM_COMMON_RELIC","is_daily":false,"chose_seed":false,"campfire_upgraded":5,"win_rate":0.0,"timestamp":1610061978,"path_taken":["M","$","M","M","M","E","?","R","T","R","?","M","R","M","R","BOSS","M","?","?","M","?","R","?","R","T","R","E","M","?","M","R","BOSS"],"items_purchased_type":["Card","Relic","Card","Card"],"build_version":"2020-12-22","purchased_purges":0,"victory":false,"max_hp_per_floor":[75,75,75,75,75,75,75,75,75,75,75,75,75,75,75,75,75,75,75,80,80,80,80,80,80,80,80,80,80,80,80,80,80,80],"card_choices":[{"not_picked":["Sweeping Beam","Double Energy","Gash"],"picked":"SKIP","floor":1},{"not_picked":["Hologram","Barrage","Rip and Tear"],"picked":"SKIP","floor":3},{"not_picked":["Beam Cell","Rebound"],"picked":"Conserve Battery","floor":4},{"not_picked":["Go for the Eyes","Compile Driver"],"picked":"Cold Snap","floor":5},{"not_picked":["Go for the Eyes","Compile Driver"],"picked":"Undo","floor":6},{"not_picked":["Fusion","Chaos"],"picked":"Ball Lightning","floor":12},{"not_picked":["Fusion","Sweeping Beam","Reboot"],"picked":"SKIP","floor":14},{"not_picked":["Redo","Cold Snap+1"],"picked":"Auto Shields+1","floor":18},{"not_picked":["Steam Power+1","Compile Driver"],"picked":"FTL","floor":19},{"not_picked":["Rip and Tear","Hyperbeam","Gash"],"picked":"SKIP","floor":21},{"not_picked":["Steam","Blizzard+1","Coolheaded"],"picked":"SKIP","floor":28},{"not_picked":["Reprogram","Rip and Tear+1","Leap+1"],"picked":"SKIP","floor":29},{"not_picked":["Steam","Capacitor","Beam Cell"],"picked":"SKIP","floor":31}],"player_experience":298731,"relics_obtained":[{"floor":6,"key":"Gremlin Horn"},{"floor":9,"key":"White Beast Statue"},{"floor":24,"key":"Anchor"},{"floor":26,"key":"Ancient Tea Set"},{"floor":28,"key":"Bottled Lightning"}],"event_choices":[{"damage_healed":18,"gold_gain":0,"player_choice":"Healed","damage_taken":0,"max_hp_gain":0,"max_hp_loss":0,"event_name":"The Cleric","floor":7,"gold_loss":35},{"damage_healed":0,"gold_gain":0,"player_choice":"2 cards matched","damage_taken":0,"max_hp_gain":0,"max_hp_loss":0,"event_name":"Match and Keep!","floor":11,"gold_loss":0,"cards_obtained":["Defragment","Zap"]},{"damage_healed":0,"gold_gain":0,"player_choice":"Ignored","damage_taken":0,"max_hp_gain":0,"max_hp_loss":0,"event_name":"Ghosts","floor":30,"gold_loss":0}],"is_beta":false,"boss_relics":[{"not_picked":["Snecko Eye","Tiny House"],"picked":"Empty Cage"}],"items_purged_floors":[],"is_endless":false,"potions_floor_spawned":[3,4,6,12,14,16,18,19,21,28,29,31],"killed_by":"Champ","ascension_level":6}}