{"host":"93mson5lmjgzj0ai","time":1610046517,"event":{"mods":["AchievementEnabler","BaseMod","Conspire","Hubris","Infinite Spire","Minty Spire (QoL Compilation)","Shop Mod","StSLib","SuperFastMode","The Construct"],"gold_per_floor":[117,129,129,79,79,108,8,47,47,104,124,160,212,246,246,373,373,417,464,464,560,611,649,649,849,849,849,889,930,975,975,975,1091,1091,1104,1104,1014,1025,1092,1092,1092,529,529,529,529,592,616,641,641,636],"floor_reached":51,"playtime":1957,"items_purged":["Defend_B","Defend_B"],"score":978,"play_id":"c990ada0-70e3-489e-8224-1f94f833b74a","local_time":"20210107200837","is_ascension_mode":false,"campfire_choices":[{"data":"Zap","floor":15,"key":"SMITH"},{"data":"hubris:Fate","floor":24,"key":"SMITH"},{"data":"hubris:DuctTapeCard","floor":27,"key":"SMITH"},{"data":"infinitespire:NeuralNetwork","floor":32,"key":"SMITH"},{"data":"Thunder Strike","floor":40,"key":"SMITH"},{"data":"hubris:PowerSurge","floor":45,"key":"SMITH"},{"data":"Dualcast","floor":49,"key":"SMITH"}],"circlet_count":0,"master_deck":["Discovery+1","Strike_B","Strike_B","Strike_B","Defend_B","Dualcast+1","hubris:PowerSurge+1","Sweeping Beam","infinitespire:NeuralNetwork+1","Thunder Strike+1","conspire:SpireCoStock","conspire:SpireCoStock+1","Compile Driver","hubris:DuctTapeCard+2","White Noise+1","hubris:Fate+1","Ball Lightning","hubris:PowerSurge+1","Beam Cell+1","Defragment+1","Creative AI+1","Storm+1","conspire:SharedLibrary+1","Electrodynamics+1"],"relics":["Cracked Core","NeowsBlessing","hubris:PeanutButter","Regal Pillow","Mummified Hand","Bag of Preparation","Orichalcum","hubris:Backtick","hubris:DuctTape","Centennial Puzzle","Frozen Egg 2","infinitespire:WardingShard","hubris:MysteriousPyramids","hubris:BottledHeart","construct:WeddingRing","Incense Burner","hubris:RGBLights","conspire:BottledYoYo","Vajra","conspire:DeflatedDodgeball","infinitespire:CheckeredPen","Dream Catcher","Mercury Hourglass"],"acts_visited":["Exordium","TheCity","TheBeyond"],"potions_floor_usage":[16,21,29,30,50,50,50],"damage_taken":[{"damage":0.0,"enemies":"Cultist","floor":1.0,"turns":1.0},{"damage":0.0,"enemies":"Small Slimes","floor":2.0,"turns":1.0},{"damage":0.0,"enemies":"Lagavulin","floor":6.0,"turns":1.0},{"damage":24.0,"enemies":"Gremlin Nob","floor":8.0,"turns":5.0},{"damage":5.0,"enemies":"Lagavulin","floor":10.0,"turns":4.0},{"damage":0,"enemies":"2 Louse","floor":11,"turns":3},{"damage":7,"enemies":"Exordium Thugs","floor":12,"turns":5},{"damage":0,"enemies":"Gremlin Nob","floor":13,"turns":3},{"damage":0,"enemies":"Blue Slaver","floor":14,"turns":4},{"damage":2,"enemies":"Hexaghost","floor":16,"turns":9},{"damage":0,"enemies":"Shell Parasite","floor":18,"turns":5},{"damage":10,"enemies":"Spheric Guardian","floor":19,"turns":4},{"damage":5,"enemies":"conspire:MimicChest","floor":21,"turns":6},{"damage":8,"enemies":"Centurion and Healer","floor":22,"turns":6},{"damage":3,"enemies":"Snake Plant","floor":23,"turns":2},{"damage":0,"enemies":"Sentry and Sphere","floor":28,"turns":3},{"damage":0,"enemies":"Cultist and Chosen","floor":29,"turns":4},{"damage":4,"enemies":"Gremlin Leader","floor":30,"turns":4},{"damage":0,"enemies":"Collector","floor":33,"turns":4},{"damage":0,"enemies":"3 Shapes","floor":35,"turns":1},{"damage":0,"enemies":"Orb Walker","floor":38,"turns":2},{"damage":0,"enemies":"Mind Bloom Boss Battle","floor":39,"turns":4},{"damage":0,"enemies":"Giant Head","floor":46,"turns":3},{"damage":0,"enemies":"Sphere and 2 Shapes","floor":47,"turns":2},{"damage":0,"enemies":"Reptomancer","floor":48,"turns":2},{"damage":0,"enemies":"Time Eater","floor":50,"turns":5}],"seed_played":"-6097841683849635955","potions_obtained":[{"floor":1.0,"key":"Strength Potion"},{"floor":8.0,"key":"ColorlessPotion"},{"floor":11,"key":"Ancient Potion"},{"floor":14,"key":"Fire Potion"},{"floor":16,"key":"PotionOfCapacity"},{"floor":19,"key":"Explosive Potion"},{"floor":28,"key":"LiquidBronze"},{"floor":29,"key":"Fire Potion"},{"floor":33,"key":"Swift Potion"},{"floor":48,"key":"Weak Potion"}],"is_trial":false,"path_per_floor":["M","M","?","?","?","E","?","E","T","E","M","M","E","M","R","B",null,"M","M","AVR","?","M","M","R","?","T","R","M","M","E","?","R","B",null,"M","?","?","M","?","R","T","$","T","AVR","R","E","M","E","R","B",null],"character_chosen":"DEFECT","items_purchased":["Storm+1","conspire:BottledYoYo","Vajra"],"campfire_rested":0,"item_purchase_floors":[42,42,42],"current_hp_per_floor":[75,75,57,57,62,62,62,38,38,33,33,26,26,26,26,24,80,80,70,70,65,57,54,54,54,54,54,54,54,50,1,1,1,1,1,1,1,1,1,1,1,1,1,1,1,1,1,1,1,1],"gold":636,"neow_bonus":"THREE_ENEMY_KILL","is_daily":false,"chose_seed":false,"campfire_upgraded":7,"win_rate":0.0,"timestamp":1610046517,"path_taken":["M","M","?","?","?","E","?","E","T","E","M","M","E","M","R","BOSS","M","M","AVR","?","M","M","R","?","T","R","M","?","E","?","R","BOSS","M","?","?","?","?","R","?","$","T","AVR","R","E","M","E","R","BOSS"],"items_purchased_type":["Card","Relic","Relic"],"build_version":"2020-12-22","purchased_purges":2,"victory":true,"max_hp_per_floor":[75,75,75,75,80,80,80,80,80,80,80,80,80,80,80,80,80,80,80,80,80,80,80,80,80,80,80,80,80,80,1,1,1,1,1,1,1,1,1,1,1,1,1,1,1,1,1,1,1,1],"card_choices":[{"not_picked":["Beam Cell","FTL"],"picked":"hubris:PowerSurge","floor":1.0},{"not_picked":["Barrage","Aggregate"],"picked":"Sweeping Beam","floor":2.0},{"not_picked":["infinitespire:FutureSight","hubris:Rewind"],"picked":"infinitespire:NeuralNetwork","floor":3.0},{"not_picked":["Gash","Lockon"],"picked":"Thunder Strike","floor":6.0},{"not_picked":["FTL","Steam Power","Cold Snap"],"picked":"SKIP","floor":8.0},{"not_picked":["Steam","Reboot"],"picked":"Compile Driver","floor":10},{"not_picked":["Steam","Beam Cell"],"picked":"Coolheaded","floor":11},{"not_picked":["Steam","Compile Driver","Genetic Algorithm"],"picked":"SKIP","floor":12},{"not_picked":["Double Energy","Consume","Genetic Algorithm"],"picked":"SKIP","floor":13},{"not_picked":["Beam Cell","Chaos","Barrage"],"picked":"SKIP","floor":14},{"not_picked":["Reprogram+1","Ball Lightning","Go for the Eyes+1"],"picked":"SKIP","floor":18},{"not_picked":["Hologram","Barrage"],"picked":"White Noise+1","floor":19},{"not_picked":["hubris:PowerSurge+1","Go for the Eyes"],"picked":"Ball Lightning","floor":21},{"not_picked":["Compile Driver+1","Consume","Rip and Tear"],"picked":"SKIP","floor":22},{"not_picked":["Tempest","Redo+1"],"picked":"hubris:PowerSurge+1","floor":23},{"not_picked":["Hologram","Go for the Eyes","Barrage+1"],"picked":"SKIP","floor":28},{"not_picked":["Streamline+1","FTL"],"picked":"Beam Cell+1","floor":29},{"not_picked":["Scrape+1","Hologram"],"picked":"Defragment+1","floor":30},{"not_picked":["All For One","Reboot"],"picked":"Creative AI+1","floor":33},{"not_picked":["Ball Lightning","Stack+1","Sweeping Beam"],"picked":"SKIP","floor":35},{"not_picked":["Streamline+1","Stack+1","Ball Lightning"],"picked":"SKIP","floor":38},{"not_picked":["Redo+1","Doom and Gloom"],"picked":"conspire:SharedLibrary+1","floor":46},{"not_picked":["Hologram","Chaos","Cold Snap"],"picked":"SKIP","floor":47},{"not_picked":["Darkness","Steam+1"],"picked":"Electrodynamics+1","floor":48}],"player_experience":10114,"relics_obtained":[{"floor":6.0,"key":"hubris:PeanutButter"},{"floor":8.0,"key":"Regal Pillow"},{"floor":9.0,"key":"Mummified Hand"},{"floor":10,"key":"Bag of Preparation"},{"floor":13,"key":"Orichalcum"},{"floor":21,"key":"Frozen Egg 2"},{"floor":26,"key":"infinitespire:WardingShard"},{"floor":30,"key":"hubris:MysteriousPyramids"},{"floor":39,"key":"Incense Burner"},{"floor":41,"key":"hubris:RGBLights"},{"floor":43,"key":"conspire:DeflatedDodgeball"},{"floor":46,"key":"Dream Catcher"},{"floor":48,"key":"Mercury Hourglass"}],"event_choices":[{"cards_removed":["Strike_B"],"damage_healed":0.0,"max_hp_gain":0.0,"max_hp_loss":0.0,"gold_gain":0.0,"event_name":"The Cleric","player_choice":"Card Removal","floor":4.0,"gold_loss":50.0,"damage_taken":0.0},{"damage_healed":0.0,"max_hp_gain":5.0,"max_hp_loss":0.0,"gold_gain":0.0,"event_name":"Big Fish","player_choice":"Donut","floor":5.0,"gold_loss":0.0,"damage_taken":0.0},{"damage_healed":0.0,"max_hp_gain":0.0,"max_hp_loss":0.0,"gold_gain":0.0,"event_name":"conspire:Investor","player_choice":"Invest 2","floor":7.0,"gold_loss":0.0,"damage_taken":0.0},{"damage_healed":0,"gold_gain":250,"player_choice":"Bet on Owner","damage_taken":0,"max_hp_gain":0,"max_hp_loss":0,"event_name":"The Joust","floor":25,"gold_loss":50},{"damage_healed":0,"gold_gain":0,"player_choice":"Max HP","damage_taken":0,"max_hp_gain":0,"max_hp_loss":0,"event_name":"Winding Halls","floor":36,"gold_loss":0},{"cards_removed":["Defend_B"],"damage_healed":0,"gold_gain":0,"player_choice":"Upgrade and Remove","damage_taken":0,"max_hp_gain":0,"max_hp_loss":0,"event_name":"Designer","floor":37,"gold_loss":90,"cards_upgraded":["conspire:SpireCoStock"]},{"damage_healed":0,"gold_gain":0,"player_choice":"Fight","damage_taken":0,"max_hp_gain":0,"max_hp_loss":0,"event_name":"MindBloom","floor":39,"gold_loss":0}],"is_beta":false,"boss_relics":[{"not_picked":["Inserter","Tiny House"],"picked":"hubris:Backtick"},{"not_picked":["Philosopher\u0027s Stone","conspire:SeveredTorchhead"],"picked":"construct:WeddingRing"}],"items_purged_floors":[20,42],"is_endless":false,"potions_floor_spawned":[1,8,11,14,16,19,28,29,33,38,46,48],"ascension_level":0}}