{"host":"g76rhe4j5kh9hdf9","time":1610047785,"event":{"mods":["100% Spire Juice","Act Like it!","BaseMod","Better Third Choice","GifTheSpireLib","Minty Spire (QoL Compilation)","Relic Stats","Spicy Shops","StSLib"],"gold_per_floor":[110,110,122,122,134,164,183,63,114,114,128,151,151,166,166,262,262,202,110,35,55,71,71,88,101,101,101,101,111,143,43,43,142,142,152,252,264,264,139,139,57,91,91,91,117,142,162,178,178,178,178,178,28,58,58],"floor_reached":56,"playtime":4147,"items_purged":["Pain","Moonworks:Strike","Moonworks:Defend","Moonworks:Defend"],"score":1225,"play_id":"35563720-424d-4b45-9d92-bf6043ce265a","local_time":"20210107112945","is_ascension_mode":false,"campfire_choices":[{"data":"Moonworks:Dinner","floor":13,"key":"SMITH"},{"data":"Moonworks:JonathanRush","floor":15,"key":"SMITH"},{"data":"Moonworks:ForcedRevival","floor":23,"key":"SMITH"},{"data":"Moonworks:ForcedRevival","floor":27,"key":"SMITH"},{"data":"Moonworks:Accelerator","floor":32,"key":"SMITH"},{"data":"Deep Breath","floor":40,"key":"SMITH"},{"data":"Moonworks:WindyEnchantment","floor":44,"key":"SMITH"},{"floor":49,"key":"RECALL"},{"data":"Deep Breath","floor":52,"key":"SMITH"}],"circlet_count":0,"master_deck":["Moonworks:Defend","Moonworks:Defend","Moonworks:Ambush","Moonworks:LongDistanceShot","Moonworks:JonathanRush+1","Moonworks:WindyEnchantment","Moonworks:Dinner+1","Moonworks:Dinner","Moonworks:WindyEnchantment+1","Moonworks:ForcedRevival+1","Moonworks:Dinner","Moonworks:OutOfAmmo","Moonworks:Dash+1","Moonworks:ForcedRevival+1","Moonworks:SakisCookie+1","Moonworks:Accelerator+1","Moonworks:WeAreWaruda","Moonworks:Bloodlust+1","Deep Breath+1","Panache","Sadistic Nature","Deep Breath+1","Moonworks:MixPhenomenon+1","Moonworks:JonathanRush+1","Moonworks:WindyEnchantment","Moonworks:CrystalBarrier"],"relics":["Moonworks:BrokenBomb","Moonworks:Homemark","NeowsBlessing","Matryoshka","Nunchaku","Art of War","WarpedTongs","Odd Mushroom","Empty Cage","Red Mask","Ancient Tea Set","Question Card","Eternal Feather","Runic Pyramid","Bottled Lightning","Boot","Dream Catcher","Torii"],"acts_visited":["Exordium","TheCity","TheBeyond","TheEnding"],"potions_floor_usage":[6,6,6,7,16,16,22,22,33,42,42,55,55,55],"damage_taken":[{"damage":0,"enemies":"2 Louse","floor":1,"turns":1},{"damage":0,"enemies":"Cultist","floor":3,"turns":1},{"damage":0,"enemies":"Jaw Worm","floor":5,"turns":1},{"damage":8,"enemies":"Lagavulin","floor":6,"turns":5},{"damage":0,"enemies":"Large Slime","floor":7,"turns":7},{"damage":15,"enemies":"2 Fungi Beasts","floor":11,"turns":4},{"damage":16,"enemies":"The Mushroom Lair","floor":12,"turns":5},{"damage":12,"enemies":"Exordium Thugs","floor":14,"turns":4},{"damage":41,"enemies":"Hexaghost","floor":16,"turns":8},{"damage":51,"enemies":"2 Thieves","floor":18,"turns":4},{"damage":50,"enemies":"Masked Bandits","floor":19,"turns":7},{"damage":0,"enemies":"3 Byrds","floor":21,"turns":6},{"damage":52,"enemies":"Snecko","floor":22,"turns":9},{"damage":6,"enemies":"Centurion and Healer","floor":24,"turns":5},{"damage":14,"enemies":"Snake Plant","floor":25,"turns":6},{"damage":21,"enemies":"Snecko","floor":29,"turns":8},{"damage":9,"enemies":"Book of Stabbing","floor":30,"turns":4},{"damage":1,"enemies":"Champ","floor":33,"turns":5},{"damage":13,"enemies":"Orb Walker","floor":35,"turns":4},{"damage":13,"enemies":"3 Darklings","floor":37,"turns":5},{"damage":45,"enemies":"Reptomancer","floor":42,"turns":4},{"damage":3,"enemies":"Giant Head","floor":45,"turns":2},{"damage":6,"enemies":"Sphere and 2 Shapes","floor":47,"turns":3},{"damage":3,"enemies":"Spire Growth","floor":48,"turns":2},{"damage":28,"enemies":"Donu and Deca","floor":50,"turns":5},{"damage":0,"enemies":"Shield and Spear","floor":54,"turns":1},{"damage":48,"enemies":"The Heart","floor":55,"turns":4}],"seed_played":"-6237158264035548760","potions_obtained":[{"floor":2,"key":"Block Potion"},{"floor":2,"key":"EntropicBrew"},{"floor":2,"key":"AttackPotion"},{"floor":7,"key":"Strength Potion"},{"floor":16,"key":"Regen Potion"},{"floor":19,"key":"BlessingOfTheForge"},{"floor":22,"key":"PowerPotion"},{"floor":29,"key":"Weak Potion"},{"floor":33,"key":"Fire Potion"},{"floor":45,"key":"AttackPotion"},{"floor":47,"key":"ColorlessPotion"}],"is_trial":false,"path_per_floor":["M","?","M","?","M","E","M","?","T","?","M","?","R","M","R","B",null,"M","?","$","M","M","R","M","M","T","R","?","M","E","$","R","B",null,"M","?","M","?","$","R","$","E","T","R","E","T","M","M","R","B",null,"R","$","E","B",null],"character_chosen":"THE_STARBREAKER","items_purchased":["Deep Breath"],"campfire_rested":0,"item_purchase_floors":[41],"current_hp_per_floor":[60,60,60,60,60,52,58,58,58,58,54,47,47,58,58,53,60,39,36,36,60,60,60,60,58,58,58,48,55,56,56,65,65,65,55,55,60,50,50,62,62,48,48,60,65,65,62,64,65,65,65,65,65,65,42],"gold":58,"neow_bonus":"THREE_ENEMY_KILL","is_daily":false,"chose_seed":false,"campfire_upgraded":8,"win_rate":0.0,"timestamp":1610047785,"path_taken":["M","?","?","?","M","E","M","?","T","?","?","?","R","M","R","BOSS","M","?","$","M","M","R","M","M","T","R","?","M","E","$","R","BOSS","M","?","?","?","$","R","$","E","T","R","E","?","M","M","R","BOSS","R","$","E","BOSS"],"items_purchased_type":["Card"],"build_version":"2020-12-22","purchased_purges":4,"victory":true,"max_hp_per_floor":[60,60,60,60,60,60,60,60,60,60,60,60,60,60,60,60,60,60,60,60,60,60,60,60,60,60,60,65,65,65,65,65,65,65,65,65,65,65,65,65,65,65,65,65,65,65,65,65,65,65,65,65,65,65,65],"relic_stats":{"Nunchaku":[39],"Dream Catcher":0,"Torii":0,"counters":[27,120],"Eternal Feather":34,"Art of War":[4],"Question Card":13,"Boot":[54],"obtain_stats":[{"NeowsBlessing":0,"Torii":54,"Eternal Feather":30,"Odd Mushroom":12,"Empty Cage":17,"Ancient Tea Set":26,"Question Card":26,"Boot":45,"WarpedTongs":10,"Nunchaku":9,"Dream Catcher":46,"Matryoshka":6,"Moonworks:Homemark":0,"Art of War":9,"Red Mask":19,"Bottled Lightning":42,"Moonworks:BrokenBomb":0,"Runic Pyramid":34},{"NeowsBlessing":0,"Torii":26,"Eternal Feather":17,"Odd Mushroom":7,"Empty Cage":9,"Ancient Tea Set":15,"Question Card":15,"Boot":22,"WarpedTongs":5,"Nunchaku":5,"Dream Catcher":22,"Matryoshka":4,"Moonworks:Homemark":0,"Art of War":5,"Red Mask":11,"Bottled Lightning":21,"Moonworks:BrokenBomb":0,"Runic Pyramid":18},{"NeowsBlessing":0,"Torii":116,"Eternal Feather":85,"Odd Mushroom":24,"Empty Cage":36,"Ancient Tea Set":73,"Question Card":73,"Boot":105,"WarpedTongs":15,"Nunchaku":15,"Dream Catcher":105,"Matryoshka":8,"Moonworks:Homemark":0,"Art of War":15,"Red Mask":47,"Bottled Lightning":103,"Moonworks:BrokenBomb":0,"Runic Pyramid":90}],"WarpedTongs":[102]},"card_choices":[{"not_picked":["Moonworks:LulusLuckyEgg","Moonworks:IndiscriminateFireSupport"],"picked":"Moonworks:JonathanRush","floor":1},{"not_picked":["Moonworks:IndiscriminateFireSupport","Moonworks:EvilSpyWorkPreparation"],"picked":"Moonworks:WindyEnchantment","floor":3},{"not_picked":["Moonworks:BigMagnum","Moonworks:SakisCookie","Moonworks:RagingMadness"],"picked":"SKIP","floor":5},{"not_picked":["Moonworks:Flamethrower","Moonworks:ImmovableObject"],"picked":"Moonworks:Dinner","floor":6},{"not_picked":["Moonworks:StiffCrystal","Moonworks:BeyondHell"],"picked":"Moonworks:Dinner","floor":7},{"not_picked":["Moonworks:NicePresent","Moonworks:MiracleWalker"],"picked":"Moonworks:WindyEnchantment","floor":11},{"not_picked":["Moonworks:RagingMadness","Moonworks:ReproductionOfRecords"],"picked":"Moonworks:ForcedRevival","floor":12},{"not_picked":["Moonworks:BigMagnum","Moonworks:WindyEnchantment"],"picked":"Moonworks:Dinner","floor":14},{"not_picked":["Moonworks:PlushieMaster","Moonworks:HolyNight"],"picked":"Moonworks:OutOfAmmo","floor":16},{"not_picked":["Moonworks:IndiscriminateFireSupport","Moonworks:SealedMemories","Moonworks:CloudOfSeagulls"],"picked":"SKIP","floor":18},{"not_picked":["Moonworks:ScrambledEve","Moonworks:Assault"],"picked":"Moonworks:Dash+1","floor":21},{"not_picked":["Moonworks:BigMagnum+1","Moonworks:LuckyCharm","Moonworks:BackdoorTrade"],"picked":"SKIP","floor":22},{"not_picked":["Moonworks:x16BigRocket+1","Moonworks:AccelHyper","Moonworks:CloudOfSeagulls"],"picked":"SKIP","floor":24},{"not_picked":["Moonworks:ImOnFire","Moonworks:SealedMemories+1"],"picked":"Moonworks:ForcedRevival","floor":25},{"not_picked":["Moonworks:AngelHand","Moonworks:ImOnFire","Moonworks:NicePresent"],"picked":"Moonworks:SakisCookie+1","floor":29},{"not_picked":["Moonworks:SinkOrSwim","Moonworks:StiffCrystal+1","Moonworks:WindyEnchantment"],"picked":"Moonworks:Accelerator","floor":30},{"not_picked":["Moonworks:LeapThroughSpace","Moonworks:GoAway","Moonworks:OutOfAmmo"],"picked":"Moonworks:WeAreWaruda","floor":33},{"not_picked":["Moonworks:DeployBits+1","Moonworks:ScrambledEve+1","Moonworks:IndiscriminateFireSupport+1","Moonworks:Assault+1"],"picked":"SKIP","floor":35},{"not_picked":["Moonworks:SakisCookie","Moonworks:Assault","Moonworks:CompletionReward"],"picked":"Moonworks:Bloodlust+1","floor":37},{"not_picked":["Forethought","Mind Blast","Blind"],"picked":"Deep Breath","floor":38},{"not_picked":["Discovery","The Bomb","Chrysalis"],"picked":"Panache","floor":38},{"not_picked":["PanicButton","Jack Of All Trades","Violence"],"picked":"Sadistic Nature","floor":38},{"not_picked":["Moonworks:DeployBits","Moonworks:BigMagnum+1","Moonworks:SakisCookie"],"picked":"Moonworks:MixPhenomenon+1","floor":42},{"not_picked":["Moonworks:LulusLuckyEgg","Moonworks:CloudOfSeagulls+1","Moonworks:ReproductionOfRecords","Moonworks:Assault"],"picked":"SKIP","floor":45},{"not_picked":["Moonworks:LulusLuckyEgg","Moonworks:Assault+1","Moonworks:ImmovableObject"],"picked":"Moonworks:JonathanRush+1","floor":47},{"not_picked":["Moonworks:IntelligenceOfficer+1","Moonworks:CloudOfSeagulls","Moonworks:BigMagnum+1"],"picked":"Moonworks:WindyEnchantment","floor":48},{"not_picked":["Moonworks:Assault","Moonworks:ScrambledEve","Moonworks:DevilHand+1"],"picked":"Moonworks:CrystalBarrier","floor":54}],"player_experience":452390,"relics_obtained":[{"floor":6,"key":"Matryoshka"},{"floor":9,"key":"Nunchaku"},{"floor":9,"key":"Art of War"},{"floor":12,"key":"Odd Mushroom"},{"floor":19,"key":"Red Mask"},{"floor":26,"key":"Ancient Tea Set"},{"floor":26,"key":"Question Card"},{"floor":30,"key":"Eternal Feather"},{"floor":42,"key":"Bottled Lightning"},{"floor":45,"key":"Boot"},{"floor":46,"key":"Dream Catcher"},{"floor":54,"key":"Torii"}],"event_choices":[{"damage_healed":0,"gold_gain":0,"player_choice":"Got Potions","damage_taken":0,"max_hp_gain":0,"max_hp_loss":0,"event_name":"Lab","floor":2,"gold_loss":0},{"cards_removed":["Moonworks:Strike"],"damage_healed":0,"gold_gain":0,"player_choice":"Forget","damage_taken":0,"max_hp_gain":0,"max_hp_loss":0,"event_name":"Living Wall","floor":4,"gold_loss":0},{"damage_healed":0,"gold_gain":0,"player_choice":"Ignored","damage_taken":183,"max_hp_gain":0,"max_hp_loss":0,"event_name":"betterThird:BetterSerpent","floor":8,"gold_loss":0},{"damage_healed":0,"gold_gain":0,"player_choice":"Rummage","damage_taken":0,"relics_obtained":["WarpedTongs"],"max_hp_gain":0,"max_hp_loss":0,"event_name":"Accursed Blacksmith","floor":10,"gold_loss":0,"cards_obtained":["Pain"]},{"damage_healed":0,"gold_gain":0,"player_choice":"Fought Mushrooms","damage_taken":0,"max_hp_gain":0,"max_hp_loss":0,"event_name":"Mushrooms","floor":12,"gold_loss":0},{"damage_healed":0,"gold_gain":0,"player_choice":"Fought Bandits","damage_taken":0,"max_hp_gain":0,"max_hp_loss":0,"event_name":"Masked Bandits","floor":19,"gold_loss":0},{"damage_healed":0,"gold_gain":0,"player_choice":"Shed Blood","damage_taken":15,"max_hp_gain":5,"max_hp_loss":0,"event_name":"Forgotten Altar","floor":28,"gold_loss":0},{"damage_healed":0,"gold_gain":100,"player_choice":"Pray","damage_taken":0,"max_hp_gain":0,"max_hp_loss":0,"event_name":"Golden Shrine","floor":36,"gold_loss":0},{"damage_healed":0,"gold_gain":0,"player_choice":"Memory 3","damage_taken":10,"max_hp_gain":0,"max_hp_loss":0,"event_name":"SensoryStone","floor":38,"gold_loss":0}],"is_beta":false,"boss_relics":[{"not_picked":["Astrolabe","Tiny House"],"picked":"Empty Cage"},{"not_picked":["Black Star","Cursed Key"],"picked":"Runic Pyramid"}],"items_purged_floors":[20,31,39,53],"is_endless":false,"potions_floor_spawned":[7,11,16,19,22,29,33,35,45,47,54],"ascension_level":0}}