{"host":"y7sd46uq4xlni546","time":1610057475,"event":{"mods":["AchievementEnabler","BaseMod","Colored Map","Colored Powertips","Curses Come First","Filter the Spire","Minty Spire (QoL Compilation)","Quick Restart","Random Character Button","Rare Cards Sparkle","StSLib"],"gold_per_floor":[109,123,133,151,165,165,197,215,268,268,268,268,294,360,360,462,462,475,525,490,335,433,466,466,492,516,544,544,604,579,629,629,725,725,745,597,647,665,715,746,763,797,797,812,176,189,307,317,317,317],"floor_reached":51,"playtime":3209,"items_purged":["Strike_G"],"score":1108,"play_id":"bd50c789-9251-4821-9faf-9f9a05888a13","local_time":"20210107231115","is_ascension_mode":true,"campfire_choices":[{"floor":6.0,"key":"REST"},{"data":"Phantasmal Killer","floor":10.0,"key":"SMITH"},{"data":"Calculated Gamble","floor":12.0,"key":"SMITH"},{"floor":15.0,"key":"REST"},{"data":"Neutralize","floor":24,"key":"SMITH"},{"floor":28,"key":"REST"},{"data":"Backstab","floor":32,"key":"SMITH"},{"data":"Apotheosis","floor":49,"key":"SMITH"}],"circlet_count":0,"master_deck":["Strike_G","Strike_G","Defend_G","Defend_G","Defend_G","Defend_G","Survivor","Neutralize+1","Backflip+1","Grand Finale+1","Expertise","Backstab+1","Dagger Throw","Phantasmal Killer+1","Calculated Gamble+1","Concentrate","Grand Finale","CurseOfTheBell","Reflex","Dagger Spray+1","Dagger Throw+1","Dagger Throw+1","Flying Knee+1","After Image","Cloak And Dagger+1","Well Laid Plans","Predator+1","Flying Knee+1","Prepared+1","Dagger Throw+1","Phantasmal Killer+1","Adrenaline","Apotheosis+1","Backstab+1","Prepared+1"],"relics":["Astrolabe","Meat on the Bone","Toy Ornithopter","SsserpentHead","HornCleat","Calling Bell","PreservedInsect","Molten Egg 2","Thread and Needle","Gremlin Horn","Omamori","Akabeko","Art of War","Anchor","Bronze Scales","Ginger","MutagenicStrength","Sozu","Happy Flower","Kunai","DollysMirror","Pear","The Courier"],"acts_visited":["Exordium","TheCity","TheBeyond"],"potions_floor_usage":[23,50],"damage_taken":[{"damage":0.0,"enemies":"Cultist","floor":1.0,"turns":2.0},{"damage":0.0,"enemies":"2 Louse","floor":2.0,"turns":5.0},{"damage":0.0,"enemies":"Small Slimes","floor":3.0,"turns":3.0},{"damage":9.0,"enemies":"3 Louse","floor":4.0,"turns":3.0},{"damage":9.0,"enemies":"Exordium Wildlife","floor":5.0,"turns":4.0},{"damage":2.0,"enemies":"3 Sentries","floor":7.0,"turns":2.0},{"damage":3.0,"enemies":"Blue Slaver","floor":8.0,"turns":5.0},{"damage":36.0,"enemies":"Gremlin Nob","floor":13.0,"turns":5.0},{"damage":1.0,"enemies":"3 Louse","floor":14.0,"turns":3.0},{"damage":31.0,"enemies":"The Guardian","floor":16.0,"turns":10.0},{"damage":1.0,"enemies":"Spheric Guardian","floor":18.0,"turns":5.0},{"damage":2,"enemies":"Book of Stabbing","floor":23,"turns":4},{"damage":3,"enemies":"Slavers","floor":25,"turns":2},{"damage":27,"enemies":"Gremlin Leader","floor":27,"turns":6},{"damage":5,"enemies":"Shell Parasite","floor":29,"turns":5},{"damage":15,"enemies":"Automaton","floor":33,"turns":6},{"damage":0,"enemies":"3 Darklings","floor":35,"turns":4},{"damage":1,"enemies":"Orb Walker","floor":38,"turns":4},{"damage":17,"enemies":"Nemesis","floor":40,"turns":5},{"damage":0,"enemies":"Jaw Worm Horde","floor":41,"turns":3},{"damage":0,"enemies":"Reptomancer","floor":42,"turns":3},{"damage":0,"enemies":"Maw","floor":44,"turns":3},{"damage":0,"enemies":"4 Shapes","floor":46,"turns":3},{"damage":5,"enemies":"Writhing Mass","floor":48,"turns":3},{"damage":47,"enemies":"Time Eater","floor":50,"turns":11}],"seed_played":"6991670638554332222","potions_obtained":[{"floor":1.0,"key":"Regen Potion"},{"floor":7.0,"key":"SpeedPotion"},{"floor":13.0,"key":"AttackPotion"},{"floor":18.0,"key":"FairyPotion"},{"floor":29,"key":"SkillPotion"}],"is_trial":false,"path_per_floor":["M","M","M","M","M","R","E","M","T","R","?","R","E","M","R","B",null,"M","?","?","$","T","E","R","E","T","E","R","M","?","?","R","B",null,"M","$","?","M","?","E","M","E","T","M","$","M","T","M","R","B",null],"character_chosen":"THE_SILENT","items_purchased":["Omamori","Well Laid Plans","DollysMirror","Adrenaline","Apotheosis","Pear"],"campfire_rested":3,"item_purchase_floors":[21,36,45,45,45,45],"current_hp_per_floor":[63,63,63,54,45,66,64,61,61,61,61,61,37,36,57,38,62,69,69,69,69,69,70,70,67,67,40,61,56,56,56,56,41,63,63,63,63,62,70,53,53,53,53,53,63,63,63,58,58,28],"gold":317,"neow_bonus":"BOSS_RELIC","is_daily":false,"chose_seed":false,"campfire_upgraded":5,"win_rate":0.0,"timestamp":1610057475,"path_taken":["M","M","?","M","M","R","E","?","T","R","?","R","E","?","R","BOSS","M","?","?","$","?","E","R","E","T","E","R","?","?","?","R","BOSS","M","$","?","M","?","E","M","E","T","M","$","M","?","M","R","BOSS"],"items_purchased_type":["Relic","Card","Relic","Card","Card","Relic"],"build_version":"2020-12-22","purchased_purges":1,"victory":true,"max_hp_per_floor":[70,70,70,70,70,70,70,70,70,70,70,70,70,70,70,70,70,70,70,70,70,70,70,70,70,70,70,70,70,70,70,70,70,70,70,70,70,70,70,70,70,70,70,70,80,80,80,80,80,80],"card_choices":[{"not_picked":["Dodge and Roll","Blade Dance"],"picked":"Expertise","floor":1.0},{"not_picked":["Underhanded Strike","Deflect"],"picked":"Backstab","floor":2.0},{"not_picked":["Catalyst","Slice","Eviscerate"],"picked":"SKIP","floor":3.0},{"not_picked":["Underhanded Strike","Slice"],"picked":"Dagger Throw","floor":4.0},{"not_picked":["PiercingWail","Escape Plan","Dagger Throw"],"picked":"SKIP","floor":5.0},{"not_picked":["Eviscerate","Heel Hook"],"picked":"Phantasmal Killer","floor":7.0},{"not_picked":["Dodge and Roll","Cloak And Dagger"],"picked":"Calculated Gamble","floor":8.0},{"not_picked":["Backflip","Dagger Throw"],"picked":"Concentrate","floor":13.0},{"not_picked":["Dagger Throw","Outmaneuver","Bane"],"picked":"SKIP","floor":14.0},{"not_picked":["Die Die Die","Night Terror"],"picked":"Grand Finale","floor":16.0},{"not_picked":["Poisoned Stab+1","Terror+1"],"picked":"Reflex","floor":18.0},{"not_picked":["Deflect","Dagger Spray+1"],"picked":"Dagger Throw+1","floor":23},{"not_picked":["Cloak And Dagger","Backstab+1"],"picked":"Dagger Throw+1","floor":25},{"not_picked":["Bullet Time","Crippling Poison","Setup"],"picked":"SKIP","floor":27},{"not_picked":["Masterful Stab+1","Cloak And Dagger+1"],"picked":"Flying Knee+1","floor":29},{"not_picked":["Glass Knife+1","Storm of Steel"],"picked":"After Image","floor":33},{"not_picked":["Deflect","Catalyst"],"picked":"Cloak And Dagger+1","floor":35},{"not_picked":["Choke+1","Bane+1"],"picked":"Predator+1","floor":38},{"not_picked":["Slice+1","Reflex"],"picked":"Flying Knee+1","floor":40},{"not_picked":["Skewer+1","Escape Plan","PiercingWail"],"picked":"SKIP","floor":41},{"not_picked":["Concentrate","Acrobatics"],"picked":"Prepared+1","floor":42},{"not_picked":["Backflip","Outmaneuver+1"],"picked":"Dagger Throw+1","floor":44},{"not_picked":["Choke+1","Slice+1"],"picked":"Backstab+1","floor":46},{"not_picked":["Setup+1","Sucker Punch+1"],"picked":"Prepared+1","floor":48}],"player_experience":621657,"relics_obtained":[{"floor":7.0,"key":"Meat on the Bone"},{"floor":9.0,"key":"Toy Ornithopter"},{"floor":13.0,"key":"HornCleat"},{"floor":17.0,"key":"PreservedInsect"},{"floor":17.0,"key":"Molten Egg 2"},{"floor":17.0,"key":"Thread and Needle"},{"floor":22.0,"key":"Akabeko"},{"floor":23,"key":"Art of War"},{"floor":25,"key":"Anchor"},{"floor":26,"key":"Bronze Scales"},{"floor":27,"key":"Ginger"},{"floor":40,"key":"Happy Flower"},{"floor":42,"key":"Kunai"},{"floor":47,"key":"The Courier"}],"event_choices":[{"damage_healed":0.0,"max_hp_gain":0.0,"max_hp_loss":0.0,"gold_gain":0.0,"event_name":"FaceTrader","player_choice":"Trade","floor":11.0,"gold_loss":0.0,"damage_taken":0.0,"relics_obtained":["SsserpentHead"]},{"damage_healed":0.0,"max_hp_gain":0.0,"max_hp_loss":0.0,"gold_gain":0.0,"event_name":"The Library","player_choice":"Read","floor":19.0,"gold_loss":0.0,"damage_taken":0.0,"cards_obtained":["Dagger Spray"]},{"damage_healed":0.0,"max_hp_gain":0.0,"max_hp_loss":0.0,"gold_gain":0.0,"event_name":"Addict","player_choice":"Obtained Relic","floor":20.0,"gold_loss":85.0,"damage_taken":0.0,"relics_obtained":["Gremlin Horn"]},{"cards_removed":["Catalyst"],"damage_healed":0,"gold_gain":0,"player_choice":"Gave Gold","damage_taken":0,"max_hp_gain":0,"max_hp_loss":0,"event_name":"Beggar","floor":30,"gold_loss":75},{"damage_healed":0,"gold_gain":0,"player_choice":"Inject Mutagens","damage_taken":0,"relics_obtained":["MutagenicStrength"],"max_hp_gain":0,"max_hp_loss":0,"event_name":"Drug Dealer","floor":31,"gold_loss":0},{"damage_healed":0,"gold_gain":0,"player_choice":"Ignored","damage_taken":0,"max_hp_gain":0,"max_hp_loss":0,"event_name":"Tomb of Lord Red Mask","floor":37,"gold_loss":0},{"damage_healed":18,"gold_gain":0,"player_choice":"Writhe","damage_taken":0,"max_hp_gain":0,"max_hp_loss":0,"event_name":"Winding Halls","floor":39,"gold_loss":0,"cards_obtained":["Writhe"]}],"is_beta":false,"boss_relics":[{"not_picked":["Pandora\u0027s Box","Coffee Dripper"],"picked":"Calling Bell"},{"not_picked":["Cursed Key","Runic Pyramid"],"picked":"Sozu"}],"items_purged_floors":[36],"is_endless":false,"potions_floor_spawned":[1,7,13,14,18,29,38,41,42,46],"ascension_level":6}}