{"host":"69bxgjr0sv0a6xc4","time":1610030798,"event":{"mods":["Act Like it!","BaseMod","Better Altar","Better Match","Better Note","Better Sensory Stone","Better Skull","Better Third Choice","BetterRewards","DeckTracker","Friendly Minions","Jorbs\u0027s Wanderer Trilogy","Lobotomy","LobotomyExtend","Minty Spire (QoL Compilation)","Relic Stats","Spicy Shops","StSLib","The Bladedancer","Unceasing Turn Reminder"],"gold_per_floor":[274,291,305,321,321,353,353,353,353],"floor_reached":8,"playtime":979,"items_purged":[],"score":102,"play_id":"50021bc0-5fe0-41b7-b647-0cfc32a25c4f","local_time":"20210107154638","is_ascension_mode":true,"campfire_choices":[],"circlet_count":0,"master_deck":["AscendersBane","Strike_G","Strike_G","Strike_G","Strike_G","Strike_G","Defend_G","Defend_G","Defend_G","Survivor","LittleHelper","Quick Slash","SpiderBud","Malaise"],"relics":["Ring of the Snake","CogitoBucket","LetterFromLob","Pantograph"],"acts_visited":["Exordium"],"potions_floor_usage":[4,6],"damage_taken":[{"damage":6,"enemies":"Small Slimes","floor":1,"turns":4},{"damage":3,"enemies":"Jaw Worm","floor":2,"turns":4},{"damage":1,"enemies":"2 Louse","floor":3,"turns":3},{"damage":25,"enemies":"Large Slime","floor":4,"turns":7},{"damage":43,"enemies":"Lagavulin","floor":6,"turns":10},{"damage":21,"enemies":"3 Sentries","floor":8,"turns":3}],"seed_played":"-7412415680824542471","potions_obtained":[{"floor":1,"key":"Explosive Potion"},{"floor":2,"key":"CunningPotion"}],"is_trial":false,"path_per_floor":["M","M","M","M","?","E","?","E"],"character_chosen":"THE_SILENT","items_purchased":[],"campfire_rested":0,"item_purchase_floors":[],"current_hp_per_floor":[53,50,49,24,40,27,20,0,0],"gold":353,"neow_bonus":"","is_daily":false,"chose_seed":false,"campfire_upgraded":0,"win_rate":0.0,"timestamp":1610030798,"path_taken":["M","M","M","M","?","E","?","E"],"items_purchased_type":[],"build_version":"2020-12-22","purchased_purges":0,"victory":false,"max_hp_per_floor":[66,66,66,66,66,66,66,66,66],"relic_stats":{"counters":[6,31],"Pantograph":0,"obtain_stats":[{"CogitoBucket":0,"Pantograph":6,"LetterFromLob":1,"Ring of the Snake":0},{"CogitoBucket":0,"Pantograph":5,"LetterFromLob":1,"Ring of the Snake":0},{"CogitoBucket":0,"Pantograph":28,"LetterFromLob":4,"Ring of the Snake":0}],"Ring of the Snake":[12]},"card_choices":[{"not_picked":["WallGazer","Scorched"],"picked":"LittleHelper","floor":1},{"not_picked":["Bane","Cloak And Dagger"],"picked":"Quick Slash","floor":1},{"not_picked":["Murderer","OSAHOGD"],"picked":"SpiderBud","floor":2},{"not_picked":["Escape Plan","Distraction"],"picked":"Malaise","floor":2},{"not_picked":["BigBadWolf","OSAHOGD"],"picked":"CherryBlossoms","floor":3},{"not_picked":["Outmaneuver","Sucker Punch"],"picked":"Masterful Stab","floor":3},{"not_picked":["Masterful Stab","Finisher","Dodge and Roll"],"picked":"SKIP","floor":4},{"not_picked":["Skewer","Predator","Choke"],"picked":"SKIP","floor":6}],"player_experience":865682,"relics_obtained":[{"floor":1,"key":"LetterFromLob"},{"floor":6,"key":"Pantograph"}],"event_choices":[{"cards_removed":["Defend_G"],"damage_healed":0,"gold_gain":0,"player_choice":"Card Removal","damage_taken":7,"max_hp_gain":0,"max_hp_loss":0,"event_name":"Golden Wing","floor":7,"gold_loss":0}],"is_beta":false,"boss_relics":[],"items_purged_floors":[],"is_endless":false,"potions_floor_spawned":[1,2],"killed_by":"3 Sentries","ascension_level":15}}