{"host":"exyz3r55z4kt6m9o","time":1610022374,"event":{"mods":["2.2 Compatiblity","AchievementEnabler","Aspiration","BaseMod","Better Altar","Better Match","Better Note","Better Sensory Stone","Better Skull","Better Third Choice","BetterRewards","Colored Powertips","Energized Spire","Friendly Minions","GifTheSpireLib","Infinite Spire","Ironclad Rager","Jorbs\u0027s Wanderer Trilogy","Luminous","Marisa????????","Minty Spire (QoL Compilation)","Permanent Neow","Rare Cards Sparkle","Reimu??????","Relic Filter","Replay The Spire","Spicy Shops","StSLib","The Bladedancer","The Blue Laboratory","The Gatherer","The Hayseed","The Mystic","The Runesmith","Wandering Minibosses","yUi"],"gold_per_floor":[116,46,59,59,59,94,113,113,193,220,237,15,15,28,28,129,129,141,153,153,153,169,169,185,185,185],"floor_reached":25,"playtime":1372,"items_purged":["Runesmith:Strike_RS"],"score":250,"play_id":"e9f183b3-c986-40a4-b9e9-4728d2879916","local_time":"20210107072614","is_ascension_mode":true,"campfire_choices":[{"data":"Runesmith:Firestorm","floor":8,"key":"SMITH"},{"data":"Runesmith:Permafrost","floor":15,"key":"SMITH"},{"floor":23,"key":"REST"}],"circlet_count":0,"master_deck":["Runesmith:Strike_RS+1","Runesmith:Strike_RS+1","Runesmith:Defend_RS","Runesmith:Defend_RS","Runesmith:Defend_RS","Runesmith:CraftFirestone","Runesmith:Fortify","Runesmith:BackupBattery","Runesmith:Firestorm+1","Runesmith:Permafrost+1","ReplayTheSpireMod:Private Reserves","Runesmith:Augment","stsjorbsmod:Procrastination","Runesmith:GenerateForcefield","Runesmith:Grindstone","Runesmith:WhiteBalance+1","Runesmith:GenerateForcefield","Runesmith:Reinforce","Runesmith:StaticCage+1"],"relics":["Cursed Key","Vajra","Whetstone","Sling","Philosopher\u0027s Stone","FaceOfCleric"],"acts_visited":["Exordium","TheCity"],"potions_floor_usage":[6,16,22],"damage_taken":[{"damage":0,"enemies":"Jaw Worm","floor":1,"turns":5},{"damage":2,"enemies":"Small Slimes","floor":3,"turns":4},{"damage":12,"enemies":"Replay:BlueRogue","floor":6,"turns":8},{"damage":4,"enemies":"Cultist","floor":7,"turns":6},{"damage":0,"enemies":"Lagavulin","floor":10,"turns":8},{"damage":1,"enemies":"2 Fungi Beasts","floor":11,"turns":5},{"damage":0,"enemies":"Exordium Wildlife","floor":14,"turns":5},{"damage":14,"enemies":"The Guardian","floor":16,"turns":12},{"damage":15,"enemies":"Spheric Guardian","floor":18,"turns":7},{"damage":37,"enemies":"Chosen","floor":19,"turns":9},{"damage":16,"enemies":"Shelled Parasite and Fungi","floor":22,"turns":10},{"damage":45,"enemies":"Chosen and Byrds","floor":24,"turns":14},{"damage":22,"enemies":"Replay:Snechameleon","floor":25,"turns":4}],"seed_played":"-1055937735907830733","potions_obtained":[{"floor":3,"key":"Strength Potion"},{"floor":10,"key":"Venom Potion"},{"floor":11,"key":"SpeedPotion"},{"floor":19,"key":"FairyPotion"},{"floor":22,"key":"blueLaboratory:CorrosionFlask"}],"is_trial":false,"path_per_floor":["M","$","M","?","?","E","M","R","T","E","M","$","?","M","R","B",null,"M","M","?","?","M","R","M","E"],"character_chosen":"RUNESMITH_CLASS","items_purchased":["Runesmith:Firestorm","Sling"],"campfire_rested":1,"item_purchase_floors":[2,12],"current_hp_per_floor":[70,70,68,68,68,56,52,52,52,52,51,51,51,51,51,37,70,55,18,18,18,3,24,22,0,0],"gold":185,"neow_bonus":"BOSS_RELIC","is_daily":false,"chose_seed":false,"campfire_upgraded":2,"win_rate":0.0,"timestamp":1610022374,"path_taken":["M","$","M","?","?","E","?","R","T","E","M","$","?","M","R","BOSS","M","M","?","?","M","R","M","E"],"items_purchased_type":["Card","Relic"],"build_version":"2020-12-22","purchased_purges":1,"victory":false,"max_hp_per_floor":[70,70,70,70,70,70,70,70,70,70,70,70,70,70,70,70,70,70,70,70,70,71,71,72,72,72],"card_choices":[{"not_picked":["Runesmith:HammerThrow","Runesmith:NanitesCloud"],"picked":"Runesmith:BackupBattery","floor":1},{"not_picked":["Runesmith:RuneHurl","Runesmith:MakeshiftArmor"],"picked":"Runesmith:Permafrost","floor":3},{"not_picked":["ReplayTheSpireMod:Necrogeddon","Dark Shackles"],"picked":"ReplayTheSpireMod:Private Reserves","floor":5},{"not_picked":["Runesmith:Reinforce","Runesmith:ChiselStab"],"picked":"Runesmith:Augment","floor":6},{"not_picked":["Runesmith:HeatedChisel","Runesmith:HammerThrow","Runesmith:MakeshiftArmor"],"picked":"SKIP","floor":7},{"not_picked":["Runesmith:MakeshiftArmor","Runesmith:Firewall"],"picked":"Runesmith:GenerateForcefield","floor":10},{"not_picked":["Runesmith:Overpower","Runesmith:MakeshiftArmor"],"picked":"Runesmith:Grindstone","floor":11},{"not_picked":["Runesmith:MakeshiftArmor","Runesmith:Malloc","Runesmith:HammerAndChisel"],"picked":"SKIP","floor":14},{"not_picked":["Runesmith:CreatorForm","Runesmith:ReplicatingBarrier"],"picked":"Runesmith:GenerateForcefield","floor":16},{"not_picked":["Runesmith:CraftVitae","aspiration:UnbridledHammer"],"picked":"Runesmith:Reinforce","floor":18},{"not_picked":["Runesmith:EarthShield","Runesmith:ShiftingStrike"],"picked":"Runesmith:StaticCage+1","floor":19},{"not_picked":["Runesmith:RuneHurl","Runesmith:BackupBattery+1","Runesmith:Discharge"],"picked":"SKIP","floor":22},{"not_picked":["Runesmith:OneForEveryone","Runesmith:CraftReservo","Runesmith:Grindstone"],"picked":"SKIP","floor":24}],"player_experience":679889,"relics_obtained":[{"floor":6,"key":"Vajra"},{"floor":10,"key":"Whetstone"}],"event_choices":[{"damage_healed":0,"gold_gain":1,"player_choice":"1","damage_taken":0,"max_hp_gain":0,"max_hp_loss":0,"event_name":"betterStone:BetterStone","floor":5,"gold_loss":0},{"damage_healed":0,"gold_gain":0,"player_choice":"Trade","damage_taken":0,"relics_obtained":["FaceOfCleric"],"max_hp_gain":0,"max_hp_loss":0,"event_name":"FaceTrader","floor":20,"gold_loss":0},{"cards_removed":["Runesmith:Permafrost"],"damage_healed":0,"gold_gain":0,"player_choice":"Give","damage_taken":0,"max_hp_gain":0,"max_hp_loss":0,"event_name":"betterNote:BetterNote","floor":21,"gold_loss":0,"cards_obtained":["Runesmith:Firestorm"]}],"is_beta":false,"boss_relics":[{"not_picked":["aspiration:PoetsPen","energizedSpire:CursedPentagram"],"picked":"Philosopher\u0027s Stone"}],"items_purged_floors":[12],"is_endless":false,"potions_floor_spawned":[3,10,11,19,22],"killed_by":"Replay:Snechameleon","ascension_level":1}}