{"host":"g5zc4ej6zn2at89o","time":1610030066,"event":{"mods":["2.2 Compatiblity","AchievementEnabler","BaseMod","Colored Map","DeckTracker","Highlight Path","KOR Keyword Fix","Keyboard Shortcuts","Minty Spire (QoL Compilation)","Permanent Neow","Quick Restart","Say the Spire","StSLib","SuperFastMode","everything is the same but u backflip on backflip"],"gold_per_floor":[12,24,44,58,58,58,72,72,72,104,104,104,115,132,132,235,235,246,258,29,39,63,90,9,9,9,9,9,40,40,57,57,156,156,167,187,87,87,97,97,125,125,125,140,140,140,140,0,0,0],"floor_reached":51,"playtime":3043,"items_purged":["Strike_G","Strike_G"],"score":890,"play_id":"2c1ffe7f-9bcf-49f9-b82a-f34d7c88e470","local_time":"20210107233426","is_ascension_mode":true,"campfire_choices":[{"data":"Tools of the Trade","floor":6.0,"key":"SMITH"},{"floor":8.0,"key":"REST"},{"data":"Eviscerate","floor":12.0,"key":"SMITH"},{"data":"Underhanded Strike","floor":15.0,"key":"SMITH"},{"data":"Adrenaline","floor":25.0,"key":"SMITH"},{"floor":27.0,"key":"REST"},{"floor":32.0,"key":"REST"},{"floor":40.0,"key":"REST"},{"floor":42.0,"key":"REST"},{"floor":46.0,"key":"REST"},{"floor":49.0,"key":"RECALL"}],"circlet_count":0,"master_deck":["Strike_G+1","Strike_G+1","Defend_G+1","Defend_G+1","Defend_G+1","Defend_G+1","Survivor+1","Neutralize+1","Tools of the Trade+1","Underhanded Strike+1","Flying Knee+1","Dagger Throw+1","Eviscerate+1","Corpse Explosion+1","Backstab+1","Setup+1","Underhanded Strike+1","Adrenaline+1","Noxious Fumes+1","All Out Attack+1","Underhanded Strike+1","Acrobatics+1","Heel Hook+1","Outmaneuver+1","Pain","Reflex+1","Venomology+1","Distraction+1","Madness+1","Madness+1","Prepared+1","Dash+1"],"relics":["Ring of the Snake","Torii","Tough Bandages","Black Star","Whetstone","Potion Belt","Ginger","Boot","Paper Crane","Nunchaku","Ancient Tea Set","WarpedTongs","Philosopher\u0027s Stone","PreservedInsect","Centennial Puzzle","Toxic Egg 2","Mark of the Bloom","Red Mask"],"acts_visited":["Exordium","TheCity","TheBeyond"],"potions_floor_usage":[50,50],"damage_taken":[{"damage":8.0,"enemies":"Cultist","floor":1.0,"turns":4.0},{"damage":4.0,"enemies":"Small Slimes","floor":2.0,"turns":4.0},{"damage":5.0,"enemies":"Jaw Worm","floor":3.0,"turns":4.0},{"damage":0.0,"enemies":"Exordium Wildlife","floor":4.0,"turns":4.0},{"damage":17.0,"enemies":"3 Louse","floor":7.0,"turns":2.0},{"damage":1.0,"enemies":"3 Sentries","floor":10.0,"turns":2.0},{"damage":0.0,"enemies":"Gremlin Gang","floor":13.0,"turns":1.0},{"damage":0.0,"enemies":"2 Fungi Beasts","floor":14.0,"turns":3.0},{"damage":15.0,"enemies":"Hexaghost","floor":16.0,"turns":10.0},{"damage":2.0,"enemies":"Shell Parasite","floor":18.0,"turns":3.0},{"damage":1.0,"enemies":"Chosen","floor":19.0,"turns":4.0},{"damage":6.0,"enemies":"Centurion and Healer","floor":21.0,"turns":5.0},{"damage":22.0,"enemies":"Slavers","floor":23.0,"turns":3.0},{"damage":21.0,"enemies":"Gremlin Leader","floor":29.0,"turns":7.0},{"damage":1.0,"enemies":"Cultist and Chosen","floor":31.0,"turns":4.0},{"damage":33.0,"enemies":"Collector","floor":33.0,"turns":6.0},{"damage":7.0,"enemies":"Orb Walker","floor":35.0,"turns":3.0},{"damage":4.0,"enemies":"3 Shapes","floor":36.0,"turns":3.0},{"damage":28.0,"enemies":"3 Darklings","floor":39.0,"turns":4.0},{"damage":45.0,"enemies":"Reptomancer","floor":41.0,"turns":7.0},{"damage":2.0,"enemies":"Sphere and 2 Shapes","floor":44.0,"turns":3.0},{"damage":29,"enemies":"Awakened One","floor":50,"turns":13}],"seed_played":"-6881585114681562411","potions_obtained":[{"floor":1.0,"key":"Weak Potion"},{"floor":3.0,"key":"SneckoOil"},{"floor":4.0,"key":"PowerPotion"},{"floor":10.0,"key":"Dexterity Potion"},{"floor":16.0,"key":"DistilledChaos"},{"floor":21.0,"key":"Block Potion"},{"floor":31.0,"key":"DuplicationPotion"},{"floor":41.0,"key":"SpeedPotion"}],"is_trial":false,"path_per_floor":["M","M","M","M","?","R","M","R","T","E","?","R","M","M","R","B",null,"M","M","$","M","T","E","$","R","T","R","$","E","?","M","R","B",null,"M","M","$","?","M","R","E","R","T","M","?","R","?","?","R","B",null],"character_chosen":"THE_SILENT","items_purchased":["Whetstone","Acrobatics","Heel Hook"],"campfire_rested":6,"item_purchase_floors":[20,24,24],"current_hp_per_floor":[55,51,46,46,46,46,29,50,50,49,49,49,49,49,49,34,61,59,58,58,52,52,30,30,30,30,51,51,30,30,29,50,17,57,50,46,46,37,9,30,13,34,34,32,32,53,53,53,53,24],"gold":0,"neow_bonus":"THREE_RARE_CARDS","is_daily":false,"chose_seed":false,"campfire_upgraded":4,"win_rate":0.0,"timestamp":1610030066,"path_taken":["M","M","?","M","?","R","M","R","T","E","?","R","M","M","R","BOSS","M","M","?","M","?","E","?","R","T","R","$","E","?","M","R","BOSS","M","?","$","?","M","R","E","R","T","M","?","R","?","?","R","BOSS"],"items_purchased_type":["Relic","Card","Card"],"build_version":"2020-12-22","purchased_purges":2,"victory":true,"max_hp_per_floor":[70,70,70,70,70,70,70,70,70,70,70,70,70,70,70,70,70,70,70,70,70,70,70,70,70,70,70,70,70,70,70,70,70,70,70,70,70,70,70,70,70,70,70,70,70,70,70,70,70,70],"card_choices":[{"not_picked":["Unload","Doppelganger"],"picked":"Tools of the Trade","floor":0.0},{"not_picked":["Catalyst","Distraction"],"picked":"Underhanded Strike","floor":1.0},{"not_picked":["Slice","Well Laid Plans"],"picked":"Flying Knee","floor":2.0},{"not_picked":["Prepared","Poisoned Stab"],"picked":"Dagger Throw","floor":3.0},{"not_picked":["Deadly Poison","All Out Attack"],"picked":"Eviscerate","floor":4.0},{"not_picked":["Outmaneuver","Prepared"],"picked":"Backstab","floor":7.0},{"not_picked":["Quick Slash","Infinite Blades"],"picked":"Setup","floor":10.0},{"not_picked":["Reflex","Dagger Spray"],"picked":"Underhanded Strike","floor":13.0},{"not_picked":["Bouncing Flask","Quick Slash","Underhanded Strike"],"picked":"SKIP","floor":14.0},{"not_picked":["Doppelganger","A Thousand Cuts"],"picked":"Adrenaline","floor":16.0},{"not_picked":["Cloak And Dagger","Blur+1"],"picked":"Noxious Fumes+1","floor":18.0},{"not_picked":["Flying Knee","Flechettes"],"picked":"All Out Attack","floor":19.0},{"not_picked":["Sucker Punch+1","Bouncing Flask+1","Poisoned Stab"],"picked":"SKIP","floor":21.0},{"not_picked":["Concentrate","Backflip"],"picked":"Underhanded Strike","floor":23.0},{"not_picked":["Deadly Poison","Doppelganger"],"picked":"Outmaneuver+1","floor":29.0},{"not_picked":["Dodge and Roll","Predator+1"],"picked":"Reflex","floor":31.0},{"not_picked":["Tools of the Trade","Phantasmal Killer"],"picked":"Venomology","floor":33.0},{"not_picked":["Heel Hook","Slice+1","Bane+1"],"picked":"SKIP","floor":35.0},{"not_picked":["Acrobatics","Well Laid Plans"],"picked":"Distraction","floor":36.0},{"not_picked":["Heel Hook","Cloak And Dagger"],"picked":"Prepared","floor":39.0},{"not_picked":["Slice","Reflex"],"picked":"Dash","floor":41.0},{"not_picked":["Infinite Blades+1","Outmaneuver+1","Riddle With Holes"],"picked":"SKIP","floor":44.0}],"player_experience":120695,"relics_obtained":[{"floor":9.0,"key":"Torii"},{"floor":10.0,"key":"Tough Bandages"},{"floor":22.0,"key":"Potion Belt"},{"floor":23.0,"key":"Ginger"},{"floor":23.0,"key":"Boot"},{"floor":26.0,"key":"Paper Crane"},{"floor":29.0,"key":"Nunchaku"},{"floor":29.0,"key":"Ancient Tea Set"},{"floor":41.0,"key":"PreservedInsect"},{"floor":41.0,"key":"Centennial Puzzle"},{"floor":43.0,"key":"Toxic Egg 2"}],"event_choices":[{"damage_healed":0.0,"max_hp_gain":0.0,"max_hp_loss":0.0,"gold_gain":0.0,"cards_transformed":["Strike_G"],"event_name":"Living Wall","player_choice":"Change","floor":5.0,"gold_loss":0.0,"damage_taken":0.0,"cards_obtained":["Corpse Explosion"]},{"cards_removed":["Defend_G"],"damage_healed":0.0,"max_hp_gain":0.0,"max_hp_loss":0.0,"gold_gain":0.0,"event_name":"Purifier","player_choice":"Purged","floor":11.0,"gold_loss":0.0,"damage_taken":0.0},{"damage_healed":0.0,"max_hp_gain":0.0,"max_hp_loss":0.0,"gold_gain":0.0,"event_name":"Accursed Blacksmith","player_choice":"Rummage","floor":30.0,"gold_loss":0.0,"damage_taken":0.0,"relics_obtained":["WarpedTongs"],"cards_obtained":["Pain"]},{"damage_healed":0.0,"max_hp_gain":0.0,"max_hp_loss":0.0,"gold_gain":0.0,"event_name":"Winding Halls","player_choice":"Embrace Madness","floor":38.0,"gold_loss":0.0,"damage_taken":9.0,"cards_obtained":["Madness","Madness"]},{"damage_healed":0.0,"max_hp_gain":0.0,"max_hp_loss":0.0,"gold_gain":0.0,"event_name":"Mysterious Sphere","player_choice":"Ignored","floor":45.0,"gold_loss":0.0,"damage_taken":0.0},{"damage_healed":0.0,"max_hp_gain":0.0,"max_hp_loss":0.0,"gold_gain":0.0,"event_name":"MindBloom","player_choice":"Upgrade","floor":47.0,"gold_loss":0.0,"damage_taken":0.0,"cards_upgraded":["Strike_G","Defend_G","Defend_G","Defend_G","Defend_G","Survivor","Neutralize","Underhanded Strike","Flying Knee","Dagger Throw","Corpse Explosion","Backstab","Setup","Underhanded Strike","Acrobatics","Heel Hook","Reflex","Venomology","Distraction","Madness","Madness","Prepared","Dash"],"relics_obtained":["Mark of the Bloom"]},{"damage_healed":0.0,"max_hp_gain":0.0,"max_hp_loss":0.0,"gold_gain":0.0,"event_name":"Tomb of Lord Red Mask","player_choice":"Paid","floor":48.0,"gold_loss":140.0,"damage_taken":0.0,"relics_obtained":["Red Mask"]}],"is_beta":false,"boss_relics":[{"not_picked":["Velvet Choker","Snecko Eye"],"picked":"Black Star"},{"not_picked":["Runic Pyramid","Astrolabe"],"picked":"Philosopher\u0027s Stone"}],"items_purged_floors":[20,37],"is_endless":false,"potions_floor_spawned":[1,3,4,10,16,21,31,41],"ascension_level":6}}