{"host":"88sw61cmk1203zgj","time":1610000998,"event":{"mods":["BaseMod","Minty Spire (QoL Compilation)","Replay The Spire","StSLib"],"gold_per_floor":[119,135,135,146,156,156,182,194,217,237,252,270,270,285,285,385,385,368,211,211,126,151,151,185,198,198,198,198],"floor_reached":27,"playtime":1459,"items_purged":["Strike_R"],"score":404,"play_id":"b81d975e-b677-4fe7-9c51-3e6687e1557a","local_time":"20210107012958","is_ascension_mode":true,"campfire_choices":[{"data":"Run Through","floor":6,"key":"SMITH"},{"floor":13,"key":"REST"},{"data":"Shrug It Off","floor":15,"key":"SMITH"},{"data":"Demonic Infusion","floor":23,"key":"SMITH"}],"circlet_count":0,"master_deck":["AscendersBane","Strike_R","Strike_R","Strike_R","Strike_R","Defend_R","Defend_R","Defend_R","Defend_R","Bash","Anger","True Grit+1","Run Through+1","Metallicize","Feed","Shrug It Off+1","Demonic Infusion+1","Fiend Fire","Feel No Pain"],"relics":["Philosopher\u0027s Stone","Du-Vu Doll","King of Hearts","Ooze Armor","Blue Doll","Red Mask","Replay:Mystery Machine","Ice Cream"],"acts_visited":["Exordium","TheCity"],"potions_floor_usage":[8,16,22,22,27,27],"damage_taken":[{"damage":1,"enemies":"Cultist","floor":1,"turns":4},{"damage":3,"enemies":"Jaw Worm","floor":2,"turns":2},{"damage":1,"enemies":"Small Slimes","floor":4,"turns":3},{"damage":5,"enemies":"2 Fungi Beasts","floor":5,"turns":3},{"damage":24,"enemies":"Lagavulin","floor":7,"turns":5},{"damage":16,"enemies":"Lots of Slimes","floor":8,"turns":4},{"damage":17,"enemies":"Exordium Wildlife","floor":10,"turns":7},{"damage":0,"enemies":"2 Fungi Beasts","floor":11,"turns":3},{"damage":3,"enemies":"Looter","floor":12,"turns":4},{"damage":2,"enemies":"Exordium Wildlife","floor":14,"turns":4},{"damage":26,"enemies":"The Guardian","floor":16,"turns":13},{"damage":27,"enemies":"2 Thieves","floor":18,"turns":4},{"damage":12,"enemies":"Masked Bandits","floor":22,"turns":6},{"damage":47,"enemies":"Slavers","floor":24,"turns":10},{"damage":15,"enemies":"Chosen","floor":25,"turns":5},{"damage":23,"enemies":"Book of Stabbing","floor":27,"turns":3}],"seed_played":"-5174228663717387512","potions_obtained":[{"floor":4,"key":"Swift Potion"},{"floor":5,"key":"Swift Potion"},{"floor":14,"key":"Cursed Concoction"},{"floor":16,"key":"LifebloodPotion"},{"floor":24,"key":"Cursed Concoction"},{"floor":25,"key":"FearPotion"}],"is_trial":false,"path_per_floor":["M","M","?","M","M","R","E","M","T","M","M","M","R","M","R","B",null,"M","$","?","?","?","R","E","M","T","E"],"character_chosen":"IRONCLAD","items_purchased":["Feel No Pain"],"campfire_rested":1,"item_purchase_floors":[19],"current_hp_per_floor":[71,68,68,67,62,62,38,25,25,11,14,14,41,42,42,19,78,54,54,87,87,75,75,31,16,16,0,0],"gold":198,"neow_bonus":"BOSS_RELIC","is_daily":false,"chose_seed":false,"campfire_upgraded":3,"win_rate":0.0,"timestamp":1610000998,"path_taken":["M","M","?","?","M","R","E","M","T","M","M","M","R","M","R","BOSS","M","$","?","?","?","R","E","M","T","E"],"items_purchased_type":["Card"],"build_version":"2020-12-22","purchased_purges":1,"victory":false,"max_hp_per_floor":[80,80,80,80,80,80,80,83,83,86,89,92,92,95,95,98,98,101,101,101,101,101,101,104,104,104,104,104],"card_choices":[{"not_picked":["Heavy Blade","Abandon"],"picked":"Anger","floor":1},{"not_picked":["Havoc","Perfected Strike"],"picked":"True Grit","floor":2},{"not_picked":["Havoc","Power Through"],"picked":"Run Through","floor":4},{"not_picked":["Power Through","Dropkick"],"picked":"Metallicize","floor":5},{"not_picked":["Spot Weakness","Intimidate"],"picked":"Feed","floor":7},{"not_picked":["Defy Death","Body Slam","Armaments"],"picked":"SKIP","floor":8},{"not_picked":["Thunderclap","Ghostly Armor"],"picked":"Shrug It Off","floor":10},{"not_picked":["Pommel Strike","Sword Boomerang","Armaments"],"picked":"SKIP","floor":11},{"not_picked":["True Grit","Combust"],"picked":"Demonic Infusion","floor":12},{"not_picked":["Iron Wave","True Grit","Havoc"],"picked":"SKIP","floor":14},{"not_picked":["Limit Break","Eclipse"],"picked":"Fiend Fire","floor":16},{"not_picked":["Carnage+1","Cleave","Twin Strike"],"picked":"SKIP","floor":18},{"not_picked":["Dual Wield","Whirlwind","Pummel"],"picked":"SKIP","floor":24},{"not_picked":["Second Wind","Shrug It Off","Sword Boomerang"],"picked":"SKIP","floor":25}],"player_experience":1456903,"relics_obtained":[{"floor":7,"key":"Du-Vu Doll"},{"floor":9,"key":"King of Hearts"},{"floor":22,"key":"Red Mask"},{"floor":24,"key":"Replay:Mystery Machine"},{"floor":26,"key":"Ice Cream"}],"event_choices":[{"damage_healed":0,"gold_gain":0,"player_choice":"Upgraded","damage_taken":0,"max_hp_gain":0,"max_hp_loss":0,"event_name":"Upgrade Shrine","floor":3,"gold_loss":0,"cards_upgraded":["True Grit"]},{"damage_healed":33,"gold_gain":0,"player_choice":"Heal","damage_taken":0,"max_hp_gain":0,"max_hp_loss":0,"event_name":"The Library","floor":20,"gold_loss":0},{"damage_healed":0,"gold_gain":0,"player_choice":"Obtained Relic","damage_taken":0,"relics_obtained":["Blue Doll"],"max_hp_gain":0,"max_hp_loss":0,"event_name":"Addict","floor":21,"gold_loss":85},{"damage_healed":0,"gold_gain":0,"player_choice":"Fought Bandits","damage_taken":0,"max_hp_gain":0,"max_hp_loss":0,"event_name":"Masked Bandits","floor":22,"gold_loss":0}],"is_beta":false,"boss_relics":[{"not_picked":["Honey Jar","Tiny House"],"picked":"Ooze Armor"}],"items_purged_floors":[19],"is_endless":false,"potions_floor_spawned":[4,5,14,16,24,25],"killed_by":"Book of Stabbing","ascension_level":12}}