{"host":"a7dhdzm3fda48fos","time":1610006794,"event":{"mods":["AchievementEnabler","AlwaysNeverKeys","BaseMod","Better Altar","Better Note","Better Sensory Stone","Better Skull","Better Third Choice","BetterRewards","Block Reminder","Colored Map","Displayed Cursed Tome","Gold Saver","Minty Spire (QoL Compilation)","Quick Restart","Relic Filter","Relic Sorter","Relic Stats","Remove Card Discount Mod","Shop Mod","Spicy Shops","StSLib"],"gold_per_floor":[502,502,159,124,124,124,148,191,191,191,191,7,41,57,57,187,187,201,75,99,99,118,118,157,8,54,85,85,85,103,118,118,248,248,261,150,174,15,28,28,62,62,134,169,192,233,249,249,249,249,249,249,0,40,40],"floor_reached":56,"playtime":3007,"items_purged":["Perfected Strike","Defend_R+1","Defend_R+1","Strike_R","Strike_R+1","Strike_R","Strike_R","Defend_R","Defend_R","Strike_R"],"score":1792,"play_id":"c009a1cd-2daf-4799-bc2e-5f143f6e6092","local_time":"20210107090634","is_ascension_mode":true,"campfire_choices":[{"data":"Inflame","floor":6,"key":"SMITH"},{"data":"Panache","floor":10,"key":"SMITH"},{"data":"Fire Breathing","floor":15,"key":"SMITH"},{"data":"Brutality","floor":23,"key":"SMITH"},{"floor":29,"key":"REST"},{"data":"Offering","floor":32,"key":"SMITH"},{"data":"Berserk","floor":40,"key":"SMITH"},{"floor":42,"key":"REST"},{"data":"Dark Embrace","floor":49,"key":"SMITH"},{"data":"Combust","floor":52,"key":"SMITH"}],"circlet_count":0,"master_deck":["Bash","Inflame+1","Panache+1","Sentinel","Dramatic Entrance","Feel No Pain+1","Sword Boomerang+1","Pummel","Fire Breathing+1","Rupture","Offering+1","Shockwave","Brutality+1","Hemokinesis","Spot Weakness","Shrug It Off","Pommel Strike+1","Searing Blow","Demon Form","Rage+1","Iron Wave","Limit Break","Headbutt+1","Thunderclap","Shrug It Off","Dark Embrace+1","Berserk+1","Infernal Blade+1","Combust+1","Pommel Strike+1","Sword Boomerang","Offering+1","Secret Weapon","Rampage+1"],"relics":["Burning Blood","MerchantsRug","Ice Cream","Golden Idol","Mummified Hand","Lizard Tail","Membership Card","Sozu","Bottled Tornado","Question Card","Anchor","Red Skull","Runic Cube","Lantern","Medical Kit","Oddly Smooth Stone","Bottled Flame","Blood Vial","Charon\u0027s Ashes","Orichalcum","Pen Nib","Happy Flower","ClockworkSouvenir","Boot"],"acts_visited":["Exordium","TheCity","TheBeyond","TheEnding"],"potions_floor_usage":[55],"damage_taken":[{"damage":7,"enemies":"Jaw Worm","floor":1,"turns":3},{"damage":0,"enemies":"Small Slimes","floor":7,"turns":2},{"damage":11,"enemies":"Gremlin Nob","floor":8,"turns":3},{"damage":0,"enemies":"Lagavulin","floor":13,"turns":4},{"damage":0,"enemies":"2 Louse","floor":14,"turns":1},{"damage":17,"enemies":"Slime Boss","floor":16,"turns":5},{"damage":8,"enemies":"Chosen","floor":18,"turns":3},{"damage":2,"enemies":"3 Byrds","floor":20,"turns":3},{"damage":5,"enemies":"Sentry and Sphere","floor":22,"turns":3},{"damage":18,"enemies":"Book of Stabbing","floor":24,"turns":3},{"damage":39,"enemies":"Slavers","floor":27,"turns":4},{"damage":7,"enemies":"Chosen and Byrds","floor":30,"turns":4},{"damage":4,"enemies":"Snecko","floor":31,"turns":3},{"damage":22,"enemies":"Automaton","floor":33,"turns":5},{"damage":13,"enemies":"3 Shapes","floor":35,"turns":2},{"damage":7,"enemies":"3 Darklings","floor":37,"turns":2},{"damage":35,"enemies":"Maw","floor":39,"turns":4},{"damage":9,"enemies":"Giant Head","floor":41,"turns":2},{"damage":10,"enemies":"Nemesis","floor":44,"turns":3},{"damage":11,"enemies":"Writhing Mass","floor":45,"turns":2},{"damage":8,"enemies":"Giant Head","floor":46,"turns":3},{"damage":1,"enemies":"3 Darklings","floor":47,"turns":2},{"damage":58,"enemies":"Time Eater","floor":50,"turns":5},{"damage":3,"enemies":"Shield and Spear","floor":54,"turns":2},{"damage":56,"enemies":"The Heart","floor":55,"turns":4}],"seed_played":"2533579099427583527","potions_obtained":[{"floor":1,"key":"FairyPotion"},{"floor":13,"key":"FearPotion"},{"floor":16,"key":"FearPotion"}],"is_trial":false,"path_per_floor":["M","?","$","?","?","R","M","E","T","R","?","$","E","M","R","B",null,"M","$","M","?","M","R","E","$","T","E","?","R","M","M","R","B",null,"M","$","M","$","M","R","E","R","T","E","M","E","M","?","R","B",null,"R","$","E","B",null],"character_chosen":"IRONCLAD","items_purchased":["Inflame","Panache","MerchantsRug","Ice Cream","Omamori","Dramatic Entrance","Feel No Pain","Membership Card","Fire Breathing","Brutality","Hemokinesis","Bottled Tornado","Question Card","Lantern","Medical Kit","Shrug It Off","Oddly Smooth Stone","Dark Embrace","Orichalcum","Pen Nib","Secret Weapon","Happy Flower","ClockworkSouvenir"],"campfire_rested":2,"item_purchase_floors":[0,0,0,0,3,3,3,12,12,19,19,25,25,36,36,38,38,38,53,53,53,53,53],"current_hp_per_floor":[79,59,59,79,76,76,80,75,75,75,75,80,80,80,80,69,80,78,80,80,80,80,80,68,80,80,47,31,55,54,56,56,40,80,73,80,79,80,51,51,48,72,72,68,65,65,72,72,72,22,80,80,80,80,30],"gold":40,"neow_bonus":"","is_daily":false,"chose_seed":false,"campfire_upgraded":8,"win_rate":0.0,"timestamp":1610006794,"path_taken":["M","?","$","?","?","R","M","E","T","R","?","?","E","M","R","BOSS","M","$","M","?","?","R","E","?","T","E","?","R","M","M","R","BOSS","M","$","M","$","M","R","E","R","T","E","M","E","M","?","R","BOSS","R","$","E","BOSS"],"items_purchased_type":["Card","Card","Relic","Relic","Relic","Card","Card","Relic","Card","Card","Card","Relic","Relic","Relic","Relic","Card","Relic","Card","Relic","Relic","Card","Relic","Relic"],"build_version":"2020-12-22","purchased_purges":10,"victory":true,"max_hp_per_floor":[80,80,80,80,80,80,80,80,80,80,80,80,80,80,80,80,80,80,80,80,80,80,80,80,80,80,80,80,80,80,80,80,80,80,80,80,80,80,80,80,80,80,80,80,80,80,80,80,80,80,80,80,80,80,80],"relic_stats":{"Happy Flower":[19],"counters":[53,187],"Golden Idol":209,"Charon\u0027s Ashes":[99],"Pen Nib":[2],"Orichalcum":[156],"Question Card":13,"Medical Kit":[5],"Boot":[23],"Burning Blood":276,"Sozu":17,"Blood Vial":37,"Lizard Tail":0,"Mummified Hand":[143],"obtain_stats":[{"Ice Cream":0,"Tiny House":34,"Vajra":48,"Whetstone":28,"Bottled Tornado":48,"Boot":44,"Blood Vial":9,"Sozu":17,"Centennial Puzzle":19,"Lizard Tail":9,"MealTicket":5,"Necronomicon":22,"Runic Cube":34,"MerchantsRug":36,"Pear":23,"Happy Flower":31,"Oddly Smooth Stone":54,"Eternal Feather":26,"Charon\u0027s Ashes":46,"Pen Nib":53,"War Paint":24,"Question Card":25,"Du-Vu Doll":41,"Bottled Flame":43,"Bird Faced Urn":43,"Molten Egg 2":36,"Pocketwatch":44,"Regal Pillow":6,"Lantern":36,"Bag of Preparation":36,"Burning Blood":0,"ClockworkSouvenir":53,"Dream Catcher":5,"Nunchaku":39,"Matryoshka":36,"Mummified Hand":8,"Tiny Chest":5,"Red Skull":27,"Potion Belt":43,"Golden Idol":2,"PreservedInsect":36,"Omamori":3,"Frozen Egg 2":14,"Orichalcum":29,"Medical Kit":36,"CaptainsWheel":47,"Anchor":26,"Bag of Marbles":13,"Membership Card":5},{"Ice Cream":28,"Tiny House":17,"Vajra":25,"Whetstone":13,"Bottled Tornado":25,"Boot":22,"Blood Vial":5,"Sozu":9,"Centennial Puzzle":10,"Lizard Tail":31,"MealTicket":29,"Necronomicon":10,"Runic Cube":42,"MerchantsRug":18,"Pear":11,"Happy Flower":16,"Oddly Smooth Stone":27,"Eternal Feather":12,"Charon\u0027s Ashes":49,"Pen Nib":51,"War Paint":38,"Question Card":38,"Du-Vu Doll":46,"Bottled Flame":46,"Bird Faced Urn":22,"Molten Egg 2":18,"Pocketwatch":22,"Regal Pillow":4,"Lantern":43,"Bag of Preparation":18,"Burning Blood":0,"ClockworkSouvenir":51,"Dream Catcher":3,"Nunchaku":20,"Matryoshka":18,"Mummified Hand":31,"Tiny Chest":3,"Red Skull":39,"Potion Belt":22,"Golden Idol":29,"PreservedInsect":18,"Omamori":29,"Frozen Egg 2":8,"Orichalcum":14,"Medical Kit":43,"CaptainsWheel":25,"Anchor":38,"Bag of Marbles":8,"Membership Card":3},{"Ice Cream":110,"Tiny House":63,"Vajra":93,"Whetstone":46,"Bottled Tornado":93,"Boot":81,"Blood Vial":15,"Sozu":32,"Centennial Puzzle":36,"Lizard Tail":118,"MealTicket":113,"Necronomicon":36,"Runic Cube":156,"MerchantsRug":66,"Pear":40,"Happy Flower":57,"Oddly Smooth Stone":104,"Eternal Feather":42,"Charon\u0027s Ashes":174,"Pen Nib":181,"War Paint":140,"Question Card":140,"Du-Vu Doll":166,"Bottled Flame":166,"Bird Faced Urn":81,"Molten Egg 2":66,"Pocketwatch":81,"Regal Pillow":13,"Lantern":158,"Bag of Preparation":66,"Burning Blood":0,"ClockworkSouvenir":181,"Dream Catcher":6,"Nunchaku":75,"Matryoshka":66,"Mummified Hand":118,"Tiny Chest":6,"Red Skull":144,"Potion Belt":81,"Golden Idol":113,"PreservedInsect":66,"Omamori":113,"Frozen Egg 2":25,"Orichalcum":51,"Medical Kit":158,"CaptainsWheel":93,"Anchor":140,"Bag of Marbles":25,"Membership Card":6}],"Runic Cube":[63]},"card_choices":[{"not_picked":["Burning Pact","Dark Embrace"],"picked":"Sentinel","floor":1},{"not_picked":["Warcry","Flex"],"picked":"Sword Boomerang","floor":7},{"not_picked":["Clash","Anger"],"picked":"Pummel","floor":8},{"not_picked":["Anger","Flame Barrier"],"picked":"Warcry","floor":13},{"not_picked":["Flex","Ghostly Armor"],"picked":"Rupture","floor":14},{"not_picked":["Limit Break","Juggernaut"],"picked":"Offering","floor":16},{"not_picked":["Headbutt+1","Armaments+1"],"picked":"Shockwave","floor":18},{"not_picked":["Wild Strike+1","Battle Trance"],"picked":"Spot Weakness","floor":20},{"not_picked":["Entrench","Power Through"],"picked":"Shrug It Off","floor":22},{"not_picked":["Headbutt","Battle Trance+1"],"picked":"Pommel Strike+1","floor":24},{"not_picked":["Reckless Charge","Perfected Strike","Ghostly Armor"],"picked":"Searing Blow","floor":27},{"not_picked":["Headbutt","Warcry","Anger"],"picked":"Rage+1","floor":30},{"not_picked":["Immolate","Havoc","Seeing Red"],"picked":"Iron Wave","floor":31},{"not_picked":["Immolate","Bludgeon","Demon Form"],"picked":"Limit Break","floor":33},{"not_picked":["Havoc+1","Clothesline","Armaments+1"],"picked":"Headbutt+1","floor":35},{"not_picked":["Warcry","Anger+1","Wild Strike"],"picked":"Thunderclap","floor":37},{"not_picked":["Infernal Blade+1","Shrug It Off+1","Seeing Red"],"picked":"Berserk","floor":39},{"not_picked":["Reckless Charge","Twin Strike+1","Clash+1"],"picked":"Infernal Blade+1","floor":41},{"not_picked":["Wild Strike","Anger","Juggernaut"],"picked":"Combust","floor":44},{"not_picked":["Armaments+1","Twin Strike","Anger+1"],"picked":"Pommel Strike+1","floor":45},{"not_picked":["Body Slam+1","Havoc","Iron Wave+1"],"picked":"Sword Boomerang","floor":46},{"not_picked":["Flame Barrier","Combust+1","Iron Wave"],"picked":"Offering","floor":47},{"not_picked":["Clash+1","Sword Boomerang+1","Fiend Fire"],"picked":"Rampage+1","floor":54}],"player_experience":86044,"relics_obtained":[{"floor":8,"key":"Mummified Hand"},{"floor":9,"key":"Lizard Tail"},{"floor":13,"key":"Whetstone"},{"floor":24,"key":"War Paint"},{"floor":26,"key":"Anchor"},{"floor":27,"key":"Red Skull"},{"floor":41,"key":"Du-Vu Doll"},{"floor":43,"key":"Bottled Flame"},{"floor":44,"key":"Blood Vial"},{"floor":46,"key":"Charon\u0027s Ashes"},{"floor":54,"key":"Boot"}],"event_choices":[{"damage_healed":0,"gold_gain":0,"player_choice":"Take Damage","damage_taken":20,"relics_obtained":["Golden Idol"],"max_hp_gain":0,"max_hp_loss":0,"event_name":"Golden Idol","floor":2,"gold_loss":0},{"damage_healed":20,"gold_gain":0,"player_choice":"Healed","damage_taken":0,"max_hp_gain":0,"max_hp_loss":0,"event_name":"The Cleric","floor":4,"gold_loss":35},{"damage_healed":0,"gold_gain":0,"player_choice":"Relic ","damage_taken":3,"max_hp_gain":0,"max_hp_loss":0,"event_name":"betterThird:BetterScrap","floor":5,"gold_loss":0,"cards_obtained":["Establishment"]},{"damage_healed":0,"gold_gain":0,"player_choice":"Grow","damage_taken":0,"max_hp_gain":0,"max_hp_loss":0,"event_name":"Living Wall","floor":11,"gold_loss":0,"cards_upgraded":["Feel No Pain"]},{"damage_healed":0,"gold_gain":0,"cards_transformed":["Warcry"],"player_choice":"Transformed","damage_taken":0,"max_hp_gain":0,"max_hp_loss":0,"event_name":"Transmorgrifier","floor":21,"gold_loss":0,"cards_obtained":["Perfected Strike"]},{"damage_healed":0,"gold_gain":2,"player_choice":"2","damage_taken":0,"max_hp_gain":0,"max_hp_loss":16,"event_name":"betterStone:BetterStone","floor":28,"gold_loss":0},{"damage_healed":0,"gold_gain":0,"player_choice":"Forge","damage_taken":0,"max_hp_gain":0,"max_hp_loss":0,"event_name":"Accursed Blacksmith","floor":48,"gold_loss":0,"cards_upgraded":["Offering"]}],"is_beta":false,"boss_relics":[{"not_picked":["Runic Pyramid","Snecko Eye"],"picked":"Sozu"},{"not_picked":["SlaversCollar","Black Blood"],"picked":"Runic Cube"}],"items_purged_floors":[25,38,38,38,38,38,38,38,38,38],"is_endless":false,"potions_floor_spawned":[1,13,16,22,24,30,33,39,41,45,47,54],"ascension_level":2}}