{"host":"61xbmbtf5zrn7rzc","time":1610055213,"event":{"mods":["BaseMod","Challenge The Spire","Downfall","Hubris","Minty Spire (QoL Compilation)","Replay The Spire","StSLib","SuperFastMode","The Marked"],"gold_per_floor":[99,117,136,150,163,163,245,263,275,275,290,200,230,242,252,354,354,279,296,313,52,71,71,126,126,145,245,245,245,261,261,272,369,369,369,386,404,418,418,418,418,449,467,392,404,22,22,22,38,38],"floor_reached":51,"playtime":2250,"items_purged":["Slimebound:Strike_Slimebound","Slimebound:Strike_Slimebound","Writhe"],"score":795,"play_id":"7d1b6d3b-b905-4a95-a678-5cbb4e0d4c63","local_time":"20210107163333","is_ascension_mode":true,"campfire_choices":[{"data":"Slimebound:Split","floor":1,"key":"SMITH"},{"data":"Slimebound:GrowthPunch","floor":6,"key":"SMITH"},{"data":"Slimebound:SplitMire","floor":10,"key":"SMITH"},{"data":"Slimebound:DuplicatedForm","floor":18,"key":"SMITH"},{"data":"Slimebound:LeadByExample","floor":23,"key":"SMITH"},{"data":"Slimebound:SplitBruiser","floor":25,"key":"SMITH"},{"data":"Slimebound:SlimeSpikes","floor":28,"key":"SMITH"},{"data":"Slimebound:DuplicatedForm","floor":35,"key":"SMITH"},{"floor":44,"key":"RECALL"}],"circlet_count":0,"master_deck":["Slimebound:Tackle+1","Slimebound:Split+1","Slimebound:CorrosiveSpit","Slimebound:OneTwoCombo+1","Slimebound:GrowthPunch+1","Slimebound:SplitMire+1","Slimebound:SplitBruiser+1","Slimebound:DuplicatedForm+1","Slimebound:LeadByExample+1","Slimebound:SplitAcid","Slimebound:LevelUp+1","Slimebound:SplitLeeching+1","Slimebound:SlimeSpikes+1","Slimebound:OneTwoCombo","Slimebound:SlimeSpikes","Slimebound:DouseInSlime+1","Slimebound:LivingWall","Slimebound:DuplicatedForm+1","Slimebound:MassRepurpose","Slimebound:SlimeSpikes","Slimebound:SplitAcid+1","Slimebound:LeadByExample+1"],"relics":["Slimebound:AbsorbEndCombat","Pen Nib","Replay:Baseball","Coffee Dripper","downfall:HeartBlessingBlue","Whetstone","hubris:TenFootPole","Ice Cream","Replay:Bottled Flurry","Kunai","Pandora\u0027s Box","Gremlin Horn","Ornamental Fan","Thread and Needle","downfall:HeartBlessingGreen","Medical Kit","hubris:GlazedTorus","Anchor"],"acts_visited":["Exordium","TheCity","TheBeyond"],"potions_floor_usage":[12,16,16,16,20,27,33,33,43,50],"damage_taken":[{"damage":10,"enemies":"Cultist","floor":2,"turns":4},{"damage":13,"enemies":"Small Slimes","floor":3,"turns":4},{"damage":8,"enemies":"2 Louse","floor":4,"turns":2},{"damage":13,"enemies":"Large Slime","floor":5,"turns":4},{"damage":16,"enemies":"2 Fungi Beasts","floor":8,"turns":3},{"damage":14,"enemies":"Lots of Slimes","floor":9,"turns":4},{"damage":12,"enemies":"3 Louse","floor":11,"turns":2},{"damage":16,"enemies":"downfall:FleeingMerchant","floor":12,"turns":4},{"damage":39,"enemies":"Replay:BlueRogue","floor":13,"turns":4},{"damage":24,"enemies":"Exordium Thugs","floor":14,"turns":3},{"damage":27,"enemies":"Exordium Wildlife","floor":15,"turns":3},{"damage":28,"enemies":"downfall:Watcher","floor":16,"turns":5},{"damage":24,"enemies":"Spheric Guardian","floor":19,"turns":3},{"damage":23,"enemies":"Snecko","floor":20,"turns":3},{"damage":44,"enemies":"downfall:FleeingMerchant","floor":21,"turns":4},{"damage":22,"enemies":"Centurion and Healer","floor":22,"turns":3},{"damage":34,"enemies":"Snake Plant","floor":26,"turns":2},{"damage":31,"enemies":"downfall:Defect","floor":27,"turns":3},{"damage":39,"enemies":"3 Cultists","floor":30,"turns":3},{"damage":41,"enemies":"Centurion and Healer","floor":32,"turns":4},{"damage":64,"enemies":"downfall:Ironclad","floor":33,"turns":4},{"damage":55,"enemies":"3 Darklings","floor":36,"turns":3},{"damage":46,"enemies":"Orb Walker","floor":37,"turns":2},{"damage":33,"enemies":"4 Shapes","floor":38,"turns":4},{"damage":39,"enemies":"Reptomancer","floor":42,"turns":3},{"damage":33,"enemies":"Writhing Mass","floor":43,"turns":4},{"damage":35,"enemies":"Spire Growth","floor":45,"turns":3},{"damage":16,"enemies":"downfall:FleeingMerchant","floor":46,"turns":3},{"damage":20,"enemies":"4 Shapes","floor":49,"turns":3},{"damage":75,"enemies":"downfall:Silent","floor":50,"turns":5}],"seed_played":"-2790486705338142399","potions_obtained":[{"floor":3,"key":"Slimebound:SlimyTonguePotion"},{"floor":4,"key":"hexamod:EctoCoolerPotion"},{"floor":5,"key":"Toxic Potion"},{"floor":14,"key":"PowerPotion"},{"floor":16,"key":"DistilledChaos"},{"floor":19,"key":"FearPotion"},{"floor":22,"key":"champ:CounterPotion"},{"floor":32,"key":"FearPotion"},{"floor":33,"key":"LifebloodPotion"},{"floor":36,"key":"Cursed Concoction"},{"floor":42,"key":"Slimebound:SpawnSlimePotion"},{"floor":45,"key":"Slimebound:SlimedPotion"}],"is_trial":false,"path_per_floor":["R","M","M","M","M","R","T","M","M","R","M","$","E","M","M","B",null,"R","M","M","$","M","R","T","R","M","?","R","?","M","?","M","B",null,"R","M","M","M","?","?","T","E","M","R","M","$","?","?","M","B",null],"character_chosen":"SLIMEBOUND","items_purchased":["Whetstone","Medical Kit","hubris:GlazedTorus","Anchor"],"campfire_rested":0,"item_purchase_floors":[21,46,46,46],"current_hp_per_floor":[60,58,60,60,55,55,55,55,60,60,60,60,60,55,53,58,60,70,66,70,70,60,60,60,60,58,70,70,70,70,66,64,51,75,75,75,64,75,75,72,72,71,75,75,75,75,75,75,75,75],"gold":38,"neow_bonus":"RANDOM_COMMON_RELIC","is_daily":false,"chose_seed":false,"campfire_upgraded":8,"win_rate":0.0,"timestamp":1610055213,"path_taken":["R","M","?","M","M","R","T","M","?","R","M","$","E","M","M","BOSS","R","M","M","$","M","R","T","R","M","?","R","?","M","?","M","BOSS","R","M","M","M","?","?","T","E","?","R","M","$","?","?","M","BOSS"],"items_purchased_type":["Relic","Relic","Relic","Relic"],"build_version":"2020-12-22","purchased_purges":3,"victory":true,"max_hp_per_floor":[60,60,60,60,60,60,60,60,60,60,60,60,60,60,60,60,60,70,70,70,70,70,70,70,70,70,70,70,70,70,75,75,75,75,75,75,75,75,75,75,75,75,75,75,75,75,75,75,75,75],"card_choices":[{"not_picked":["Slimebound:GrowthPunch","Slimebound:SlimeSpikes","Slimebound:PressTheAttack"],"picked":"SKIP","floor":2},{"not_picked":["Slimebound:SlimeBarrage","Slimebound:Chomp"],"picked":"Slimebound:OneTwoCombo","floor":3},{"not_picked":["Slimebound:HauntingLick","Slimebound:Nibble","Slimebound:GoopTackle"],"picked":"SKIP","floor":4},{"not_picked":["Slimebound:PressTheAttack","Slimebound:LeechEnergy"],"picked":"Slimebound:GrowthPunch","floor":5},{"not_picked":["Slimebound:RejuvenatingLick","Slimebound:Recollect","Slimebound:ForwardTackle"],"picked":"SKIP","floor":8},{"not_picked":["Slimebound:LeechingTouch","Slimebound:GoopSpray"],"picked":"Slimebound:SplitMire","floor":9},{"not_picked":["Slimebound:PressTheAttack","Slimebound:FinishingTackle"],"picked":"Slimebound:SplitBruiser","floor":11},{"not_picked":["Slimebound:LeechEnergy","Slimebound:Schlurp"],"picked":"Slimebound:DuplicatedForm","floor":12},{"not_picked":["Slimebound:FinishingTackle","Slimebound:GoopTackle","Slimebound:ViciousTackle"],"picked":"SKIP","floor":13},{"not_picked":["Slimebound:HauntingLick","Slimebound:RollThrough","Slimebound:Repurpose"],"picked":"SKIP","floor":14},{"not_picked":["Slimebound:ForwardTackle","Slimebound:Repurpose"],"picked":"Slimebound:LeadByExample","floor":15},{"not_picked":["Slimebound:GoopSpray","Slimebound:FlameTackle"],"picked":"Slimebound:SplitAcid","floor":19},{"not_picked":["Slimebound:GrowthPunch","Slimebound:RollThrough"],"picked":"Slimebound:LevelUp+1","floor":20},{"not_picked":["Slimebound:GoopSpray","Slimebound:FinishingTackle"],"picked":"Slimebound:SplitLeeching+1","floor":21},{"not_picked":["Slimebound:LivingWall","Slimebound:SplitMire","Slimebound:AcidTongue"],"picked":"SKIP","floor":22},{"not_picked":["Slimebound:BestDefense","Slimebound:SplitBruiser","Slimebound:GrowthPunch"],"picked":"SKIP","floor":26},{"not_picked":["Slimebound:Recollect","Slimebound:FinishingTackle"],"picked":"Slimebound:SlimeSpikes","floor":27},{"not_picked":["Slimebound:GoopSpray+1","Slimebound:PressTheAttack","Slimebound:Repurpose+1"],"picked":"SKIP","floor":30},{"not_picked":["Slimebound:FirmFortitude","Slimebound:ComboTackle","Slimebound:LeechLife"],"picked":"SKIP","floor":32},{"not_picked":["Slimebound:MassFeed","Slimebound:PrepareCrush"],"picked":"Slimebound:OneTwoCombo","floor":33},{"not_picked":["Slimebound:PressTheAttack+1","Slimebound:GrowthPunch","Slimebound:FirmFortitude"],"picked":"SKIP","floor":36},{"not_picked":["Slimebound:FirmFortitude+1","Slimebound:RollThrough+1"],"picked":"Slimebound:SlimeSpikes","floor":37},{"not_picked":["Slimebound:SlimeSpikes","Slimebound:ForwardTackle+1","Slimebound:FinishingTackle+1"],"picked":"SKIP","floor":38},{"not_picked":["Slimebound:SplitLeeching+1","Slimebound:SplitBruiser+1"],"picked":"Slimebound:SplitAcid+1","floor":42},{"not_picked":["Slimebound:DisruptingSlam","Slimebound:LivingWall","Slimebound:GoopTackle+1"],"picked":"SKIP","floor":43},{"not_picked":["Slimebound:SlimeBrawl+1","Slimebound:Schlurp","Slimebound:SplitBruiser"],"picked":"SKIP","floor":45},{"not_picked":["Slimebound:ComboTackle","Slimebound:Schlurp+1"],"picked":"Slimebound:LeadByExample+1","floor":46},{"not_picked":["Slimebound:PressTheAttack+1","Slimebound:GoopTackle","Slimebound:ForwardTackle+1"],"picked":"SKIP","floor":49}],"player_experience":155272,"relics_obtained":[{"floor":13,"key":"Replay:Baseball"},{"floor":24,"key":"hubris:TenFootPole"},{"floor":27,"key":"Ice Cream"},{"floor":27,"key":"Replay:Bottled Flurry"},{"floor":39,"key":"Gremlin Horn"},{"floor":41,"key":"Ornamental Fan"},{"floor":42,"key":"Thread and Needle"}],"event_choices":[{"damage_healed":0,"gold_gain":0,"player_choice":"Damaged","damage_taken":7,"max_hp_gain":0,"max_hp_loss":0,"event_name":"Wheel of Change","floor":40,"gold_loss":0}],"is_beta":false,"boss_relics":[{"not_picked":["hubris:BlackHole","Abe\u0027s Treasure"],"picked":"Coffee Dripper"},{"not_picked":["Runic Pyramid","Philosopher\u0027s Stone"],"picked":"Pandora\u0027s Box"}],"items_purged_floors":[12,21,46],"is_endless":false,"potions_floor_spawned":[3,4,5,14,15,16,19,22,32,33,36,42,45,49],"ascension_level":1}}