{"host":"0jugj35n0ams2iav","time":1610053191,"event":{"mods":["BaseMod","Downfall","Hubris","Minty Spire (QoL Compilation)","Replay The Spire","StSLib","The Cursed","The Marked"],"gold_per_floor":[118,128,128,179,179,179,90,90,166,166,181,181,195,215,215,316,316,326,326,241,252,268,297,103,117,117,117,117,117,129,147,147,242,242,262,262,262,21,40,72,22,22,22,22,40,58,31,77,77,77],"floor_reached":51,"playtime":6078,"items_purged":["Strike_R","Warcry"],"score":693,"play_id":"216c7866-5076-46de-bed4-56c1ec0d30cd","local_time":"20210107205951","is_ascension_mode":true,"campfire_choices":[{"data":"Seeing Red","floor":6.0,"key":"SMITH"},{"data":"Dark Shackles","floor":8.0,"key":"SMITH"},{"data":"Defend_R","floor":10.0,"key":"SMITH"},{"data":"Strike_R","floor":15.0,"key":"PURGE"},{"floor":27.0,"key":"REST"},{"data":"Double Tap","floor":29.0,"key":"SMITH"},{"floor":32,"key":"REST"},{"data":"Entrench","floor":42,"key":"SMITH"},{"data":"Shockwave","floor":44,"key":"SMITH"},{"data":"hubris:ReadiedAction","floor":49,"key":"SMITH"}],"circlet_count":0,"master_deck":["Zap+1","Strike_R+1","Strike_R","Strike_R","Defend_R+1","Defend_R+1","Defend_R+1","Defend_R+1","Bash+1","Seeing Red+1","Dark Shackles+1","Shockwave+1","Barricade+1","Flame Barrier+1","Run Through","Spot Weakness","Double Tap+1","Ghostly Armor","hubris:StunningStrike","Entrench+1","Master of Strategy","Hemogenesis","hubris:ReadiedAction+1","Impervious","Ghostly Armor","Shrug It Off+1","Dropkick+1","Panacea+1"],"relics":["Burning Blood","Matryoshka","Runic Pyramid","Red Skull","Dream Catcher","Membership Card","War Paint","Paper Frog","hubris:Icosahedron","Coffee Dripper","hubris:Towel","Strange Spoon","ReplayTheSpireMod:Shallot","ReplayTheSpireMod:Spearhead","Blue Doll","Ginger"],"acts_visited":["Exordium","TheCity","TheBeyond"],"potions_floor_usage":[31,45,48,50,50],"damage_taken":[{"damage":1.0,"enemies":"Jaw Worm","floor":1.0,"turns":3.0},{"damage":8.0,"enemies":"2 Louse","floor":2.0,"turns":3.0},{"damage":0.0,"enemies":"Cultist","floor":11.0,"turns":3.0},{"damage":0.0,"enemies":"Looter","floor":13.0,"turns":4.0},{"damage":0.0,"enemies":"2 Fungi Beasts","floor":14.0,"turns":3.0},{"damage":41.0,"enemies":"Fading Forest","floor":16.0,"turns":11.0},{"damage":0.0,"enemies":"3 Byrds","floor":18.0,"turns":8.0},{"damage":7.0,"enemies":"Spheric Guardian","floor":21.0,"turns":8.0},{"damage":13.0,"enemies":"Centurion and Healer","floor":22.0,"turns":20.0},{"damage":89.0,"enemies":"Gremlin Leader","floor":23.0,"turns":11.0},{"damage":4.0,"enemies":"Shelled Parasite and Fungi","floor":25.0,"turns":6.0},{"damage":1,"enemies":"3 Cultists","floor":30,"turns":7},{"damage":0,"enemies":"Centurion and Healer","floor":31,"turns":7},{"damage":65,"enemies":"Champ","floor":33,"turns":14},{"damage":0,"enemies":"3 Shapes","floor":35,"turns":7},{"damage":8,"enemies":"Orb Walker","floor":39,"turns":8},{"damage":0,"enemies":"Nemesis","floor":40,"turns":15},{"damage":19,"enemies":"4 Shapes","floor":45,"turns":7},{"damage":0,"enemies":"Spire Growth","floor":46,"turns":6},{"damage":35,"enemies":"2 Orb Walkers","floor":48,"turns":8},{"damage":24,"enemies":"Donu and Deca","floor":50,"turns":10}],"seed_played":"3816824855830064084","potions_obtained":[{"floor":1.0,"key":"Weak Potion"},{"floor":2.0,"key":"SkillPotion"},{"floor":14.0,"key":"BlessingOfTheForge"},{"floor":16.0,"key":"FairyPotion"},{"floor":23.0,"key":"SkillPotion"},{"floor":30,"key":"Strength Potion"},{"floor":35,"key":"Swift Potion"},{"floor":40,"key":"Elixir"},{"floor":45,"key":"Fruit Juice"},{"floor":46,"key":"HeartOfIron"}],"is_trial":false,"path_per_floor":["M","M","$","?","?","R","$","R","T","R","M","?","M","M","R","B",null,"M","?","?","M","M","E","$","M","T","R","?","R","M","M","R","B",null,"M","?","?","$","M","E","$","R","T","R","M","M","$","?","R","B",null],"character_chosen":"IRONCLAD","items_purchased":["Dark Shackles","Membership Card","Hemogenesis","hubris:ReadiedAction","Impervious","Strange Spoon","Panacea+1"],"campfire_rested":2,"item_purchase_floors":[7,24,38,38,38,38,47],"current_hp_per_floor":[80,78,78,78,62,62,62,62,62,62,68,68,74,80,80,55,80,80,80,80,79,72,17,17,19,19,43,43,43,48,54,78,19,80,80,80,80,80,80,80,80,80,80,80,72,83,83,61,61,43],"gold":77,"neow_bonus":"UPGRADE_CARD","is_daily":false,"chose_seed":false,"campfire_upgraded":7,"win_rate":0.0,"timestamp":1610053191,"path_taken":["M","M","$","?","?","R","?","R","T","R","M","?","M","M","R","BOSS","M","?","?","M","M","E","$","M","T","R","?","R","?","M","R","BOSS","M","?","?","$","M","E","?","R","T","R","M","?","?","?","R","BOSS"],"items_purchased_type":["Card","Relic","Card","Card","Card","Relic","Card"],"build_version":"2020-12-22","purchased_purges":2,"victory":true,"max_hp_per_floor":[80,80,80,80,80,80,80,80,80,80,80,80,80,80,80,80,80,80,80,80,80,80,80,80,80,80,80,80,80,80,80,80,80,80,80,80,80,80,80,80,80,80,80,80,85,85,85,85,85,85],"card_choices":[{"not_picked":["Heavy Blade","Clash"],"picked":"Seeing Red","floor":1.0},{"not_picked":["Replay:Undeath\u0027s Touch","Rupture","Body Slam"],"picked":"SKIP","floor":2.0},{"not_picked":["Hemokinesis","Perfected Strike","Warcry"],"picked":"SKIP","floor":11.0},{"not_picked":["ReplayTheSpireMod:Corrosion Curse","Thunderclap"],"picked":"Shockwave","floor":13.0},{"not_picked":["Run Through","Headbutt"],"picked":"Warcry","floor":14.0},{"not_picked":["Impervious","Double Tap"],"picked":"Barricade","floor":16.0},{"not_picked":["Anger","Blood for Blood","Wild Strike+1"],"picked":"SKIP","floor":18.0},{"not_picked":["Dual Wield","Pommel Strike"],"picked":"Flame Barrier","floor":21.0},{"not_picked":["ReplayTheSpireMod:Strike From Hell+1","Thunderclap"],"picked":"Run Through","floor":22.0},{"not_picked":["Iron Wave","Clothesline+1","Heavy Blade"],"picked":"SKIP","floor":23.0},{"not_picked":["Pommel Strike","Armaments"],"picked":"Spot Weakness","floor":25.0},{"not_picked":["Intimidate+1","Rage"],"picked":"Double Tap","floor":27.0},{"not_picked":["Replay:Undeath\u0027s Touch","Pommel Strike"],"picked":"Ghostly Armor","floor":30},{"not_picked":["Wild Strike","Sever Soul+1","Replay:Undeath\u0027s Touch"],"picked":"SKIP","floor":31},{"not_picked":["Double Tap","Fiend Fire"],"picked":"hubris:StunningStrike","floor":33},{"not_picked":["Wild Strike","Replay:Undeath\u0027s Touch"],"picked":"Entrench","floor":35},{"not_picked":["Secret Technique","expansioncontent:DarkVoid"],"picked":"Master of Strategy","floor":37},{"not_picked":["Iron Wave","Warcry+1"],"picked":"Ghostly Armor","floor":39},{"not_picked":["Warcry","Whirlwind+1","Dark Embrace+1"],"picked":"SKIP","floor":40},{"not_picked":["Shockwave+1","Brutality"],"picked":"Shrug It Off+1","floor":45},{"not_picked":["Reckless Charge","Cleave+1"],"picked":"Dropkick+1","floor":46}],"player_experience":136089,"relics_obtained":[{"floor":9.0,"key":"Matryoshka"},{"floor":23.0,"key":"Dream Catcher"},{"floor":26.0,"key":"War Paint"},{"floor":26.0,"key":"Paper Frog"},{"floor":40,"key":"ReplayTheSpireMod:Shallot"},{"floor":43,"key":"ReplayTheSpireMod:Spearhead"},{"floor":43,"key":"Blue Doll"},{"floor":48,"key":"Ginger"}],"event_choices":[{"damage_healed":0.0,"max_hp_gain":0.0,"max_hp_loss":0.0,"gold_gain":51.0,"event_name":"Golden Wing","player_choice":"Gained Gold","floor":4.0,"gold_loss":0.0,"damage_taken":0.0},{"damage_healed":0.0,"max_hp_gain":0.0,"max_hp_loss":0.0,"gold_gain":0.0,"event_name":"Shining Light","player_choice":"Entered Light","floor":5.0,"gold_loss":0.0,"damage_taken":16.0,"cards_upgraded":["Strike_R","Defend_R"]},{"damage_healed":0.0,"max_hp_gain":0.0,"max_hp_loss":0.0,"gold_gain":0.0,"event_name":"Living Wall","player_choice":"Grow","floor":12.0,"gold_loss":0.0,"damage_taken":0.0,"cards_upgraded":["Defend_R"]},{"damage_healed":0.0,"max_hp_gain":0.0,"max_hp_loss":0.0,"gold_gain":0.0,"event_name":"Addict","player_choice":"Obtained Relic","floor":20.0,"gold_loss":85.0,"damage_taken":0.0,"relics_obtained":["Red Skull"]},{"damage_healed":0,"gold_gain":0,"player_choice":"Memory 1","damage_taken":0,"max_hp_gain":0,"max_hp_loss":0,"event_name":"SensoryStone","floor":37,"gold_loss":0},{"damage_healed":0,"gold_gain":0,"player_choice":"Fight","damage_taken":0,"max_hp_gain":0,"max_hp_loss":0,"event_name":"Mysterious Sphere","floor":48,"gold_loss":0}],"is_beta":false,"boss_relics":[{"not_picked":["hubris:GrandSneckoEye","hubris:TerracottaHorce"],"picked":"Runic Pyramid"},{"not_picked":["Busted Crown","Calling Bell"],"picked":"Coffee Dripper"}],"items_purged_floors":[24,41],"is_endless":false,"potions_floor_spawned":[1,2,14,16,21,22,23,30,35,40,45,46],"ascension_level":1}}