{"host":"pno9h1fupbyz205f","time":1610061671,"event":{"mods":["Aspiration","BaseMod","Better Altar","Better Match","Better Note","Better Sensory Stone","Better Skull","Better Third Choice","Colored Map","Colored Powertips","Hubris","Infinite Spire","Jedi Mod","Mad Scientist","Marisa????????","Minty Spire (QoL Compilation)","Permanent Neow","Potionbrewer","Replay The Spire","Shop Mod","StSLib","Td1madao Mod","The Blackbeard","The Gatherer","The Hierophant","The Poker Player","The Runesmith","The Servant 0.9.4","thorton","vexMod"],"gold_per_floor":[113,127,127,127,127,127,146,156,236,236,20,45,57,82,82,177,177,177,177],"floor_reached":18,"playtime":627,"items_purged":["Defend_B"],"score":160,"play_id":"b8e38918-9381-4e21-8d94-b4fcadd60533","local_time":"20210107152111","is_ascension_mode":false,"campfire_choices":[{"data":"Beam Cell","floor":6,"key":"SMITH"},{"floor":15,"key":"REST"}],"circlet_count":0,"master_deck":["Strike_B","Strike_B","Strike_B","Defend_B","Defend_B+1","Defend_B+1","Zap+1","Dualcast+1","Beam Cell+1","Go for the Eyes","hubris:Prefetch","Conserve Battery","Ball Lightning","jedi:readyaimfire"],"relics":["Cracked Core","Mirror","MerchantsRug","War Paint","Potion Belt","hubris:HollowSoul"],"acts_visited":["Exordium","TheCity"],"potions_floor_usage":[7,11,16,16,18],"damage_taken":[{"damage":1,"enemies":"Jaw Worm","floor":1,"turns":3},{"damage":0,"enemies":"2 Louse","floor":2,"turns":2},{"damage":0,"enemies":"Small Slimes","floor":7,"turns":2},{"damage":9,"enemies":"Red Slaver","floor":8,"turns":2},{"damage":52,"enemies":"3 Sentries","floor":12,"turns":9},{"damage":5,"enemies":"3 Louse","floor":13,"turns":4},{"damage":44,"enemies":"Fading Forest","floor":16,"turns":11},{"damage":18,"enemies":"Shell Parasite","floor":18,"turns":5}],"seed_played":"1427723463655101620","potions_obtained":[{"floor":2,"key":"Venom Potion"},{"floor":12,"key":"LiquidMemories"},{"floor":13,"key":"jedi:coolantleak"},{"floor":16,"key":"jedi:coolantleak"}],"is_trial":false,"path_per_floor":["M","M","?","?","?","R","M","M","T","?","$","E","M","T","R","B",null,"M"],"character_chosen":"DEFECT","items_purchased":["MerchantsRug","Fruit Juice"],"campfire_rested":1,"item_purchase_floors":[11,11],"current_hp_per_floor":[74,74,74,79,79,79,79,70,70,63,68,16,11,11,36,2,85,67,67],"gold":177,"neow_bonus":"NOSTALGIA","is_daily":false,"chose_seed":false,"campfire_upgraded":1,"win_rate":0.0,"timestamp":1610061671,"path_taken":["M","M","?","?","?","R","M","?","T","?","$","E","M","?","R","BOSS","M"],"items_purchased_type":["Relic","Potion"],"build_version":"2020-12-22","purchased_purges":1,"victory":false,"max_hp_per_floor":[75,75,75,80,80,80,80,80,80,80,85,85,85,85,85,85,85,85,85],"card_choices":[{"not_picked":["Streamline","Go for the Eyes"],"picked":"Beam Cell","floor":1},{"not_picked":["Force Field","Heatsinks","Compile Driver"],"picked":"SKIP","floor":2},{"not_picked":["jedi:blockon","Rebound"],"picked":"Go for the Eyes","floor":7},{"not_picked":["jedi:blockon","Hologram"],"picked":"hubris:Prefetch","floor":8},{"not_picked":["FTL","Time Bomb"],"picked":"Conserve Battery","floor":12},{"not_picked":["Gash","Compile Driver"],"picked":"Ball Lightning","floor":13},{"not_picked":["jedi:meditation","Creative AI"],"picked":"jedi:readyaimfire","floor":16}],"player_experience":114675,"relics_obtained":[{"floor":9,"key":"Mirror"},{"floor":12,"key":"War Paint"},{"floor":14,"key":"Potion Belt"}],"event_choices":[{"damage_healed":0,"gold_gain":0,"player_choice":"Donut","damage_taken":0,"max_hp_gain":5,"max_hp_loss":0,"event_name":"Big Fish","floor":4,"gold_loss":0},{"damage_healed":0,"gold_gain":0,"player_choice":"Upgraded","damage_taken":0,"max_hp_gain":0,"max_hp_loss":0,"event_name":"Upgrade Shrine","floor":5,"gold_loss":0,"cards_upgraded":["Dualcast"]},{"cards_removed":["Strike_B"],"damage_healed":0,"gold_gain":0,"player_choice":"Card Removal","damage_taken":7,"max_hp_gain":0,"max_hp_loss":0,"event_name":"Golden Wing","floor":10,"gold_loss":0}],"is_beta":false,"boss_relics":[{"not_picked":["vexMod:FluxCapacitor","Fusion Hammer"],"picked":"hubris:HollowSoul"}],"items_purged_floors":[11],"is_endless":false,"potions_floor_spawned":[2,12,13,16],"killed_by":"Shell Parasite","ascension_level":0}}