{"host":"7c402rm0fqc13zvz","time":1610038639,"event":{"mods":["BaseMod","Marisa（F雨　魔理沙）","Minty Spire (QoL Compilation)","Remilia（蕾米莉亚）","StSLib","The Servant 0.9.4","Youmu（魂魄妖梦）","[功能]功能增强和修复MOD"],"gold_per_floor":[218,168,168,168,168,168,187,187,187,198,198,209,234,246,246,507,507,518,518,518,518,428,428,439,439,439,439,453,472,506,496,496,766,766,777,793,788,808,808,842,842,873,946,941,954,1006,1006,1021,1021,1021],"floor_reached":51,"playtime":2282,"items_purged":["Strike_G","Defend_G","Defend_G","Strike_G","Strike_G","Strike_G","Defend_G","Defend_G","Defend_G","Strike_G","Neutralize+1","Heel Hook+1","Dagger Throw+1","Survivor+1"],"score":1210,"play_id":"de2dff89-9237-424a-a51a-54f37b574e56","local_time":"20210108005719","is_ascension_mode":true,"campfire_choices":[{"data":"Neutralize","floor":6.0,"key":"SMITH"},{"data":"Reflex","floor":8.0,"key":"SMITH"},{"floor":15.0,"key":"REST"},{"data":"Envenom","floor":23.0,"key":"SMITH"},{"data":"Dagger Throw","floor":25.0,"key":"SMITH"},{"floor":32.0,"key":"REST"},{"data":"A Thousand Cuts","floor":41.0,"key":"SMITH"},{"data":"Sadistic Nature","floor":49.0,"key":"SMITH"}],"circlet_count":0,"master_deck":["Deadly Poison+1","Poisoned Stab+1","Deadly Poison+1","Reflex+1","Envenom+1","RitualDagger+1","Madness+1","Concentrate+1","Tactician+1","Deep Breath+1","A Thousand Cuts+1","Reflex+1","Backflip+1","Finesse+1","Sadistic Nature+1","Master of Strategy+1","Prepared+1","Finesse+1","Acrobatics+1","Bouncing Flask+1","Crippling Poison+1"],"relics":["Ring of the Snake","War Paint","DollysMirror","Toy Ornithopter","Regal Pillow","Toxic Egg 2","Meat on the Bone","SacredBark","Shuriken","TheAbacus","Centennial Puzzle","Tiny Chest","MutagenicStrength","Pen Nib","FossilizedHelix","SlaversCollar","Question Card","Potion Belt","ClockworkSouvenir","Strawberry","Anchor","Kunai","Juzu Bracelet","Ornamental Fan","CatCart","Blood Vial"],"acts_visited":["Exordium","TheCity","TheBeyond"],"potions_floor_usage":[50,50,50],"damage_taken":[{"damage":0.0,"enemies":"2 Louse","floor":1.0,"turns":5.0},{"damage":0.0,"enemies":"Jaw Worm","floor":7.0,"turns":2.0},{"damage":9.0,"enemies":"Small Slimes","floor":10.0,"turns":3.0},{"damage":0.0,"enemies":"2 Fungi Beasts","floor":12.0,"turns":2.0},{"damage":0.0,"enemies":"Lagavulin","floor":13.0,"turns":4.0},{"damage":3.0,"enemies":"3 Louse","floor":14.0,"turns":2.0},{"damage":27.0,"enemies":"Hexaghost","floor":16.0,"turns":5.0},{"damage":0.0,"enemies":"3 Byrds","floor":18.0,"turns":1.0},{"damage":2.0,"enemies":"2 Thieves","floor":24.0,"turns":3.0},{"damage":0.0,"enemies":"Cultist and Chosen","floor":28.0,"turns":4.0},{"damage":4.0,"enemies":"Snake Plant","floor":29.0,"turns":3.0},{"damage":3.0,"enemies":"Book of Stabbing","floor":30.0,"turns":3.0},{"damage":0.0,"enemies":"Automaton","floor":33.0,"turns":4.0},{"damage":0.0,"enemies":"3 Shapes","floor":35.0,"turns":2.0},{"damage":0.0,"enemies":"Orb Walker","floor":36.0,"turns":2.0},{"damage":0.0,"enemies":"4 Shapes","floor":38.0,"turns":6.0},{"damage":0.0,"enemies":"Giant Head","floor":40.0,"turns":3.0},{"damage":0.0,"enemies":"Nemesis","floor":42.0,"turns":1.0},{"damage":0.0,"enemies":"Writhing Mass","floor":45.0,"turns":1.0},{"damage":0.0,"enemies":"Orin","floor":46.0,"turns":3.0},{"damage":0.0,"enemies":"Sphere and 2 Shapes","floor":48.0,"turns":2.0},{"damage":1,"enemies":"Time Eater","floor":50,"turns":3}],"seed_played":"3702823937244530354","potions_obtained":[{"floor":1.0,"key":"Explosive Potion"},{"floor":1.0,"key":"SkillPotion"},{"floor":7.0,"key":"FearPotion"},{"floor":13.0,"key":"ColorlessPotion"},{"floor":14.0,"key":"FairyPotion"},{"floor":16.0,"key":"PowerPotion"},{"floor":18.0,"key":"Swift Potion"},{"floor":28.0,"key":"FearPotion"},{"floor":40.0,"key":"FearPotion"},{"floor":40.0,"key":"Weak Potion"},{"floor":40.0,"key":"Weak Potion"},{"floor":42.0,"key":"EntropicBrew"},{"floor":42.0,"key":"FearPotion"},{"floor":45.0,"key":"GamblersBrew"}],"is_trial":false,"path_per_floor":["M","$","?","?","?","R","M","R","T","M","?","M","E","M","R","B",null,"M","?","?","$","?","R","M","R","T","?","M","M","E","$","R","B",null,"M","M","$","M","?","E","R","E","T","$","M","?","T","M","R","B",null],"character_chosen":"THE_SILENT","items_purchased":["Deadly Poison","Poisoned Stab","War Paint","DollysMirror","Fruit Juice","Toy Ornithopter","Shuriken","Madness+1","TheAbacus","Centennial Puzzle","Dagger Throw","Deep Breath+1","FossilizedHelix","Question Card","Potion Belt","ClockworkSouvenir","Finesse+1","Acrobatics+1","Juzu Bracelet","Ornamental Fan"],"campfire_rested":2,"item_purchase_floors":[2,2,2,2,2,2,21,21,21,21,21,31,31,37,37,37,44,44,44,44],"current_hp_per_floor":[70,75,80,80,77,77,77,77,77,68,68,68,73,75,80,53,73,78,78,72,72,72,72,70,70,70,70,70,66,63,63,80,80,80,80,80,80,80,70,82,82,87,87,87,87,87,87,87,87,87],"gold":1021,"neow_bonus":"HUNDRED_GOLD","is_daily":false,"chose_seed":false,"campfire_upgraded":6,"win_rate":0.0,"timestamp":1610038639,"path_taken":["M","$","?","?","?","R","M","R","T","M","?","M","E","M","R","BOSS","M","?","?","$","?","R","?","R","T","?","M","M","E","$","R","BOSS","M","M","$","M","?","E","R","E","T","$","M","?","?","M","R","BOSS"],"items_purchased_type":["Card","Card","Relic","Relic","Potion","Relic","Relic","Card","Relic","Relic","Card","Card","Relic","Relic","Relic","Relic","Card","Card","Relic","Relic"],"build_version":"2020-12-22","purchased_purges":14,"victory":true,"max_hp_per_floor":[70,75,80,80,80,80,80,80,80,80,80,80,80,80,80,80,80,80,80,80,80,80,80,80,80,80,80,80,80,80,80,80,80,80,80,80,80,80,80,87,87,87,87,87,87,87,87,87,87,87],"card_choices":[{"not_picked":["Setup","Sucker Punch","Distraction"],"picked":"SKIP","floor":1.0},{"not_picked":["Concentrate","Dodge and Roll"],"picked":"Reflex","floor":7.0},{"not_picked":["Sucker Punch","Masterful Stab","Dagger Spray"],"picked":"SKIP","floor":10.0},{"not_picked":["Predator","Eviscerate"],"picked":"Cloak And Dagger+1","floor":12.0},{"not_picked":["Blur+1","Outmaneuver+1","Prepared+1"],"picked":"SKIP","floor":13.0},{"not_picked":["Poisoned Stab","Deflect+1","Eviscerate"],"picked":"SKIP","floor":14.0},{"not_picked":["Malaise+1","Tools of the Trade"],"picked":"Envenom","floor":16.0},{"not_picked":["Underhanded Strike","Outmaneuver+1","Footwork"],"picked":"SKIP","floor":18.0},{"not_picked":["Poisoned Stab","Dagger Throw","Outmaneuver+1"],"picked":"SKIP","floor":24.0},{"not_picked":["Flying Knee+1","Calculated Gamble+1"],"picked":"Concentrate+1","floor":28.0},{"not_picked":["Backflip+1","Escape Plan+1"],"picked":"Heel Hook+1","floor":29.0},{"not_picked":["Eviscerate","Endless Agony"],"picked":"Tactician+1","floor":30.0},{"not_picked":["Unload","Bullet Time+1"],"picked":"A Thousand Cuts","floor":33.0},{"not_picked":["Cloak And Dagger+1","Underhanded Strike+1"],"picked":"Reflex+1","floor":35.0},{"not_picked":["Well Laid Plans+1","Flying Knee+1","Blade Dance+1"],"picked":"SKIP","floor":36.0},{"not_picked":["Dash","Dagger Throw+1","Footwork"],"picked":"Backflip+1","floor":38.0},{"not_picked":["The Bomb+1","HandOfGreedExtend","Flash of Steel"],"picked":"Finesse+1","floor":39.0},{"not_picked":["Jack Of All Trades+1","HandOfGreedExtend","Enlightenment+1"],"picked":"Sadistic Nature","floor":39.0},{"not_picked":["HandOfGreed","Violence+1","Thinking Ahead+1"],"picked":"Master of Strategy+1","floor":39.0},{"not_picked":["Underhanded Strike+1","Finisher","Riddle With Holes+1","Setup+1"],"picked":"SKIP","floor":40.0},{"not_picked":["Dagger Spray+1","Dodge and Roll+1","Leg Sweep+1"],"picked":"Prepared+1","floor":42.0},{"not_picked":["Expertise+1","Deadly Poison+1","Bouncing Flask+1","Backflip+1"],"picked":"SKIP","floor":45.0},{"not_picked":["Expertise+1","Deadly Poison+1","Backflip+1"],"picked":"Bouncing Flask+1","floor":45.0},{"not_picked":["Caltrops+1","Noxious Fumes+1","Masterful Stab"],"picked":"Crippling Poison+1","floor":46.0},{"not_picked":["Blade Dance+1","Slice+1","PiercingWail+1","Masterful Stab+1"],"picked":"SKIP","floor":48.0}],"player_experience":40314,"relics_obtained":[{"floor":9.0,"key":"Toxic Egg 2"},{"floor":13.0,"key":"Meat on the Bone"},{"floor":26.0,"key":"Tiny Chest"},{"floor":30.0,"key":"Pen Nib"},{"floor":40.0,"key":"Strawberry"},{"floor":42.0,"key":"Anchor"},{"floor":43.0,"key":"Kunai"},{"floor":46.0,"key":"CatCart"},{"floor":47.0,"key":"Blood Vial"}],"event_choices":[{"damage_healed":0.0,"max_hp_gain":5.0,"max_hp_loss":0.0,"gold_gain":0.0,"event_name":"Big Fish","player_choice":"Donut","floor":3.0,"gold_loss":0.0,"damage_taken":0.0},{"damage_healed":0.0,"max_hp_gain":0.0,"max_hp_loss":0.0,"gold_gain":0.0,"event_name":"Living Wall","player_choice":"Grow","floor":4.0,"gold_loss":0.0,"damage_taken":0.0,"cards_upgraded":["Poisoned Stab"]},{"damage_healed":0.0,"max_hp_gain":0.0,"max_hp_loss":0.0,"gold_gain":0.0,"event_name":"Scrap Ooze","player_choice":"Success","floor":5.0,"gold_loss":0.0,"damage_taken":3.0,"relics_obtained":["Regal Pillow"]},{"damage_healed":0.0,"max_hp_gain":0.0,"max_hp_loss":0.0,"gold_gain":0.0,"event_name":"Liars Game","player_choice":"Ignored","floor":11.0,"gold_loss":0.0,"damage_taken":0.0},{"damage_healed":0.0,"max_hp_gain":0.0,"max_hp_loss":0.0,"gold_gain":0.0,"event_name":"Back to Basics","player_choice":"Simplicity","floor":19.0,"gold_loss":0.0,"damage_taken":0.0,"cards_upgraded":[]},{"damage_healed":0.0,"max_hp_gain":0.0,"max_hp_loss":0.0,"gold_gain":0.0,"event_name":"Nest","player_choice":"Joined the Cult","floor":20.0,"gold_loss":0.0,"damage_taken":6.0,"cards_obtained":["RitualDagger"]},{"cards_removed":["Cloak And Dagger"],"damage_healed":0.0,"max_hp_gain":0.0,"max_hp_loss":0.0,"gold_gain":0.0,"event_name":"Designer","player_choice":"Upgrade and Remove","floor":22.0,"gold_loss":90.0,"damage_taken":0.0,"cards_upgraded":["RitualDagger"]},{"damage_healed":0.0,"max_hp_gain":0.0,"max_hp_loss":0.0,"gold_gain":0.0,"event_name":"Drug Dealer","player_choice":"Inject Mutagens","floor":27.0,"gold_loss":0.0,"damage_taken":0.0,"relics_obtained":["MutagenicStrength"]},{"damage_healed":0.0,"max_hp_gain":0.0,"max_hp_loss":0.0,"gold_gain":0.0,"event_name":"SensoryStone","player_choice":"Memory 3","floor":39.0,"gold_loss":0.0,"damage_taken":10.0},{"damage_healed":0.0,"max_hp_gain":0.0,"max_hp_loss":0.0,"gold_gain":0.0,"event_name":"OrinTheCat","player_choice":"Fight","floor":46.0,"gold_loss":0.0,"damage_taken":0.0}],"is_beta":false,"boss_relics":[{"not_picked":["Coffee Dripper","Cursed Key"],"picked":"SacredBark"},{"not_picked":["WristBlade","Snecko Eye"],"picked":"SlaversCollar"}],"items_purged_floors":[2,2,2,2,2,2,2,2,2,2,31,31,37,44],"is_endless":false,"potions_floor_spawned":[1,1,7,7,13,14,16,18,24,28,28,29,33,40,40,40,42,42,42,45,46,48],"ascension_level":5}}