{"host":"iml8x8es9od4zowg","time":1610025410,"event":{"mods":["2.2 Compatiblity","BaseMod","Marisa£¨Ùöéë¡¡Øª×âÞÞ£©","Minty Spire (QoL Compilation)","StSLib","Td1madao Mod","The Bug Knight","The Jungle","¡¼?Úª?ø«¡½REMEMod"],"gold_per_floor":[117,67,87,87,103,132,132,166,166,166,20,20,20,32,32,136,136,155,155,167,179,179,208,208,208,208,223,223,242,16,16,16,16,16],"floor_reached":33,"playtime":1997,"items_purged":["Defend_B"],"score":313,"play_id":"e3015129-c74e-474f-9173-61f087ef1d91","local_time":"20210107221650","is_ascension_mode":true,"campfire_choices":[{"data":"Echo Form","floor":7,"key":"SMITH"},{"floor":10,"key":"REST"},{"data":"Loop","floor":13,"key":"SMITH"},{"data":"Redo","floor":15,"key":"SMITH"},{"floor":24,"key":"REST"},{"floor":28,"key":"REST"},{"floor":32,"key":"REST"}],"circlet_count":0,"master_deck":["Strike_B","Strike_B","Defend_B","Defend_B","Defend_B","Zap","Dualcast","Echo Form+1","Seek","Loop+1","Hologram","Conserve Battery","Hologram","Thunder Strike","Redo+1","Echo Form","Conserve Battery","Defragment","Turbo+1","Steam","Creative AI","Decay"],"relics":["Cracked Core","REME_ComplimentaryCards","Ginger","REME_LimitBreaker","Runic Capacitor","Sozu","Shovel","Bottled Flame"],"acts_visited":["Exordium","Exordium"],"potions_floor_usage":[1,6,8,16,21,33],"damage_taken":[{"damage":1,"enemies":"Cultist","floor":1,"turns":3},{"damage":2,"enemies":"2 Louse","floor":3,"turns":2},{"damage":2,"enemies":"Small Slimes","floor":5,"turns":3},{"damage":0,"enemies":"Lagavulin","floor":6,"turns":6},{"damage":25,"enemies":"3 Sentries","floor":8,"turns":7},{"damage":4,"enemies":"3 Louse","floor":14,"turns":3},{"damage":37,"enemies":"Hexaghost","floor":16,"turns":6},{"damage":14,"enemies":"theJungle:5_Spyders","floor":18,"turns":7},{"damage":0,"enemies":"theJungle:Flameango_and_Byrd","floor":20,"turns":6},{"damage":28,"enemies":"Snake Plant","floor":21,"turns":4},{"damage":15,"enemies":"theJungle:Cassacara","floor":23,"turns":8},{"damage":24,"enemies":"theJungle:Lyon","floor":27,"turns":6},{"damage":9,"enemies":"theJungle:SlimyTreeVines","floor":29,"turns":6},{"damage":58,"enemies":"theJungle:TotemBoss","floor":33,"turns":6}],"seed_played":"-7803258054716152817","potions_obtained":[{"floor":1,"key":"REME_GoldPotion"},{"floor":3,"key":"Ancient Potion"},{"floor":4,"key":"AttackPotion"},{"floor":4,"key":"LiquidMemories"},{"floor":6,"key":"Block Potion"},{"floor":14,"key":"FocusPotion"},{"floor":16,"key":"Energy Potion"}],"is_trial":false,"path_per_floor":["M","?","M","?","M","E","R","E","T","R","$","?","R","M","R","B",null,"M","?","M","M","?","E","R","?","T","M","R","M","$","?","R","B"],"character_chosen":"DEFECT","items_purchased":["Runic Capacitor","Creative AI"],"campfire_rested":4,"item_purchase_floors":[11,30],"current_hp_per_floor":[74,74,72,72,70,70,70,45,45,67,67,60,60,56,56,19,75,61,56,56,28,28,13,37,37,37,13,37,34,34,34,58,0,0],"gold":16,"neow_bonus":"ONE_RANDOM_RARE_CARD","is_daily":false,"chose_seed":false,"campfire_upgraded":3,"win_rate":0.0,"timestamp":1610025410,"path_taken":["M","?","M","?","?","E","R","E","T","R","$","?","R","M","R","BOSS","M","?","M","M","?","E","R","?","T","M","R","M","$","?","R","BOSS"],"items_purchased_type":["Relic","Card"],"build_version":"2020-12-22","purchased_purges":1,"victory":false,"max_hp_per_floor":[75,75,75,75,75,75,75,75,75,75,75,75,75,75,75,75,75,75,80,80,80,80,80,80,80,80,80,80,80,80,80,80,80,80],"card_choices":[{"not_picked":["Stack","Aggregate"],"picked":"Loop","floor":1},{"not_picked":["Steam Power","Cold Snap"],"picked":"Hologram","floor":3},{"not_picked":["BootSequence","Redo"],"picked":"Conserve Battery","floor":5},{"not_picked":["Stack","Force Field"],"picked":"Hologram","floor":6},{"not_picked":["Glacier","Hello World"],"picked":"Thunder Strike","floor":8},{"not_picked":["Leap","Doom and Gloom"],"picked":"Redo","floor":14},{"not_picked":["Core Surge","REME_Shoggoth"],"picked":"Echo Form","floor":16},{"not_picked":["Rebound","Beam Cell+1"],"picked":"Conserve Battery","floor":18},{"not_picked":["Stack","Barrage"],"picked":"Defragment","floor":20},{"not_picked":["Rebound","Redo"],"picked":"Turbo+1","floor":21},{"not_picked":["Melter","Sunder","Undo+1"],"picked":"SKIP","floor":23},{"not_picked":["Darkness+1","Gash","Hologram"],"picked":"SKIP","floor":27},{"not_picked":["Barrage+1","Go for the Eyes"],"picked":"Steam","floor":29}],"player_experience":553361,"relics_obtained":[{"floor":6,"key":"Ginger"},{"floor":8,"key":"REME_LimitBreaker"},{"floor":23,"key":"Shovel"},{"floor":26,"key":"Bottled Flame"}],"event_choices":[{"cards_removed":["Strike_B"],"damage_healed":0,"gold_gain":0,"player_choice":"Card Removal","damage_taken":0,"max_hp_gain":0,"max_hp_loss":0,"event_name":"The Cleric","floor":2,"gold_loss":50},{"damage_healed":0,"gold_gain":0,"player_choice":"Got Potions","damage_taken":0,"max_hp_gain":0,"max_hp_loss":0,"event_name":"Lab","floor":4,"gold_loss":0},{"cards_removed":["Strike_B"],"damage_healed":0,"gold_gain":0,"player_choice":"Card Removal","damage_taken":7,"max_hp_gain":0,"max_hp_loss":0,"event_name":"Golden Wing","floor":12,"gold_loss":0},{"damage_healed":0,"gold_gain":0,"player_choice":"Cursed","damage_taken":0,"max_hp_gain":0,"max_hp_loss":0,"event_name":"Wheel of Change","floor":31,"gold_loss":0,"cards_obtained":["Decay"]}],"is_beta":false,"boss_relics":[{"not_picked":["Ectoplasm","Astrolabe"],"picked":"Sozu"}],"items_purged_floors":[30],"is_endless":false,"potions_floor_spawned":[1,3,6,14,16,18,23],"killed_by":"theJungle:TotemBoss","ascension_level":1}}