{"host":"nxmai6bb3m0amvdf","time":1610061103,"event":{"mods":["Aspiration","BaseMod","Conspire","Energized Spire","Friendly Minions","GifTheSpireLib","Halation","Hubris","Infinite Spire","Ironclad Rager","Jedi Mod","Marked Mod","Mimic Mod","Minty Spire (QoL Compilation)","Replay The Spire","RumiaBox-????????","Spikes Relics","StSLib","Stuff the Spire","Trackpad","vexMod"],"gold_per_floor":[114,114,114,114,34,66,82,113,113,130,162,182,193,221,221,298,298,308,326,345,345,345,377,377,51,78,78,112,112,112,131,131,207,357,369,386,386,109,127,162,162,181,228,228,254,229,257,273,273,346,346,353,353,453,459,470,491,491,501,501,508,508,495,495,508,508,553,553,543,538,538,538,550,539,464,62,62,51,51,39,39,61,61,118,118,115,75,89,84,74,67,67,75,75,81,81,81,81,99,99,161,161,171,179,178,328,328,340,340,335,363,363,371,383,389,404,404,469,469,481,474,474,474,474,474,485,420,445,448,448,448,456,463,463,522,522,516,533,533,551,551,541,541,555,555,555,563,563,572,550,550,519,519,519,246,264,277],"floor_reached":158,"playtime":13919,"items_purged":["Doubt","Writhe"],"score":8064,"play_id":"a5fbefe0-ddbb-4d35-babe-01d523bd66d8","local_time":"20210108001143","is_ascension_mode":true,"campfire_choices":[{"floor":15.0,"key":"REST"},{"floor":24.0,"key":"RECALL"},{"floor":27.0,"key":"REST"},{"data":"hubris:StunningStrike","floor":30.0,"key":"SMITH"},{"data":"jedi:strikingstrike","floor":32.0,"key":"SMITH"},{"data":"jedi:strikingstrike","floor":37.0,"key":"SMITH"},{"floor":44.0,"key":"REST"},{"floor":49.0,"key":"REST"},{"data":"jedi:strikingstrike","floor":58.0,"key":"SMITH"},{"floor":64.0,"key":"REST"},{"floor":79.0,"key":"REST"},{"floor":81.0,"key":"REST"},{"data":"jedi:harder","floor":83.0,"key":"SMITH"},{"floor":92.0,"key":"REST"},{"data":"infinitespire:Menacing","floor":98.0,"key":"SMITH"},{"data":"Offering","floor":100.0,"key":"SMITH"},{"data":"infinitespire:SevenWalls","floor":112.0,"key":"SMITH"},{"data":"jedi:strikingstrike","floor":117.0,"key":"SMITH"},{"data":"Double Tap","floor":125,"key":"SMITH"},{"data":"Ragnarok","floor":130,"key":"SMITH"},{"floor":134,"key":"REST"},{"data":"ReplayTheSpireMod:Chaos Vortex","floor":143,"key":"SMITH"},{"data":"Impervious","floor":146,"key":"SMITH"},{"data":"infinitespire:Menacing","floor":151,"key":"SMITH"},{"data":"infinitespire:Menacing","floor":154,"key":"SMITH"}],"circlet_count":0,"master_deck":["AscendersBane","Defend_R","Defend_R","Defend_R+1","Defend_R+1","jedi:strikingstrike+1","Thunderclap","Survivor","Neutralize","infinitespire:OneForAll","hubris:CleavingFinish","Uppercut","Infernal Blade","Battle Trance","Power Through","Pommel Strike","Perfected Strike","Twin Strike+1","Headbutt","Twin Strike","Looming Evil","BlessedFruit","BlessedFruit+1","conspire:Charge+1","Heavy Blade+1","Infernal Blade","Shockwave","jedi:strikingstrike+1","Wild Strike","Pommel Strike","Dual Wield+1","Anger+1","Anger+1","jedi:strikingstrike+1","Immolate+1","Anger+1","Offering+1","Demon Form","Reaper","Bludgeon","Corruption+1","Demon Form","Double Tap+1","infinitespire:SevenWalls+1","Impervious+1","Bludgeon","infinitespire:Starlight","Demon Form","DevaForm","jedi:harder+1","StuffTheSpire:CelestialWarden","StuffTheSpire:BrainWave","hubris:Rewind","Ragnarok","Limit Break","hubris:StunningStrike","Ragnarok+1","Demon Form","infinitespire:Punishment","DevaForm","hubris:StunningStrike","LessonLearned","jedi:strikingstrike","Ragnarok","Omniscience","Immolate","hubris:StunningStrike","Omniscience","Omniscience","StuffTheSpire:Innocence","infinitespire:Punishment","infinitespire:Menacing+1","Ragnarok+1","Wish","Vault","Bludgeon","ICR:HungryGhost+1","Doubt","StuffTheSpire:CelestialWarden","Reaper","DevaForm","Demon Form","SpiritShield","Vault","jedi:strikingstrike+1","DevaForm","StuffTheSpire:TitanForm","Bludgeon+1","Bludgeon","Omniscience","DevaForm","Demon Form+1","infinitespire:DeathsTouch","Immolate","jedi:strikingstrike+1","Vault","Double Tap+1","Limit Break","ReplayTheSpireMod:Chaos Vortex+1","Offering","Barricade","Demon Form","infinitespire:Menacing+1","Impervious","Anger+1","Ragnarok","Hatred","StuffTheSpire:Vigor","Eruption","hubris:StunningStrike","Degenerate+1","infinitespire:Menacing+1","hubris:StunningStrike","Omniscience","hubris:StunningStrike"],"relics":["StuffTheSpire:Saxophone","aspiration:HiddenCompartment","Turnip","trackpad:StolenKidneys","test447","Snecko Eye","aspiration:FetidBarrel","aspiration:FutureDiary","Brimstone","SSSystem","vexMod:GildedClover","hubris:TinFlute","jedi:Pinwheel","energizedSpire:RedRose","trackpad:BottledAnger","Odd Mushroom","vexMod:ScavengeHelm","vexMod:GhostlyGear","infinitespire:Chaos","halation:QuantumPhysicsTextbook","vexMod:CursedCompass","hubris:Icosahedron","halation:KoshaPiece","infinitespire:EmpoweringShard","jedi:crownofsimplicity","aspiration:WatcherSkillbook","hubris:Potato","Orichalcum","Boot","jedi:paperlyon","Chameleon Ring","hubris:TenFootPole","infinitespire:BottledMercury","vexMod:EndlessSickness","hubris:DuctTape","halation:OrihimeAndHikoboshiSamaAndTears","conspire:TopHat","Replay:Bronze Core","trackpad:IceCube","halation:LettersToHer","aspiration:AnachronicSnailShell","halation:HeavySnake","Pocketwatch","infinitespire:WardingShard","ReplayTheSpireMod:Spearhead","Replay:Baseball","aspiration:RitualDagger","ReplayTheSpireMod:SealedPack","jedi:arcanewood"],"acts_visited":[],"potions_floor_usage":[152],"damage_taken":[{"damage":5.0,"enemies":"2 Louse","floor":1.0,"turns":3.0},{"damage":23.0,"enemies":"Lagavulin","floor":6.0,"turns":8.0},{"damage":0.0,"enemies":"Small Slimes","floor":7.0,"turns":2.0},{"damage":22.0,"enemies":"Gremlin Nob","floor":8.0,"turns":4.0},{"damage":0.0,"enemies":"Cultist","floor":10.0,"turns":3.0},{"damage":25.0,"enemies":"Lagavulin","floor":11.0,"turns":6.0},{"damage":11.0,"enemies":"Blue Slaver","floor":12.0,"turns":4.0},{"damage":3.0,"enemies":"Looter","floor":13.0,"turns":2.0},{"damage":12.0,"enemies":"Replay:BlueRogue","floor":14.0,"turns":5.0},{"damage":27.0,"enemies":"The Guardian","floor":16.0,"turns":10.0},{"damage":15.0,"enemies":"2 Thieves","floor":18.0,"turns":4.0},{"damage":20.0,"enemies":"3 Byrds","floor":19.0,"turns":5.0},{"damage":0.0,"enemies":"Snecko","floor":20.0,"turns":3.0},{"damage":9.0,"enemies":"Nightmare","floor":23.0,"turns":5.0},{"damage":29.0,"enemies":"Book of Stabbing","floor":28.0,"turns":4.0},{"damage":0.0,"enemies":"Centurion and Healer","floor":31.0,"turns":2.0},{"damage":19.0,"enemies":"Champ","floor":33.0,"turns":7.0},{"damage":4.0,"enemies":"Orb Walker","floor":35.0,"turns":2.0},{"damage":0.0,"enemies":"3 Shapes","floor":36.0,"turns":2.0},{"damage":3.0,"enemies":"Sphere and 2 Shapes","floor":39.0,"turns":4.0},{"damage":48.0,"enemies":"Nemesis","floor":40.0,"turns":5.0},{"damage":19.0,"enemies":"4 Shapes","floor":42.0,"turns":3.0},{"damage":36.0,"enemies":"Reptomancer","floor":45.0,"turns":7.0},{"damage":20.0,"enemies":"Nemesis","floor":47.0,"turns":3.0},{"damage":1.0,"enemies":"Jaw Worm Horde","floor":48.0,"turns":1.0},{"damage":1.0,"enemies":"hubris:GrandSnecko","floor":50.0,"turns":1.0},{"damage":1.0,"enemies":"Cultist","floor":52.0,"turns":1.0},{"damage":2.0,"enemies":"2 Louse","floor":55.0,"turns":1.0},{"damage":1.0,"enemies":"Small Slimes","floor":56.0,"turns":1.0},{"damage":0.0,"enemies":"Gremlin Nob","floor":57.0,"turns":1.0},{"damage":19.0,"enemies":"Exordium Wildlife","floor":59.0,"turns":2.0},{"damage":10.0,"enemies":"Exordium Thugs","floor":61.0,"turns":1.0},{"damage":135.0,"enemies":"Nightmare","floor":63.0,"turns":5.0},{"damage":3.0,"enemies":"2 Fungi Beasts","floor":65.0,"turns":1.0},{"damage":41.0,"enemies":"The Guardian","floor":67.0,"turns":3.0},{"damage":8.0,"enemies":"Chosen","floor":69.0,"turns":2.0},{"damage":3.0,"enemies":"3 Byrds","floor":70.0,"turns":1.0},{"damage":0.0,"enemies":"Sentry and Sphere","floor":73.0,"turns":1.0},{"damage":27.0,"enemies":"Snecko","floor":74.0,"turns":1.0},{"damage":0.0,"enemies":"3 Cultists","floor":78.0,"turns":1.0},{"damage":44.0,"enemies":"Nightmare_Alpha","floor":80.0,"turns":5.0},{"damage":0.0,"enemies":"conspire:SneckoGhost","floor":82.0,"turns":1.0},{"damage":0.0,"enemies":"Automaton","floor":84.0,"turns":1.0},{"damage":0.0,"enemies":"3 Shapes","floor":86.0,"turns":1.0},{"damage":0.0,"enemies":"Orb Walker","floor":88.0,"turns":1.0},{"damage":0.0,"enemies":"Jaw Worm Horde","floor":89.0,"turns":1.0},{"damage":0.0,"enemies":"Transient","floor":90.0,"turns":1.0},{"damage":42.0,"enemies":"Nightmare_Alpha","floor":91.0,"turns":5.0},{"damage":0.0,"enemies":"R_Hoarder","floor":93.0,"turns":3.0},{"damage":0.0,"enemies":"4 Shapes","floor":95.0,"turns":1.0},{"damage":0.0,"enemies":"Jaw Worm Horde","floor":99.0,"turns":1.0},{"damage":0.0,"enemies":"conspire:OrnateMirror","floor":101.0,"turns":1.0},{"damage":0.0,"enemies":"Small Slimes","floor":103.0,"turns":1.0},{"damage":0.0,"enemies":"Jaw Worm","floor":104.0,"turns":1.0},{"damage":0.0,"enemies":"Cultist","floor":105.0,"turns":2.0},{"damage":0.0,"enemies":"Nightmare","floor":108.0,"turns":2.0},{"damage":0.0,"enemies":"Large Slime","floor":110.0,"turns":2.0},{"damage":0.0,"enemies":"2 Fungi Beasts","floor":111.0,"turns":1.0},{"damage":0.0,"enemies":"2 Fungi Beasts","floor":113.0,"turns":1.0},{"damage":0.0,"enemies":"Replay:BlueRogue","floor":114.0,"turns":2.0},{"damage":0.0,"enemies":"conspire:2 RoseBushes","floor":115.0,"turns":1.0},{"damage":0.0,"enemies":"Exordium Thugs","floor":116.0,"turns":1.0},{"damage":0.0,"enemies":"Hexaghost","floor":118.0,"turns":3.0},{"damage":0,"enemies":"Shell Parasite","floor":120,"turns":1},{"damage":29,"enemies":"2 Thieves","floor":121,"turns":3},{"damage":0,"enemies":"conspire:Head Lice","floor":126,"turns":2},{"damage":0,"enemies":"conspire:HollyBat","floor":127,"turns":8},{"damage":0,"enemies":"Centurion and Healer","floor":129,"turns":1},{"damage":0,"enemies":"Snecko","floor":132,"turns":1},{"damage":41,"enemies":"Nightmare_Alpha","floor":133,"turns":4},{"damage":0,"enemies":"conspire:MysteriousRune","floor":135,"turns":2},{"damage":0,"enemies":"3 Darklings","floor":137,"turns":2},{"damage":0,"enemies":"Orb Walker","floor":138,"turns":1},{"damage":0,"enemies":"Mind Bloom Boss Battle","floor":140,"turns":1},{"damage":0,"enemies":"Nightmare_Alpha","floor":142,"turns":7},{"damage":0,"enemies":"Reptomancer","floor":144,"turns":1},{"damage":0,"enemies":"Spire Growth","floor":147,"turns":1},{"damage":0,"enemies":"Writhing Mass","floor":149,"turns":1},{"damage":0,"enemies":"Transient","floor":150,"turns":5},{"damage":0,"enemies":"infinitespire:LordOfFortification","floor":152,"turns":10},{"damage":0,"enemies":"Shield and Spear","floor":156,"turns":1},{"damage":0,"enemies":"The Heart","floor":157,"turns":6}],"seed_played":"-7433177076162430539","potions_obtained":[{"floor":8.0,"key":"PowerPotion"},{"floor":11.0,"key":"jedi:tentaclejuice"},{"floor":12.0,"key":"FearPotion"},{"floor":16.0,"key":"DuplicationPotion"},{"floor":20.0,"key":"AttackPotion"},{"floor":23.0,"key":"Ancient Potion"},{"floor":63.0,"key":"jedi:StrikingPotion"},{"floor":67.0,"key":"Weak Potion"},{"floor":69.0,"key":"PowerPotion"},{"floor":78.0,"key":"PowerPotion"},{"floor":80.0,"key":"Toxic Potion"},{"floor":87.0,"key":"FearPotion"},{"floor":87.0,"key":"DistilledChaos"},{"floor":87.0,"key":"jedi:tentaclejuice"},{"floor":89.0,"key":"Elixir"},{"floor":91.0,"key":"Block Potion"},{"floor":99.0,"key":"BloodPotion"},{"floor":110.0,"key":"Energy Potion"},{"floor":149,"key":"LifebloodPotion"}],"is_trial":false,"path_per_floor":["M","?","?","?","$","E","M","E","T","M","E","M","M","E","R","B",null,"M","M","M","AVR","?","NM","R","$","T","R","E","?","R","M","R","B",null,"M","M","R","$","M","E","?","M","T","R","E","?","E","M","R","B",null,"M","?","?","M","M","E","R","M","T","M","AVR","NM","R","M","R","B",null,"M","M","?","AVR","M","M","?","$","T","M","R","NM","R","E","R","B",null,"M","?","M","M","M","NM","R","E","T","M","?","AVR","R","M","R","B",null,"M","M","M","?","AVR","NM","?","M","MIM","R","M","E","M","M","R","B",null,"M","M","HB","?","?","R","E","M","T","M","R","AVR","M","NM","R","B",null,"M","M","?","?","HB","NM","R","E","T","R","M","AVR","M","M","R","B",null,"R","$","E","B",null],"character_chosen":"IRONCLAD","items_purchased":["infinitespire:OneForAll","Replay:Bottled Steam","Heavy Blade+1","RoseTintedShades","hubris:StunningStrike","Ragnarok","hubris:StunningStrike"],"campfire_rested":9,"item_purchase_floors":[5,25,25,38,76,76,155],"current_hp_per_floor":[69,58,75,75,75,58,64,53,53,59,40,35,38,32,56,35,69,60,46,52,52,52,49,49,49,49,73,51,91,91,91,91,79,89,91,92,92,92,93,52,52,39,39,67,38,38,19,18,46,45,83,82,82,82,80,80,81,81,62,62,72,72,29,58,56,86,55,90,92,102,102,102,102,75,75,75,75,79,107,64,96,107,107,107,109,109,109,110,111,111,71,104,104,104,113,113,113,113,113,113,115,115,116,116,116,116,116,116,113,113,113,113,113,113,113,113,113,116,116,116,89,59,59,69,69,69,72,72,72,72,72,72,33,55,74,74,74,74,77,77,39,39,39,39,39,39,39,39,39,40,40,42,42,42,42,42,42],"gold":277,"neow_bonus":"ONE_RANDOM_RARE_CARD","is_daily":false,"chose_seed":false,"campfire_upgraded":15,"win_rate":0.0,"timestamp":1610061103,"path_taken":["M","?","?","?","?","E","M","E","T","M","E","M","?","E","R","BOSS","M","M","M","AVR","?","NM","R","$","T","R","E","?","R","M","R","BOSS","M","M","?","$","M","E","?","M","T","R","E","?","E","M","R","BOSS","M","?","?","M","M","E","R","M","T","M","AVR","NM","R","?","R","BOSS","M","M","?","AVR","M","M","?","?","T","M","R","NM","R","E","R","BOSS","M","?","?","M","M","NM","R","E","T","M","?","AVR","R","M","R","BOSS","M","M","M","?","AVR","NM","?","M","MIM","R","M","E","?","M","R","BOSS","M","M","HB","?","?","R","E","M","T","M","R","AVR","M","NM","R","BOSS","M","M","?","?","HB","NM","R","E","T","R","M","AVR","M","M","R","BOSS","R","$","E","BOSS"],"items_purchased_type":["Card","Relic","Card","Relic","Card","Card","Card"],"build_version":"2020-12-22","purchased_purges":2,"victory":true,"max_hp_per_floor":[75,75,75,75,75,75,75,80,80,80,80,80,80,80,80,80,80,80,80,80,80,80,80,80,80,80,80,81,91,91,91,91,92,92,92,92,92,92,93,94,94,94,94,94,95,95,96,96,96,96,96,96,96,96,96,97,98,98,98,98,98,98,99,99,100,100,102,102,102,103,103,103,103,103,103,103,103,107,107,108,108,109,109,109,109,109,109,110,111,111,113,113,113,113,113,113,113,113,113,113,115,115,116,116,116,116,116,116,116,116,116,116,116,116,116,116,116,116,116,116,118,59,59,69,69,69,72,72,72,72,72,72,74,74,74,74,74,74,77,77,39,39,39,39,39,39,39,39,39,40,40,42,42,42,42,42,42],"card_choices":[{"not_picked":["Armaments","Shrug It Off"],"picked":"Thunderclap","floor":1.0},{"not_picked":["Replay:Undeath\u0027s Touch","StuffTheSpire:RockThrow"],"picked":"hubris:CleavingFinish","floor":6.0},{"not_picked":["StuffTheSpire:Pyroclast","Warcry"],"picked":"Uppercut","floor":7.0},{"not_picked":["Replay:Undeath\u0027s Touch","Body Slam"],"picked":"Infernal Blade","floor":8.0},{"not_picked":["Sentinel","Thunderclap"],"picked":"Battle Trance","floor":10.0},{"not_picked":["Headbutt","jedi:hate"],"picked":"Power Through","floor":11.0},{"not_picked":["Body Slam","Feel No Pain"],"picked":"Pommel Strike","floor":12.0},{"not_picked":["StuffTheSpire:RockThrow","Sentinel"],"picked":"Demonic Infusion","floor":13.0},{"not_picked":["Sword Boomerang","StuffTheSpire:RockThrow"],"picked":"Perfected Strike","floor":14.0},{"not_picked":["Exhume","jedi:bloodyhammer"],"picked":"hubris:StunningStrike","floor":16.0},{"not_picked":["StuffTheSpire:Pyroclast","ReplayTheSpireMod:Strike From Hell"],"picked":"Twin Strike","floor":18.0},{"not_picked":["Body Slam","Clash"],"picked":"Headbutt","floor":19.0},{"not_picked":["True Grit+1","hubris:CleavingFinish"],"picked":"Twin Strike","floor":20.0},{"not_picked":["Invigoration","Havoc+1"],"picked":"conspire:Charge","floor":23.0},{"not_picked":["Havoc+1","Perfected Strike"],"picked":"Infernal Blade","floor":28.0},{"not_picked":["Body Slam","Metallicize+1"],"picked":"Shockwave","floor":31.0},{"not_picked":["jedi:unlimitedpower","jedi:harder"],"picked":"jedi:strikingstrike","floor":33.0},{"not_picked":["ReplayReversal","True Grit"],"picked":"Wild Strike","floor":35.0},{"not_picked":["StuffTheSpire:Slingshot","StuffTheSpire:Pyroclast"],"picked":"Pommel Strike","floor":36.0},{"not_picked":["Blood for Blood","Wild Strike"],"picked":"Dual Wield+1","floor":39.0},{"not_picked":["Rupture","StuffTheSpire:BloodClot"],"picked":"Anger","floor":40.0},{"not_picked":["Warcry","jedi:fear"],"picked":"Anger+1","floor":42.0},{"not_picked":["jedi:fear+1","conspire:HitWhereItHurts"],"picked":"jedi:strikingstrike","floor":45.0},{"not_picked":["jedi:bloodyhammer","Eclipse","Anger"],"picked":"Immolate","floor":47.0},{"not_picked":["conspire:Purge","jedi:bloodyhammer","Corruption"],"picked":"Anger","floor":48.0},{"not_picked":["Immolate","Fiend Fire","Anger"],"picked":"Offering","floor":50.0},{"not_picked":["Corruption","Offering","Anger"],"picked":"Demon Form","floor":52.0},{"not_picked":["jedi:bloodyhammer","conspire:Purge","Anger"],"picked":"Reaper","floor":55.0},{"not_picked":["conspire:HitWhereItHurts","Reaper","Anger"],"picked":"Bludgeon","floor":56.0},{"not_picked":["Demon Form","Replay:Many Hands","Anger"],"picked":"Corruption","floor":57.0},{"not_picked":["Brutality","Corruption","Anger"],"picked":"Demon Form","floor":59.0},{"not_picked":["Barricade","jedi:bloodyhammer","Anger"],"picked":"Double Tap","floor":61.0},{"not_picked":["jedi:bloodyhammer","Replay:Many Hands","Anger"],"picked":"Impervious","floor":63.0},{"not_picked":["Double Tap","Brutality","Anger"],"picked":"Bludgeon","floor":65.0},{"not_picked":["infinitespire:Collect","ReplayTheSpireMod:Echoes of Time"],"picked":"infinitespire:Starlight","floor":67.0},{"not_picked":["jedi:unlimitedpower","conspire:HitWhereItHurts","Anger"],"picked":"Demon Form","floor":67.0},{"not_picked":["MarkedMod:SlowDance","Establishment","Judgement","Anger"],"picked":"DevaForm","floor":69.0},{"not_picked":["ConjureBlade","jedi:strikingstrike","MarkedMod:ChiBlock","Anger"],"picked":"jedi:harder","floor":70.0},{"not_picked":["Wish","jedi:unlimitedpower","MarkedMod:ChiBlock","Anger"],"picked":"Ragnarok","floor":73.0},{"not_picked":["jedi:unlimitedpower","Establishment","ConjureBlade","Anger"],"picked":"Limit Break","floor":74.0},{"not_picked":["DeusExMachina","jedi:bloodyhammer","Brilliance","Anger"],"picked":"Demon Form","floor":78.0},{"not_picked":["infinitespire:SealOfDarkness+","infinitespire:DeathsTouch"],"picked":"infinitespire:Punishment","floor":80.0},{"not_picked":["Replay:LoomingThreat","Demonic Infusion","MarkedMod:SlowDance","Anger"],"picked":"DevaForm","floor":80.0},{"not_picked":["Wish","Barricade","jedi:unlimitedpower","Anger"],"picked":"hubris:StunningStrike","floor":82.0},{"not_picked":["Feed","Fiend Fire","jedi:unlimitedpower","Anger"],"picked":"LessonLearned","floor":84.0},{"not_picked":["Demonic Infusion","ICR:HungryGhost","conspire:Purge","Anger"],"picked":"jedi:strikingstrike","floor":86.0},{"not_picked":["Exhume","Double Tap","MasterReality","Anger+1"],"picked":"Ragnarok","floor":88.0},{"not_picked":["MarkedMod:ChiBlock","Brilliance","Replay:AllIn","Anger"],"picked":"Omniscience","floor":89.0},{"not_picked":["Berserk","ConjureBlade","jedi:bloodyhammer","Anger+1"],"picked":"Immolate","floor":90.0},{"not_picked":["jedi:strikingstrike","Blasphemy","Eclipse","Anger"],"picked":"hubris:StunningStrike","floor":91.0},{"not_picked":["Offering","LessonLearned","jedi:nirvanicrebirth","Anger"],"picked":"Omniscience","floor":93.0},{"not_picked":["Exhume","conspire:Purge","jedi:strikingstrike","Anger"],"picked":"Omniscience","floor":95.0},{"not_picked":["Corruption","jedi:nirvanicrebirth","Berserk","Anger"],"picked":"Ragnarok","floor":99.0},{"not_picked":["Replay:LoomingThreat","Barricade","DeusExMachina","Anger"],"picked":"Wish","floor":101.0},{"not_picked":["MasterReality","Offering","Blasphemy","Anger"],"picked":"Vault","floor":103.0},{"not_picked":["Corruption","MarkedMod:SlowDance","Brilliance","Anger"],"picked":"Bludgeon","floor":104.0},{"not_picked":["Eclipse","Demonic Infusion","DeusExMachina","Anger"],"picked":"ICR:HungryGhost","floor":105.0},{"not_picked":["jedi:nirvanicrebirth","Offering","conspire:HitWhereItHurts","Anger"],"picked":"Reaper","floor":108.0},{"not_picked":["MarkedMod:SlowDance","Barricade","Feed","Anger"],"picked":"DevaForm","floor":110.0},{"not_picked":["Replay:AllIn","Limit Break","Immolate","Anger"],"picked":"Demon Form","floor":111.0},{"not_picked":["Exhume","Judgement","conspire:HitWhereItHurts","Anger"],"picked":"Devotion","floor":113.0},{"not_picked":["MarkedMod:NorthStar","conspire:Purge","MarkedMod:ChiBlock","Anger"],"picked":"SpiritShield","floor":114.0},{"not_picked":["conspire:Purge","jedi:nirvanicrebirth","Blasphemy","Anger"],"picked":"Vault","floor":115.0},{"not_picked":["Brilliance","Devotion","jedi:harder","Anger"],"picked":"jedi:strikingstrike","floor":116.0},{"not_picked":["ConjureBlade","Barricade","jedi:nirvanicrebirth","Anger"],"picked":"DevaForm","floor":118.0},{"not_picked":["Brilliance","Wish","jedi:unlimitedpower","Anger"],"picked":"StuffTheSpire:TitanForm","floor":120},{"not_picked":["Double Tap","DeusExMachina","Immolate","Anger"],"picked":"Bludgeon","floor":121},{"not_picked":["Alpha","Fiend Fire","jedi:harder","Anger"],"picked":"Bludgeon","floor":126},{"not_picked":["ConjureBlade","Bludgeon","Berserk","Anger"],"picked":"Omniscience","floor":127},{"not_picked":["Judgement","Reaper","DeusExMachina","Anger"],"picked":"DevaForm","floor":129},{"not_picked":["Limit Break","MarkedMod:NorthStar","Alpha","Anger"],"picked":"Demon Form","floor":132},{"not_picked":["infinitespire:Collect","ReplayTheSpireMod:Echoes of Time"],"picked":"infinitespire:DeathsTouch","floor":133},{"not_picked":["jedi:strikingstrike","MarkedMod:ChiBlock","Feed","Anger"],"picked":"Immolate","floor":133},{"not_picked":["SpiritShield","ConjureBlade","Devotion","Anger"],"picked":"jedi:strikingstrike","floor":135},{"not_picked":["jedi:nirvanicrebirth","Eclipse","ConjureBlade","Anger"],"picked":"Vault","floor":137},{"not_picked":["LessonLearned","jedi:bloodyhammer","Scrawl","Anger"],"picked":"Double Tap","floor":138},{"not_picked":["jedi:nirvanicrebirth","Scrawl","Offering","Anger"],"picked":"Limit Break","floor":140},{"not_picked":["hubris:Fate","infinitespire:Oblivion"],"picked":"ReplayTheSpireMod:Chaos Vortex","floor":142},{"not_picked":["Double Tap","jedi:nirvanicrebirth","jedi:harder","Anger"],"picked":"Offering","floor":142},{"not_picked":["Replay:AllIn","MarkedMod:NorthStar","MarkedMod:ChiBlock","Anger"],"picked":"Barricade","floor":144},{"not_picked":["Eclipse","jedi:nirvanicrebirth","jedi:bloodyhammer","Anger+1"],"picked":"Demon Form","floor":147},{"not_picked":["LessonLearned","Demon Form","ConjureBlade","Anger"],"picked":"Impervious","floor":149},{"not_picked":["MarkedMod:NorthStar","Eclipse","Berserk","Replay:Many Hands"],"picked":"Anger+1","floor":150},{"not_picked":["ConjureBlade","DeusExMachina","jedi:nirvanicrebirth","Anger+1"],"picked":"Ragnarok","floor":152},{"not_picked":["Zap","Dualcast","Survivor","m_Survivalism"],"picked":"Eruption","floor":153},{"not_picked":["MarkedMod:SlowDance","DevaForm","jedi:nirvanicrebirth","Bludgeon"],"picked":"hubris:StunningStrike","floor":153},{"not_picked":["Sharp Hide","Replay:Sssssssssshield","Good Instincts","Deep Breath"],"picked":"Degenerate","floor":153},{"not_picked":["infinitespire:FinalStrike","infinitespire:NeuralNetwork","infinitespire:SealOfDarkness+","hubris:InfiniteBlow"],"picked":"infinitespire:Menacing","floor":153},{"not_picked":["Wish","Demonic Infusion","ConjureBlade","Anger"],"picked":"Omniscience","floor":156},{"not_picked":["MarkedMod:NorthStar","Limit Break","conspire:HitWhereItHurts","Anger+1"],"picked":"hubris:StunningStrike","floor":157}],"player_experience":1039080,"relics_obtained":[{"floor":6.0,"key":"aspiration:HiddenCompartment"},{"floor":8.0,"key":"vexMod:Dragonfruit"},{"floor":11.0,"key":"conspire:Boomerang"},{"floor":14.0,"key":"infinitespire:PuzzleCube"},{"floor":22.0,"key":"ReplayTheSpireMod:Ring of Exchange"},{"floor":22.0,"key":"Ring of Fury"},{"floor":23.0,"key":"HeavenlyBonsai"},{"floor":26.0,"key":"jedi:arcanewood"},{"floor":28.0,"key":"trackpad:GuardianSpirit"},{"floor":40.0,"key":"StuffTheSpire:Gunfinga"},{"floor":43.0,"key":"Lantern"},{"floor":45.0,"key":"Quantum Egg"},{"floor":47.0,"key":"halation:QuantumPhysicsTextbook"},{"floor":57.0,"key":"halation:KoshaPiece"},{"floor":60.0,"key":"infinitespire:EmpoweringShard"},{"floor":63.0,"key":"jedi:crownofsimplicity"},{"floor":77.0,"key":"hubris:Potato"},{"floor":80.0,"key":"Orichalcum"},{"floor":82.0,"key":"Boot"},{"floor":91.0,"key":"Chameleon Ring"},{"floor":93.0,"key":"hubris:TenFootPole"},{"floor":94.0,"key":"infinitespire:BottledMercury"},{"floor":108.0,"key":"hubris:DuctTape"},{"floor":111.0,"key":"halation:OrihimeAndHikoboshiSamaAndTears"},{"floor":114.0,"key":"conspire:TopHat"},{"floor":126,"key":"trackpad:IceCube"},{"floor":128,"key":"halation:LettersToHer"},{"floor":133,"key":"aspiration:AnachronicSnailShell"},{"floor":140,"key":"Pocketwatch"},{"floor":142,"key":"infinitespire:WardingShard"},{"floor":144,"key":"ReplayTheSpireMod:Spearhead"},{"floor":145,"key":"halation:LettersToHer"},{"floor":145,"key":"Replay:Baseball"},{"floor":156,"key":"jedi:arcanewood"}],"event_choices":[{"damage_healed":0.0,"max_hp_gain":0.0,"max_hp_loss":0.0,"gold_gain":0.0,"event_name":"Scrap Ooze","player_choice":"Success","floor":2.0,"gold_loss":0.0,"damage_taken":11.0,"relics_obtained":["infinitespire:Beetle Shell"]},{"cards_removed":["Demonic Infusion"],"damage_healed":30.0,"max_hp_gain":10.0,"max_hp_loss":0.0,"gold_gain":0.0,"event_name":"Bonfire Elementals","player_choice":"Offered Rare","floor":29.0,"gold_loss":0.0,"damage_taken":0.0},{"cards_removed":["Strike_R"],"damage_healed":0.0,"max_hp_gain":0.0,"max_hp_loss":0.0,"gold_gain":0.0,"event_name":"Falling","player_choice":"Removed Attack","floor":41.0,"gold_loss":0.0,"damage_taken":0.0},{"damage_healed":0.0,"max_hp_gain":0.0,"max_hp_loss":0.0,"gold_gain":100.0,"event_name":"Wheel of Change","player_choice":"Gold","floor":54.0,"gold_loss":0.0,"damage_taken":0.0},{"cards_removed":["Pain"],"damage_healed":0.0,"max_hp_gain":0.0,"max_hp_loss":0.0,"gold_gain":0.0,"event_name":"Beggar","player_choice":"Gave Gold","floor":75.0,"gold_loss":75.0,"damage_taken":0.0},{"damage_healed":0.0,"max_hp_gain":0.0,"max_hp_loss":0.0,"gold_gain":0.0,"event_name":"The Woman in Blue","player_choice":"Bought 3 Potions","floor":87.0,"gold_loss":0.0,"damage_taken":0.0},{"damage_healed":23.0,"max_hp_gain":0.0,"max_hp_loss":0.0,"gold_gain":0.0,"event_name":"Winding Halls","player_choice":"Writhe","floor":96.0,"gold_loss":0.0,"damage_taken":0.0,"cards_obtained":["Writhe"]},{"damage_healed":0.0,"max_hp_gain":0.0,"max_hp_loss":0.0,"gold_gain":150.0,"event_name":"Liars Game","player_choice":"AGREE","floor":106.0,"gold_loss":0.0,"damage_taken":0.0,"cards_obtained":["Doubt"]},{"damage_healed":0.0,"max_hp_gain":0.0,"max_hp_loss":0.0,"gold_gain":0.0,"event_name":"conspire:Investor","player_choice":"Leave","floor":109.0,"gold_loss":0.0,"damage_taken":0.0},{"cards_removed":["Devotion"],"damage_healed":0,"gold_gain":0,"player_choice":"Offered Rare","damage_taken":0,"max_hp_gain":10,"max_hp_loss":0,"event_name":"Bonfire Elementals","floor":124,"gold_loss":0},{"damage_healed":0,"gold_gain":0,"player_choice":"Fight","damage_taken":0,"max_hp_gain":0,"max_hp_loss":0,"event_name":"MindBloom","floor":140,"gold_loss":0}],"is_beta":false,"boss_relics":[{"not_picked":["jedi:battlestandard","halation:CatFaceCupcake"],"picked":"energizedSpire:DeadBattery"},{"not_picked":["halation:Yufonium","halation:BottledHappiness"],"picked":"ReplayTheSpireMod:CursedCoin"},{"not_picked":["ClockworkSouvenir","vexMod:EndlessSickness"],"picked":"vexMod:CursedCompass"},{"not_picked":["energizedSpire:DecayingSkull","aspiration:RunicSpoon"],"picked":"aspiration:WatcherSkillbook"},{"not_picked":["halation:PinkAlligatorPlush","vexMod:ImprovementManual"],"picked":"jedi:paperlyon"},{"not_picked":["Velvet Choker","SlaversCollar"],"picked":"vexMod:EndlessSickness"},{"not_picked":["StuffTheSpire:RunicConfusion","halation:Risk"],"picked":"Replay:Bronze Core"},{"not_picked":["conspire:SeveredTorchhead","Busted Crown"],"picked":"halation:HeavySnake"},{"not_picked":["hubris:GrandSneckoEye","StuffTheSpire:RunicHypercube"],"picked":"ReplayTheSpireMod:SealedPack"}],"items_purged_floors":[76,155],"is_endless":true,"potions_floor_spawned":[8,11,12,16,19,20,23,28,36,42,45,50,52,55,56,63,67,69,73,78,80,89,90,91,99,104,110,113,114,115,118,120,126,129,132,137,142,149],"ascension_level":17}}