{"host":"szp1d6dso4pv7ddl","time":1610057575,"event":{"mods":["AchievementEnabler","Alarm Clock","BaseMod","Bestiary","Block Reminder","Colored Map","Colored Powertips","Curses Come First","Displayed Cursed Tome","Highlight Path","Minty Spire (QoL Compilation)","Permanent Neow","Quick Restart","Relic Sorter","Relic Stats","StSLib","Synergy Search"],"gold_per_floor":[114,130,55,75,85,115,115,149,149,149,161,161,161,196,196,196,196],"floor_reached":16,"playtime":896,"items_purged":["Strike_G"],"score":210,"play_id":"6ceb7e1a-13da-4d12-8a7d-c5387d9b0343","local_time":"20210107141255","is_ascension_mode":true,"campfire_choices":[{"floor":7,"key":"REST"},{"floor":13,"key":"REST"},{"floor":15,"key":"REST"}],"circlet_count":0,"master_deck":["AscendersBane","Strike_G","Strike_G","Strike_G","Strike_G","Defend_G","Defend_G","Defend_G","Defend_G","Defend_G","Survivor","Neutralize","Acrobatics","Slice","Flying Knee","Cloak And Dagger","Blur","Bouncing Flask","Prepared","PiercingWail"],"relics":["HoveringKite","Oddly Smooth Stone","Toy Ornithopter","Darkstone Periapt","Tingsha"],"acts_visited":["Exordium"],"potions_floor_usage":[6,8,16],"damage_taken":[{"damage":9.0,"enemies":"2 Louse","floor":1.0,"turns":3.0},{"damage":1.0,"enemies":"Small Slimes","floor":2.0,"turns":3.0},{"damage":0.0,"enemies":"Cultist","floor":4.0,"turns":4.0},{"damage":14.0,"enemies":"Lots of Slimes","floor":5.0,"turns":5.0},{"damage":10,"enemies":"3 Sentries","floor":6,"turns":9},{"damage":24,"enemies":"Lagavulin","floor":8,"turns":8},{"damage":29,"enemies":"Exordium Thugs","floor":11,"turns":8},{"damage":26,"enemies":"Gremlin Nob","floor":14,"turns":5},{"damage":30,"enemies":"The Guardian","floor":16,"turns":6}],"seed_played":"-1952661506569327325","potions_obtained":[{"floor":1.0,"key":"FearPotion"},{"floor":4.0,"key":"Swift Potion"},{"floor":5.0,"key":"Explosive Potion"},{"floor":8,"key":"FairyPotion"},{"floor":11,"key":"Swift Potion"}],"is_trial":false,"path_per_floor":["M","M","$","M","M","E","R","E","T","?","M","?","R","E","R","B"],"character_chosen":"THE_SILENT","items_purchased":[],"campfire_rested":3,"item_purchase_floors":[],"current_hp_per_floor":[50,49,49,49,35,25,44,20,20,20,13,13,32,6,25,0,0],"gold":196,"neow_bonus":"BOSS_RELIC","is_daily":false,"chose_seed":false,"campfire_upgraded":0,"win_rate":0.0,"timestamp":1610057575,"path_taken":["M","M","$","M","M","E","R","E","T","?","M","?","R","E","R","BOSS"],"items_purchased_type":[],"build_version":"2020-12-22","purchased_purges":1,"victory":false,"max_hp_per_floor":[66,66,66,66,66,66,66,66,66,66,66,66,66,66,66,66,66],"relic_stats":{"Darkstone Periapt":0,"counters":[9,51],"HoveringKite":[16],"Tingsha":[15],"obtain_stats":[{"Darkstone Periapt":9,"HoveringKite":0,"Oddly Smooth Stone":6,"Tingsha":14,"Toy Ornithopter":8,"Ring of the Snake":0},{"Darkstone Periapt":6,"HoveringKite":0,"Oddly Smooth Stone":5,"Tingsha":8,"Toy Ornithopter":6,"Ring of the Snake":0},{"Darkstone Periapt":32,"HoveringKite":0,"Oddly Smooth Stone":24,"Tingsha":45,"Toy Ornithopter":32,"Ring of the Snake":0}],"Toy Ornithopter":5},"card_choices":[{"not_picked":["Caltrops","Dagger Throw"],"picked":"Acrobatics","floor":1.0},{"not_picked":["Outmaneuver","Endless Agony"],"picked":"Slice","floor":2.0},{"not_picked":["Calculated Gamble","Predator"],"picked":"Flying Knee","floor":4.0},{"not_picked":["Bane","Deflect"],"picked":"Cloak And Dagger","floor":5.0},{"not_picked":["Caltrops","Storm of Steel"],"picked":"Blur","floor":6},{"not_picked":["Deadly Poison","PiercingWail"],"picked":"Bouncing Flask","floor":8},{"not_picked":["PiercingWail","Bane"],"picked":"Prepared","floor":11},{"not_picked":["Quick Slash","Slice"],"picked":"PiercingWail","floor":14}],"player_experience":1142079,"relics_obtained":[{"floor":6,"key":"Oddly Smooth Stone"},{"floor":8,"key":"Toy Ornithopter"},{"floor":9,"key":"Darkstone Periapt"},{"floor":14,"key":"Tingsha"}],"event_choices":[{"damage_healed":0,"gold_gain":0,"player_choice":"Ignored","damage_taken":0,"max_hp_gain":0,"max_hp_loss":0,"event_name":"Shining Light","floor":10,"gold_loss":0},{"damage_healed":0,"gold_gain":0,"player_choice":"Ignored","damage_taken":0,"max_hp_gain":0,"max_hp_loss":0,"event_name":"Golden Idol","floor":12,"gold_loss":0}],"is_beta":false,"boss_relics":[],"items_purged_floors":[3],"is_endless":false,"potions_floor_spawned":[1,4,5,8,11],"killed_by":"The Guardian","ascension_level":15}}