{"host":"vknm03unwrfz4wfe","time":1610031183,"event":{"mods":["Act Like it!","BaseMod","CapriCore","Downfall","Friendly Minions","Lobotomy","Minty Spire (QoL Compilation)","Prisma Mod","Reimu¡]³Õ???¡^","Remilia¡]Á¢¦Ì²ú?¡^","StSLib","SuperFastMode","The Animator","The Cursed","The Hayseed","The Runesmith","The Servant 0.9.4","WarShipGirlsR/??¤Ö¤kR mod","Yakumo Yukari mod","Yuyuko"],"gold_per_floor":[12,12,12,12,25,53,53,63,63,63,92,112,72,72,72,72,72],"floor_reached":16,"playtime":446,"items_purged":[],"score":108,"play_id":"d6fe0d4d-258b-4815-96f4-6598ec537531","local_time":"20210107225303","is_ascension_mode":false,"campfire_choices":[{"floor":7,"key":"REST"},{"floor":10,"key":"REST"},{"floor":15,"key":"REST"}],"circlet_count":0,"master_deck":["TheSimpletonMod:Strike_TheSimpleton","TheSimpletonMod:Strike_TheSimpleton","TheSimpletonMod:Strike_TheSimpleton","TheSimpletonMod:Strike_TheSimpleton","TheSimpletonMod:Defend_TheSimpleton","TheSimpletonMod:Defend_TheSimpleton","TheSimpletonMod:Defend_TheSimpleton","TheSimpletonMod:Defend_TheSimpleton","TheSimpletonMod:Haymaker","TheSimpletonMod:ReapAndSow","TheSimpletonMod:DoubleBarrel","TheSimpletonMod:DigIn","Regret","TheSimpletonMod:Pruning","TheSimpletonMod:CullingStrike","TheSimpletonMod:Rake","TheSimpletonMod:SaladShooter","TheSimpletonMod:PestManagement"],"relics":["TheSimpletonMod:SpudOfTheInnocent","TheSimpletonMod:NightSoil","TheSimpletonMod:TheHarvester","Bird Faced Urn","Centennial Puzzle","TheSimpletonMod:GardenGlove","Juzu Bracelet","PaintedHorse:ReiMu"],"acts_visited":["Exordium"],"potions_floor_usage":[11,16],"damage_taken":[{"damage":17,"enemies":"Small Slimes","floor":1,"turns":3},{"damage":3,"enemies":"2 Louse","floor":5,"turns":4},{"damage":61,"enemies":"Gremlin Nob","floor":6,"turns":7},{"damage":7,"enemies":"Jaw Worm","floor":8,"turns":3},{"damage":15,"enemies":"3 Sentries","floor":11,"turns":8},{"damage":7,"enemies":"Blue Slaver","floor":12,"turns":3},{"damage":60,"enemies":"Hexaghost","floor":16,"turns":12}],"seed_played":"-1460878705738725888","potions_obtained":[{"floor":5,"key":"SpeedPotion"},{"floor":12,"key":"DistilledChaos"}],"is_trial":false,"path_per_floor":["M","?","$","?","M","E","R","M","T","R","E","M","?","$","R","B"],"character_chosen":"THE_SIMPLETON","items_purchased":[],"campfire_rested":3,"item_purchase_floors":[],"current_hp_per_floor":[62,62,62,62,63,6,28,25,25,47,32,29,29,29,51,0,0],"gold":72,"neow_bonus":"THREE_RARE_CARDS","is_daily":false,"chose_seed":false,"campfire_upgraded":0,"win_rate":0.0,"timestamp":1610031183,"path_taken":["M","?","$","?","M","E","R","M","T","R","E","M","?","$","R","BOSS"],"items_purchased_type":[],"build_version":"2020-12-22","purchased_purges":0,"victory":false,"max_hp_per_floor":[75,75,75,75,75,75,75,75,75,75,75,75,75,75,75,75,75],"card_choices":[{"not_picked":["TheSimpletonMod:FlashPasteurize","TheSimpletonMod:BirdFeeder"],"picked":"TheSimpletonMod:BuzzBomb","floor":0},{"not_picked":["TheSimpletonMod:Pruning","TheSimpletonMod:Mulch"],"picked":"TheSimpletonMod:DoubleBarrel","floor":1},{"not_picked":["TheSimpletonMod:Onions","TheSimpletonMod:Ferment"],"picked":"TheSimpletonMod:Pruning","floor":5},{"not_picked":["TheSimpletonMod:Onions","TheSimpletonMod:SeedCoat"],"picked":"TheSimpletonMod:CullingStrike","floor":6},{"not_picked":["TheSimpletonMod:SaladShooter","TheSimpletonMod:SoilSample"],"picked":"TheSimpletonMod:Rake","floor":8},{"not_picked":["TheSimpletonMod:DesperatePlunge","TheSimpletonMod:Mulch"],"picked":"TheSimpletonMod:SaladShooter","floor":11},{"not_picked":["TheSimpletonMod:OnionBloom","TheSimpletonMod:Aerate"],"picked":"TheSimpletonMod:PestManagement","floor":12}],"player_experience":245300,"relics_obtained":[{"floor":6,"key":"Centennial Puzzle"},{"floor":9,"key":"TheSimpletonMod:GardenGlove"},{"floor":11,"key":"Juzu Bracelet"}],"event_choices":[{"damage_healed":0,"gold_gain":0,"cards_transformed":["TheSimpletonMod:BuzzBomb"],"player_choice":"Change","damage_taken":0,"max_hp_gain":0,"max_hp_loss":0,"event_name":"Living Wall","floor":2,"gold_loss":0,"cards_obtained":["TheSimpletonMod:DigIn"]},{"damage_healed":0,"gold_gain":0,"player_choice":"Box","damage_taken":0,"relics_obtained":["Bird Faced Urn"],"max_hp_gain":0,"max_hp_loss":0,"event_name":"Big Fish","floor":4,"gold_loss":0,"cards_obtained":["Regret"]},{"damage_healed":0,"gold_gain":0,"player_choice":"¶ë?","damage_taken":0,"relics_obtained":["PaintedHorse:ReiMu"],"max_hp_gain":0,"max_hp_loss":0,"event_name":"yidonshenshe","floor":13,"gold_loss":40}],"is_beta":false,"boss_relics":[],"items_purged_floors":[],"is_endless":false,"potions_floor_spawned":[5,12],"killed_by":"Hexaghost","ascension_level":0}}