{"host":"y6zg4wwu39otf01a","time":1610048223,"event":{"mods":["Act Like it!","Aspiration","BaseMod","Better Altar","Better Match","Better Note","Better Sensory Stone","Better Skull","Better Third Choice","Colored Map","Colored Powertips","Conspire","GifTheSpireLib","Glutton Mod","Halation","Hermit","Highlight Path","Hubris","Infinite Spire","Mimic Mod","Minty Spire (QoL Compilation)","Quick Restart","Random Character Button","Rare Cards Sparkle","Replay The Spire","Retaliation","Shade Mod","Spicy Shops","StSLib","Stuff the Spire","The Blue Laboratory","The Jungle","TheArtist","thorton","vexMod"],"gold_per_floor":[110,84,259,62,62,90,90,105,105,105,140,172,199,199,199,199,199],"floor_reached":16,"playtime":1226,"items_purged":[],"score":146,"play_id":"ef1b0e80-d9ff-4b07-8a04-4630788285d2","local_time":"20210107143703","is_ascension_mode":true,"campfire_choices":[{"data":"ReplayTheSpireMod:Dual Polarity","floor":7,"key":"SMITH"},{"floor":15,"key":"REST"}],"circlet_count":0,"master_deck":["Strike_B+1","Strike_B","Strike_B+1","Strike_B","Defend_B","Defend_B","Defend_B","Defend_B","Zap","Dualcast","Panic Button","BasicCrystalCard","Doubt","Crow Ritual","hubris:EnhanceAbility","ReplayTheSpireMod:Dual Polarity+1","Beam Cell","infinitespire:Oblivion","Ball Lightning"],"relics":["Cracked Core","NeowsBlessing","Lantern","infinitespire:FocusingShard","hubris:KleinBottle","halation:SwordOfLegend","StuffTheSpire:Gunfinga","Simple Rune","Replay:Accelerometer"],"acts_visited":["Exordium"],"potions_floor_usage":[12,16],"damage_taken":[{"damage":0,"enemies":"Small Slimes","floor":1,"turns":1},{"damage":0,"enemies":"3 Sentries","floor":6,"turns":1},{"damage":0,"enemies":"2 Louse","floor":8,"turns":1},{"damage":30,"enemies":"Lagavulin","floor":11,"turns":6},{"damage":9,"enemies":"Jaw Worm","floor":12,"turns":5},{"damage":11,"enemies":"3 Sentries","floor":13,"turns":6},{"damage":31,"enemies":"Slime Boss","floor":16,"turns":6}],"seed_played":"-3963288854743282475","potions_obtained":[{"floor":1,"key":"blueLaboratory:BottleOfRum"},{"floor":11,"key":"blueLaboratory:Moonshine"}],"is_trial":false,"path_per_floor":["M","$","?","$","?","E","R","M","T","$","E","MIM","E","?","R","B"],"character_chosen":"DEFECT","items_purchased":["BasicCrystalCard","Crow Ritual","hubris:KleinBottle"],"campfire_rested":1,"item_purchase_floors":[2,4,10],"current_hp_per_floor":[75,75,75,75,75,75,75,75,75,56,26,17,6,6,31,0,0],"gold":199,"neow_bonus":"THREE_ENEMY_KILL","is_daily":false,"chose_seed":false,"campfire_upgraded":1,"win_rate":0.0,"timestamp":1610048223,"path_taken":["M","$","?","$","?","E","R","M","T","?","E","?","E","?","R","BOSS"],"items_purchased_type":["Card","Card","Relic"],"build_version":"2020-12-22","purchased_purges":0,"victory":false,"max_hp_per_floor":[75,75,75,75,75,75,75,75,75,75,75,75,75,75,75,75,75],"card_choices":[{"not_picked":["ReplayTheSpireMod:GoodbyeWorld","Undo"],"picked":"Panic Button","floor":1},{"not_picked":["Mayhem","hubris:Ssssneak"],"picked":"hubris:EnhanceAbility","floor":5},{"not_picked":["Recycle","StuffTheSpire:Synthwave"],"picked":"ReplayTheSpireMod:Dual Polarity","floor":6},{"not_picked":["Ball Lightning","Fusion"],"picked":"Beam Cell","floor":8},{"not_picked":["infinitespire:TheBestDefense","infinitespire:Gouge"],"picked":"infinitespire:Oblivion","floor":10},{"not_picked":["Streamline","hubris:Ukulele","Rebound"],"picked":"SKIP","floor":11},{"not_picked":["Rebound","Turbo"],"picked":"Ball Lightning","floor":12},{"not_picked":["Leap","Hologram","Gash"],"picked":"SKIP","floor":13}],"player_experience":673192,"relics_obtained":[{"floor":6,"key":"Lantern"},{"floor":9,"key":"infinitespire:FocusingShard"},{"floor":11,"key":"halation:SwordOfLegend"},{"floor":12,"key":"StuffTheSpire:Gunfinga"},{"floor":13,"key":"Simple Rune"}],"event_choices":[{"damage_healed":0,"gold_gain":175,"player_choice":"AGREE","damage_taken":84,"max_hp_gain":0,"max_hp_loss":0,"event_name":"betterThird:BetterSerpent","floor":3,"gold_loss":0},{"damage_healed":0,"gold_gain":1,"player_choice":"1","damage_taken":0,"max_hp_gain":0,"max_hp_loss":0,"event_name":"betterStone:BetterStone","floor":5,"gold_loss":0}],"is_beta":false,"boss_relics":[],"items_purged_floors":[],"is_endless":false,"potions_floor_spawned":[1,11],"killed_by":"Slime Boss","ascension_level":1}}