{"host":"raaimkojny05jekw","time":1610016789,"event":{"mods":["AchievementEnabler","BaseMod","Colored Map","Colored Powertips","DeckTracker","Minty Spire (QoL Compilation)","Quick Restart","Rare Cards Sparkle","everything is the same but u backflip on backflip"],"gold_per_floor":[17,17,29,47,61,61,83,102,156,156,172,188,206,39,39,39,39],"floor_reached":16,"playtime":649,"items_purged":["Strike_G"],"score":192,"play_id":"25726d0f-1807-44d0-a65e-375363c90940","local_time":"20210107195309","is_ascension_mode":true,"campfire_choices":[{"data":"Leg Sweep","floor":6,"key":"SMITH"},{"data":"Bouncing Flask","floor":10,"key":"SMITH"},{"floor":15,"key":"REST"}],"circlet_count":0,"master_deck":["AscendersBane","Strike_G","Strike_G","Strike_G","Strike_G","Defend_G","Defend_G","Defend_G","Defend_G","Defend_G","Survivor","Neutralize","Sadistic Nature","Underhanded Strike","Leg Sweep+1","PiercingWail","Dagger Throw","Sucker Punch","Bouncing Flask+1","Well Laid Plans","Escape Plan","Acrobatics","Madness"],"relics":["Ring of the Snake","Odd Mushroom","PreservedInsect"],"acts_visited":["Exordium"],"potions_floor_usage":[7,7,13,13],"damage_taken":[{"damage":2,"enemies":"Jaw Worm","floor":1,"turns":4},{"damage":4,"enemies":"2 Louse","floor":3,"turns":3},{"damage":4,"enemies":"Small Slimes","floor":4,"turns":4},{"damage":0,"enemies":"Looter","floor":5,"turns":4},{"damage":15,"enemies":"The Mushroom Lair","floor":7,"turns":5},{"damage":4,"enemies":"Lots of Slimes","floor":8,"turns":4},{"damage":5,"enemies":"Exordium Wildlife","floor":11,"turns":3},{"damage":0,"enemies":"3 Louse","floor":12,"turns":2},{"damage":16,"enemies":"Gremlin Gang","floor":13,"turns":5},{"damage":26,"enemies":"Slime Boss","floor":16,"turns":9}],"seed_played":"2423866424755505246","potions_obtained":[{"floor":1,"key":"Strength Potion"},{"floor":5,"key":"DuplicationPotion"},{"floor":7,"key":"DuplicationPotion"},{"floor":8,"key":"GhostInAJar"}],"is_trial":false,"path_per_floor":["M","$","M","M","M","R","?","M","T","R","M","M","M","$","R","B"],"character_chosen":"THE_SILENT","items_purchased":["Madness"],"campfire_rested":1,"item_purchase_floors":[14],"current_hp_per_floor":[57,57,53,49,49,49,34,30,30,30,25,25,9,9,28,2,2],"gold":39,"neow_bonus":"RANDOM_COLORLESS_2","is_daily":false,"chose_seed":false,"campfire_upgraded":2,"win_rate":0.0,"timestamp":1610016789,"path_taken":["M","$","M","M","M","R","?","M","T","R","M","M","M","$","R","BOSS"],"items_purchased_type":["Card"],"build_version":"2020-12-22","purchased_purges":1,"victory":false,"max_hp_per_floor":[66,66,66,66,66,66,66,66,66,66,66,66,66,66,66,66,66],"card_choices":[{"not_picked":["Apotheosis","Secret Weapon"],"picked":"Sadistic Nature","floor":0},{"not_picked":["Outmaneuver","Accuracy"],"picked":"Underhanded Strike","floor":1},{"not_picked":["Quick Slash","Slice"],"picked":"Leg Sweep","floor":3},{"not_picked":["Underhanded Strike","Backflip"],"picked":"PiercingWail","floor":4},{"not_picked":["Tactician","Prepared"],"picked":"Dagger Throw","floor":5},{"not_picked":["Dagger Throw","Quick Slash"],"picked":"Sucker Punch","floor":7},{"not_picked":["Quick Slash","Dodge and Roll"],"picked":"Bouncing Flask","floor":8},{"not_picked":["Unload","Dodge and Roll"],"picked":"Well Laid Plans","floor":11},{"not_picked":["Endless Agony","Bane"],"picked":"Escape Plan","floor":12},{"not_picked":["Dagger Throw","Skewer"],"picked":"Acrobatics","floor":13}],"player_experience":732905,"relics_obtained":[{"floor":7,"key":"Odd Mushroom"},{"floor":9,"key":"PreservedInsect"}],"event_choices":[{"damage_healed":0,"gold_gain":0,"player_choice":"Fought Mushrooms","damage_taken":0,"max_hp_gain":0,"max_hp_loss":0,"event_name":"Mushrooms","floor":7,"gold_loss":0}],"is_beta":false,"boss_relics":[],"items_purged_floors":[14],"is_endless":false,"potions_floor_spawned":[1,5,7,8,12],"killed_by":"Slime Boss","ascension_level":20}}