{"host":"ta9mufxydm4vkknf","time":1610037651,"event":{"mods":["AchievementEnabler","BaseMod","Minty Spire (QoL Compilation)","Quick Restart"],"gold_per_floor":[114,129,51,66,66,66,66,66,91,110,110,185,204,223,223,348,348,367,392,411,430,449,449,449,449,449,468,487,506,525,544,544,669,669,688,737,756,756,775,794,794,843,843,862,69,407,426,445,445,445],"floor_reached":51,"playtime":1878,"items_purged":[],"score":783,"play_id":"28d3d09c-d64f-4a88-8f81-913ddb3e50db","local_time":"20210107174051","daily_mods":["SealedDeck","Vintage","Lethality"],"is_ascension_mode":false,"campfire_choices":[{"data":"MentalFortress","floor":6,"key":"SMITH"},{"data":"EmptyMind","floor":8,"key":"SMITH"},{"data":"Consecrate","floor":11,"key":"SMITH"},{"data":"EmptyFist","floor":15,"key":"SMITH"},{"data":"Adaptation","floor":23,"key":"SMITH"},{"data":"Crescendo","floor":25,"key":"SMITH"},{"data":"Halt","floor":32,"key":"SMITH"},{"data":"Consecrate","floor":49,"key":"SMITH"}],"circlet_count":0,"master_deck":["Halt+1","Crescendo+1","Adaptation+1","Crescendo+1","EmptyFist+1","SashWhip+1","Conclude","Consecrate+1","EmptyMind+1","MentalFortress+1","Sanctity","DeusExMachina","Wish+1","Consecrate+1"],"relics":["PureWater","TeardropLocket","Shuriken","Bronze Scales","Golden Idol","Vajra","Matryoshka","Mercury Hourglass","MealTicket","Busted Crown","Toxic Egg 2","Red Mask","Meat on the Bone","Mummified Hand","Incense Burner","MutagenicStrength","Potion Belt","Happy Flower","Question Card","Anchor","Blood Vial","The Courier","Smiling Mask","SlaversCollar","HornCleat","Ornamental Fan","Lizard Tail","CeramicFish","Bottled Tornado","Pear","Frozen Egg 2","Yang","Bottled Lightning","Kunai","Darkstone Periapt","PrismaticShard","Unceasing Top","Old Coin","Pen Nib","Letter Opener"],"acts_visited":["Exordium","TheCity","TheBeyond"],"potions_floor_usage":[18,31],"damage_taken":[{"damage":10,"enemies":"Jaw Worm","floor":1,"turns":2},{"damage":0,"enemies":"2 Louse","floor":2,"turns":1},{"damage":0,"enemies":"Cultist","floor":4,"turns":2},{"damage":0,"enemies":"Looter","floor":10,"turns":1},{"damage":0,"enemies":"Large Slime","floor":13,"turns":2},{"damage":0,"enemies":"Gremlin Gang","floor":14,"turns":1},{"damage":15,"enemies":"Hexaghost","floor":16,"turns":4},{"damage":24,"enemies":"Chosen","floor":18,"turns":2},{"damage":0,"enemies":"Masked Bandits","floor":19,"turns":2},{"damage":0,"enemies":"Spheric Guardian","floor":20,"turns":2},{"damage":0,"enemies":"Centurion and Healer","floor":21,"turns":1},{"damage":0,"enemies":"Snecko","floor":22,"turns":2},{"damage":0,"enemies":"Sentry and Sphere","floor":27,"turns":1},{"damage":0,"enemies":"Centurion and Healer","floor":28,"turns":2},{"damage":0,"enemies":"Chosen and Byrds","floor":29,"turns":1},{"damage":0,"enemies":"Snecko","floor":30,"turns":1},{"damage":0,"enemies":"Sentry and Sphere","floor":31,"turns":1},{"damage":2,"enemies":"Automaton","floor":33,"turns":4},{"damage":0,"enemies":"Orb Walker","floor":35,"turns":2},{"damage":0,"enemies":"3 Darklings","floor":36,"turns":3},{"damage":0,"enemies":"Maw","floor":37,"turns":5},{"damage":0,"enemies":"4 Shapes","floor":39,"turns":1},{"damage":0,"enemies":"Sphere and 2 Shapes","floor":40,"turns":2},{"damage":0,"enemies":"3 Darklings","floor":42,"turns":1},{"damage":0,"enemies":"Jaw Worm Horde","floor":44,"turns":1},{"damage":0,"enemies":"Reptomancer","floor":46,"turns":2},{"damage":0,"enemies":"4 Shapes","floor":47,"turns":2},{"damage":0,"enemies":"Writhing Mass","floor":48,"turns":1},{"damage":28,"enemies":"Time Eater","floor":50,"turns":8}],"seed_played":"8350349167999303424","potions_obtained":[{"floor":2,"key":"BlessingOfTheForge"},{"floor":10,"key":"Strength Potion"},{"floor":13,"key":"DuplicationPotion"},{"floor":18,"key":"DuplicationPotion"},{"floor":20,"key":"StancePotion"},{"floor":21,"key":"LiquidMemories"},{"floor":28,"key":"EntropicBrew"},{"floor":31,"key":"Fruit Juice"},{"floor":33,"key":"LiquidBronze"},{"floor":44,"key":"DuplicationPotion"}],"is_trial":false,"path_per_floor":["M","M","$","M","?","R","?","R","T","M","R","?","M","M","R","B",null,"M","?","M","M","M","R","?","R","T","M","M","M","M","M","R","B",null,"M","M","M","?","M","M","?","M","T","M","$","E","M","M","R","B",null],"character_chosen":"WATCHER","items_purchased":["Sanctity","Consecrate","Kunai","Darkstone Periapt","PrismaticShard","Unceasing Top"],"campfire_rested":0,"item_purchase_floors":[3,45,45,45,45,45],"current_hp_per_floor":[62,62,62,62,62,62,62,62,62,62,62,51,51,51,51,36,67,43,43,43,43,43,43,43,43,43,43,43,43,45,52,52,52,72,72,72,72,72,72,72,68,78,78,78,78,78,78,78,78,50],"gold":445,"neow_bonus":"","is_daily":true,"chose_seed":false,"campfire_upgraded":8,"win_rate":0.0,"timestamp":1610037651,"path_taken":["M","M","$","M","?","R","?","R","T","M","R","?","M","M","R","BOSS","M","?","M","M","M","R","?","R","T","M","M","M","M","M","R","BOSS","M","M","M","?","M","?","?","M","T","M","$","E","M","M","R","BOSS"],"items_purchased_type":["Card","Card","Relic","Relic","Relic","Relic"],"build_version":"2020-12-22","purchased_purges":0,"victory":true,"max_hp_per_floor":[72,72,72,72,67,67,67,67,67,67,67,67,67,67,67,67,67,67,67,67,67,67,67,67,67,67,67,67,67,67,72,72,72,72,72,72,72,72,72,72,68,78,78,78,78,78,78,78,78,78],"card_choices":[{"not_picked":["MasterReality","LessonLearned"],"picked":"DeusExMachina","floor":16},{"not_picked":["MasterReality"],"picked":"Wish+1","floor":33},{"not_picked":["Enlightenment+1","Forethought+1"],"picked":"SKIP","floor":46}],"player_experience":246882,"relics_obtained":[{"floor":1,"key":"TeardropLocket"},{"floor":2,"key":"Shuriken"},{"floor":4,"key":"Bronze Scales"},{"floor":9,"key":"Vajra"},{"floor":10,"key":"Matryoshka"},{"floor":13,"key":"Mercury Hourglass"},{"floor":14,"key":"MealTicket"},{"floor":18,"key":"Toxic Egg 2"},{"floor":19,"key":"Red Mask"},{"floor":20,"key":"Meat on the Bone"},{"floor":21,"key":"Mummified Hand"},{"floor":22,"key":"Incense Burner"},{"floor":26,"key":"Potion Belt"},{"floor":26,"key":"Happy Flower"},{"floor":27,"key":"Question Card"},{"floor":28,"key":"Anchor"},{"floor":29,"key":"Blood Vial"},{"floor":30,"key":"The Courier"},{"floor":31,"key":"Smiling Mask"},{"floor":35,"key":"HornCleat"},{"floor":36,"key":"Ornamental Fan"},{"floor":37,"key":"Lizard Tail"},{"floor":39,"key":"CeramicFish"},{"floor":40,"key":"Bottled Tornado"},{"floor":42,"key":"Pear"},{"floor":43,"key":"Frozen Egg 2"},{"floor":43,"key":"Yang"},{"floor":44,"key":"Bottled Lightning"},{"floor":46,"key":"Old Coin"},{"floor":47,"key":"Pen Nib"},{"floor":48,"key":"Letter Opener"}],"event_choices":[{"damage_healed":0,"gold_gain":0,"player_choice":"Lose Max HP","damage_taken":0,"relics_obtained":["Golden Idol"],"max_hp_gain":0,"max_hp_loss":5,"event_name":"Golden Idol","floor":5,"gold_loss":0},{"damage_healed":0,"gold_gain":0,"player_choice":"Grow","damage_taken":0,"max_hp_gain":0,"max_hp_loss":0,"event_name":"Living Wall","floor":7,"gold_loss":0,"cards_upgraded":["Crescendo"]},{"damage_healed":0,"gold_gain":75,"player_choice":"Gather Gold","damage_taken":11,"max_hp_gain":0,"max_hp_loss":0,"event_name":"World of Goop","floor":12,"gold_loss":0},{"damage_healed":0,"gold_gain":0,"player_choice":"Fought Bandits","damage_taken":0,"max_hp_gain":0,"max_hp_loss":0,"event_name":"Masked Bandits","floor":19,"gold_loss":0},{"damage_healed":0,"gold_gain":0,"player_choice":"Inject Mutagens","damage_taken":0,"relics_obtained":["MutagenicStrength"],"max_hp_gain":0,"max_hp_loss":0,"event_name":"Drug Dealer","floor":24,"gold_loss":0},{"damage_healed":0,"gold_gain":0,"player_choice":"Forge","damage_taken":0,"max_hp_gain":0,"max_hp_loss":0,"event_name":"Accursed Blacksmith","floor":38,"gold_loss":0,"cards_upgraded":["SashWhip"]},{"damage_healed":0,"gold_gain":0,"player_choice":"Max HP","damage_taken":0,"max_hp_gain":0,"max_hp_loss":4,"event_name":"Winding Halls","floor":41,"gold_loss":0}],"is_beta":false,"boss_relics":[{"not_picked":["Philosopher\u0027s Stone","Sozu"],"picked":"Busted Crown"},{"not_picked":["Velvet Choker","VioletLotus"],"picked":"SlaversCollar"}],"items_purged_floors":[],"is_endless":false,"potions_floor_spawned":[2,10,13,18,20,21,28,31,33,37,40,44,47,48],"ascension_level":0}}