{"host":"exhp4inpfmbngj23","time":1610046978,"event":{"mods":["Abigail Mod","BaseMod","Beaked The Cultist","Friendly Minions","Gremlin Mod","Kiyohime????","Minty Spire (QoL Compilation)","StSLib","The Alterego"],"gold_per_floor":[119,131,146,146,163,163,175,191,191,191,206,235,235,251,251,348,348,360,360,375,375,387,387,387],"floor_reached":23,"playtime":1617,"items_purged":[],"score":242,"play_id":"a4b585f7-2037-47f0-b671-ff24f2fe030f","local_time":"20210107111618","is_ascension_mode":true,"campfire_choices":[{"data":"alterego_mod:BigMeatyClaws","floor":6,"key":"SMITH"},{"floor":10,"key":"REST"},{"data":"alterego_mod:BrynhildrsRune","floor":13,"key":"SMITH"},{"data":"alterego_mod:Nekomimi","floor":15,"key":"SMITH"}],"circlet_count":0,"master_deck":["alterego_mod:Strike","alterego_mod:Strike","alterego_mod:Strike","alterego_mod:Strike","alterego_mod:Defend","alterego_mod:Defend","alterego_mod:Defend","alterego_mod:Defend","alterego_mod:Impale+1","alterego_mod:BigMeatyClaws+1","alterego_mod:BrynhildrsRune+1","alterego_mod:Undulate","alterego_mod:Schoolgirl","alterego_mod:ChallengeComplete","alterego_mod:TrashNCrash","alterego_mod:1TonWallop","alterego_mod:Exercise","alterego_mod:Jiggle","alterego_mod:Birthday","alterego_mod:Nekomimi+1","alterego_mod:AlterEgo","alterego_mod:SakuraFive","alterego_mod:Stockings","alterego_mod:GachaTicket","alterego_mod:DeftHands"],"relics":["alterego_mod:MasochisticConstitution","Art of War","Strawberry","MealTicket","beaked:MawFillet"],"acts_visited":["Exordium","TheCity"],"potions_floor_usage":[7,11,12,12,20],"damage_taken":[{"damage":12,"enemies":"Cultist","floor":1,"turns":4},{"damage":11,"enemies":"Jaw Worm","floor":2,"turns":4},{"damage":0,"enemies":"2 Louse","floor":3,"turns":3},{"damage":2,"enemies":"Looter","floor":5,"turns":4},{"damage":6,"enemies":"Exordium Wildlife","floor":7,"turns":2},{"damage":8,"enemies":"2 Fungi Beasts","floor":8,"turns":2},{"damage":2,"enemies":"Looter","floor":11,"turns":3},{"damage":17,"enemies":"Gremlin Nob","floor":12,"turns":3},{"damage":11,"enemies":"Exordium Wildlife","floor":14,"turns":3},{"damage":23,"enemies":"The Guardian","floor":16,"turns":13},{"damage":14,"enemies":"Spheric Guardian","floor":18,"turns":4},{"damage":23,"enemies":"2 Thieves","floor":20,"turns":2},{"damage":29,"enemies":"Cultist and Chosen","floor":22,"turns":6},{"damage":35,"enemies":"Slavers","floor":23,"turns":3}],"seed_played":"2434566973321918150","potions_obtained":[{"floor":1,"key":"PowerPotion"},{"floor":2,"key":"PowerPotion"},{"floor":5,"key":"Strength Potion"},{"floor":8,"key":"Swift Potion"},{"floor":11,"key":"Swift Potion"},{"floor":18,"key":"Fire Potion"}],"is_trial":false,"path_per_floor":["M","M","M","?","M","R","M","M","T","R","M","E","R","M","R","B",null,"M","?","M","?","M","E"],"character_chosen":"The_Alterego","items_purchased":[],"campfire_rested":1,"item_purchase_floors":[],"current_hp_per_floor":[59,49,49,49,48,48,43,36,43,67,66,50,50,42,42,22,86,73,73,51,51,25,0,0],"gold":387,"neow_bonus":"UPGRADE_CARD","is_daily":false,"chose_seed":false,"campfire_upgraded":3,"win_rate":0.0,"timestamp":1610046978,"path_taken":["M","M","?","?","?","R","M","M","T","R","M","E","R","M","R","BOSS","M","?","M","?","?","E"],"items_purchased_type":[],"build_version":"2020-12-22","purchased_purges":0,"victory":false,"max_hp_per_floor":[71,72,72,72,73,73,74,75,82,82,83,84,84,85,85,86,86,87,87,88,88,89,89,89],"card_choices":[{"not_picked":["alterego_mod:Bloomers","alterego_mod:TrashNCrash"],"picked":"alterego_mod:Undulate","floor":1},{"not_picked":["alterego_mod:BeGentle","alterego_mod:DestructionOfProperty"],"picked":"alterego_mod:Schoolgirl","floor":2},{"not_picked":["alterego_mod:BiFurious","alterego_mod:HighServant"],"picked":"alterego_mod:ChallengeComplete","floor":3},{"not_picked":["alterego_mod:HighServant","alterego_mod:Santa"],"picked":"alterego_mod:TrashNCrash","floor":5},{"not_picked":["alterego_mod:Pet","alterego_mod:SakuraLabyrinth"],"picked":"alterego_mod:1TonWallop","floor":7},{"not_picked":["alterego_mod:Lingerie","alterego_mod:1TonWallop"],"picked":"alterego_mod:Exercise","floor":8},{"not_picked":["alterego_mod:Cushion","alterego_mod:BiFurious"],"picked":"alterego_mod:Jiggle","floor":11},{"not_picked":["alterego_mod:PresenceConcealment","alterego_mod:Valentines"],"picked":"alterego_mod:Birthday","floor":12},{"not_picked":["alterego_mod:Belts","alterego_mod:Cycle"],"picked":"alterego_mod:Nekomimi","floor":14},{"not_picked":["alterego_mod:SideboobHour","alterego_mod:GIGAMILK"],"picked":"alterego_mod:AlterEgo","floor":16},{"not_picked":["alterego_mod:Bloomers","alterego_mod:Crossover+1"],"picked":"alterego_mod:SakuraFive","floor":18},{"not_picked":["alterego_mod:TrashNCrash","alterego_mod:Jiggle"],"picked":"alterego_mod:GachaTicket","floor":20},{"not_picked":["alterego_mod:TrashNCrash","alterego_mod:PerceptionDisorder"],"picked":"alterego_mod:DeftHands","floor":22}],"player_experience":1911168,"relics_obtained":[{"floor":9,"key":"Strawberry"},{"floor":12,"key":"MealTicket"}],"event_choices":[{"damage_healed":0,"gold_gain":0,"player_choice":"Gave Potion","damage_taken":0,"relics_obtained":["Art of War"],"max_hp_gain":0,"max_hp_loss":0,"event_name":"WeMeetAgain","floor":4,"gold_loss":0},{"damage_healed":0,"gold_gain":0,"player_choice":"Read","damage_taken":0,"max_hp_gain":0,"max_hp_loss":0,"event_name":"The Library","floor":19,"gold_loss":0,"cards_obtained":["alterego_mod:Stockings"]},{"damage_healed":0,"gold_gain":0,"player_choice":"Ignored","damage_taken":0,"max_hp_gain":0,"max_hp_loss":0,"event_name":"Beggar","floor":21,"gold_loss":0}],"is_beta":false,"boss_relics":[{"not_picked":["SacredBark","Coffee Dripper"],"picked":"beaked:MawFillet"}],"items_purged_floors":[],"is_endless":false,"potions_floor_spawned":[1,2,5,8,11,18],"killed_by":"Slavers","ascension_level":2}}