{"host":"2zwkzbbohfglxxlo","time":1610056660,"event":{"mods":["Act Like it!","BaseMod","BetterRewards","Colored Powertips","Conspire","GifTheSpireLib","Hermit","Hubris","Infinite Spire","Minty Spire (QoL Compilation)","Quick Restart","Relic Stats","Replay The Spire","StSLib","The Cursed","The Mystic","The Necromancer","The Runesmith","The Servant 0.9.4","Wandering Minibosses"],"gold_per_floor":[119,119,129,58,83,114,114,140,163,163,163,182,200,265,265,362,362,373,323,336,350,350,350,411,411,411,427,427,427],"floor_reached":28,"playtime":1043,"items_purged":[],"score":320,"play_id":"6b94dc49-7417-42a3-bb68-0a29953ac05a","local_time":"20210107145740","is_ascension_mode":true,"campfire_choices":[{"data":"Double Energy","floor":7,"key":"SMITH"},{"floor":15,"key":"REST"},{"data":"Storm","floor":23,"key":"SMITH"},{"floor":25,"key":"REST"}],"circlet_count":0,"master_deck":["Strike_B","Strike_B","Strike_B","Strike_B","Defend_B","Defend_B","Defend_B+1","Defend_B","Zap","Dualcast","ReplayTheSpireMod:System Scan","Defragment","Hello World","Storm+1","Double Energy+1","Defragment","ReplayGash","Genetic Algorithm","Beam Cell","Seek","Self Repair","Chill","Gash+1","Beam Cell+1"],"relics":["FrozenCore","NeowsBlessing","Anchor","infinitespire:SolderingIron","hubris:MobiusCoin","Oddly Smooth Stone","Replay:Wax Seal"],"acts_visited":["Exordium","TheCity"],"potions_floor_usage":[6,12,12,14,16,28,28,28,28,28],"damage_taken":[{"damage":0,"enemies":"Small Slimes","floor":1,"turns":1},{"damage":0,"enemies":"2 Louse","floor":3,"turns":1},{"damage":0,"enemies":"conspire:MimicChest","floor":5,"turns":1},{"damage":39,"enemies":"Lagavulin","floor":6,"turns":6},{"damage":32,"enemies":"Gremlin Nob","floor":8,"turns":5},{"damage":0,"enemies":"Cultist","floor":12,"turns":5},{"damage":9,"enemies":"Blue Slaver","floor":13,"turns":3},{"damage":42,"enemies":"Gremlin Gang","floor":14,"turns":4},{"damage":0,"enemies":"The Guardian","floor":16,"turns":2},{"damage":1,"enemies":"Shell Parasite","floor":18,"turns":5},{"damage":12,"enemies":"Chosen","floor":20,"turns":6},{"damage":10,"enemies":"Centurion and Healer","floor":21,"turns":16},{"damage":51,"enemies":"Snake Plant","floor":24,"turns":5},{"damage":16,"enemies":"Cultist and Chosen","floor":27,"turns":7},{"damage":21,"enemies":"Book of Stabbing","floor":28,"turns":4}],"seed_played":"6491762353123820206","potions_obtained":[{"floor":5,"key":"SteroidPotion"},{"floor":8,"key":"Energy Potion"},{"floor":11,"key":"Toxic Potion"},{"floor":11,"key":"Regen Potion"},{"floor":12,"key":"FairyPotion"},{"floor":13,"key":"EssenceOfDarkness"},{"floor":14,"key":"infinitespire:BlackPotion"},{"floor":21,"key":"Strength Potion"},{"floor":27,"key":"EntropicBrew"}],"is_trial":false,"path_per_floor":["M","$","M","$","?","E","R","E","T","?","?","M","M","M","R","B",null,"M","?","M","M","?","R","M","R","T","M","E"],"character_chosen":"DEFECT","items_purchased":["Hello World"],"campfire_rested":2,"item_purchase_floors":[4],"current_hp_per_floor":[75,75,75,75,75,36,36,4,4,4,4,19,10,11,33,33,75,74,74,62,59,59,59,15,37,37,21,0,0],"gold":427,"neow_bonus":"THREE_ENEMY_KILL","is_daily":false,"chose_seed":false,"campfire_upgraded":2,"win_rate":0.0,"timestamp":1610056660,"path_taken":["M","$","M","$","?","E","R","E","T","?","?","M","?","M","R","BOSS","M","?","M","?","?","R","M","R","T","M","E"],"items_purchased_type":["Card"],"build_version":"2020-12-22","purchased_purges":0,"victory":false,"max_hp_per_floor":[75,75,75,75,75,75,75,75,75,75,75,75,75,75,75,75,75,75,75,75,75,75,75,75,75,75,75,75,75],"relic_stats":{"counters":[17,79],"obtain_stats":[{"hubris:MobiusCoin":8,"Anchor":5,"infinitespire:SolderingIron":6,"NeowsBlessing":0,"Oddly Smooth Stone":9,"Ring of Panic":3,"Replay:Wax Seal":26,"Cracked Core":0,"Smiling Mask":0,"FrozenCore":17},{"hubris:MobiusCoin":7,"Anchor":5,"infinitespire:SolderingIron":6,"NeowsBlessing":2,"Oddly Smooth Stone":7,"Ring of Panic":2,"Replay:Wax Seal":15,"Cracked Core":0,"Smiling Mask":0,"FrozenCore":11},{"hubris:MobiusCoin":22,"Anchor":11,"infinitespire:SolderingIron":17,"NeowsBlessing":8,"Oddly Smooth Stone":22,"Ring of Panic":8,"Replay:Wax Seal":68,"Cracked Core":0,"Smiling Mask":0,"FrozenCore":36}],"FrozenCore":[19]},"card_choices":[{"not_picked":["Compile Driver","Coolheaded"],"picked":"ReplayTheSpireMod:System Scan","floor":1},{"not_picked":["Heatsinks","Hologram"],"picked":"Defragment","floor":3},{"not_picked":["Cold Snap","Streamline"],"picked":"Storm","floor":5},{"not_picked":["Undo","Leap"],"picked":"Double Energy","floor":6},{"not_picked":["Streamline","Coolheaded"],"picked":"Defragment","floor":8},{"not_picked":["Redo","Scrape"],"picked":"ReplayGash","floor":12},{"not_picked":["Steam","ReplayTheSpireMod:System Scan"],"picked":"Genetic Algorithm","floor":13},{"not_picked":["Cold Snap","Fission"],"picked":"Beam Cell","floor":14},{"not_picked":["Meteor Strike","ReplayTheSpireMod:Fabricate Wheel"],"picked":"Seek","floor":16},{"not_picked":["Redo","Undo"],"picked":"Self Repair","floor":18},{"not_picked":["Gash","Scrape"],"picked":"Chill","floor":20},{"not_picked":["Conserve Battery","ReplayTheSpireMod:System Scan"],"picked":"Gash+1","floor":21},{"not_picked":["Compile Driver","Turbo","Consume"],"picked":"SKIP","floor":24},{"not_picked":["Compile Driver","Turbo","Consume"],"picked":"SKIP","floor":24},{"not_picked":["Cold Snap","Blizzard"],"picked":"Beam Cell+1","floor":27}],"player_experience":573400,"relics_obtained":[{"floor":5,"key":"Anchor"},{"floor":6,"key":"infinitespire:SolderingIron"},{"floor":8,"key":"hubris:MobiusCoin"},{"floor":9,"key":"Oddly Smooth Stone"},{"floor":26,"key":"Replay:Wax Seal"}],"event_choices":[{"damage_healed":0,"gold_gain":0,"player_choice":"Got Potions","damage_taken":0,"max_hp_gain":0,"max_hp_loss":0,"event_name":"Lab","floor":11,"gold_loss":0},{"damage_healed":0,"gold_gain":0,"player_choice":"Bet on Owner","damage_taken":0,"max_hp_gain":0,"max_hp_loss":0,"event_name":"The Joust","floor":19,"gold_loss":50},{"damage_healed":0,"gold_gain":0,"player_choice":"Leave","damage_taken":0,"max_hp_gain":0,"max_hp_loss":0,"event_name":"conspire:Investor","floor":22,"gold_loss":0}],"is_beta":false,"boss_relics":[{"not_picked":["Tiny House","infinitespire:Cupcake"],"picked":"FrozenCore"}],"items_purged_floors":[],"is_endless":false,"potions_floor_spawned":[5,8,12,13,14,21,27],"killed_by":"Book of Stabbing","ascension_level":1}}