{"host":"qxkw9ao6n5n9izmz","time":1610018419,"event":{"mods":["AchievementEnabler","BaseMod","Bestiary","Minty Spire (QoL Compilation)","StSLib"],"gold_per_floor":[115,190,190,190,202,230,230,249,249,283,302,335,347,358,358,463,463,480,494,494,494,24,56,3,331,385,385,398,433,450,478,478,576,576,586,636,654,654,665,693,707,737,788,821,833,79,92,108,108,108,108,108,14,42,42],"floor_reached":56,"playtime":5604,"items_purged":["Dualcast"],"score":1610,"play_id":"83f1ef56-3a6a-4bfb-b739-1a95d4d79ca1","local_time":"20210107032019","is_ascension_mode":true,"campfire_choices":[{"data":"Lockon","floor":7.0,"key":"SMITH"},{"data":"Genetic Algorithm","floor":15.0,"key":"SMITH"},{"data":"Capacitor","floor":27.0,"key":"SMITH"},{"data":"Consume","floor":32.0,"key":"SMITH"},{"floor":49.0,"key":"RECALL"},{"floor":52,"key":"DIG"}],"circlet_count":0,"master_deck":["Zap+1","Ball Lightning","All For One","Double Energy+1","All For One","Scrape","Lockon+1","Rip and Tear","Steam","Hologram","Leap","Coolheaded","Genetic Algorithm+1","Go for the Eyes","Hello World","Beam Cell","Loop","Multi-Cast","Glacier","RitualDagger","Apotheosis","Capacitor+1","Consume+1","Coolheaded","Buffer","Sunder","Coolheaded","All For One","Coolheaded","Coolheaded","Buffer","Turbo","Loop"],"relics":["Pandora\u0027s Box","Darkstone Periapt","Sundial","Vajra","Gremlin Horn","Snecko Eye","Incense Burner","Centennial Puzzle","Prayer Wheel","Old Coin","Ancient Tea Set","Lantern","The Courier","Busted Crown","Shovel","Oddly Smooth Stone","Mercury Hourglass","InkBottle","Chemical X","Pear","Blood Vial","Eternal Feather","Cables","Letter Opener"],"acts_visited":["Exordium","TheCity","TheBeyond","TheEnding"],"potions_floor_usage":[50,55,55],"damage_taken":[{"damage":0.0,"enemies":"Small Slimes","floor":1.0,"turns":2.0},{"damage":0.0,"enemies":"Jaw Worm","floor":5.0,"turns":2.0},{"damage":8.0,"enemies":"Gremlin Nob","floor":6.0,"turns":3.0},{"damage":0.0,"enemies":"Cultist","floor":8.0,"turns":2.0},{"damage":11.0,"enemies":"Lagavulin","floor":10.0,"turns":6.0},{"damage":0.0,"enemies":"2 Fungi Beasts","floor":11.0,"turns":3.0},{"damage":5.0,"enemies":"Gremlin Nob","floor":12.0,"turns":3.0},{"damage":0.0,"enemies":"Exordium Wildlife","floor":13.0,"turns":3.0},{"damage":0.0,"enemies":"3 Louse","floor":14.0,"turns":3.0},{"damage":22.0,"enemies":"The Guardian","floor":16.0,"turns":10.0},{"damage":0.0,"enemies":"Shell Parasite","floor":18.0,"turns":2.0},{"damage":4.0,"enemies":"2 Thieves","floor":19.0,"turns":3.0},{"damage":6.0,"enemies":"Slavers","floor":23.0,"turns":2.0},{"damage":2.0,"enemies":"Book of Stabbing","floor":25.0,"turns":2.0},{"damage":2.0,"enemies":"Cultist and Chosen","floor":28.0,"turns":7.0},{"damage":3.0,"enemies":"Gremlin Leader","floor":29.0,"turns":3.0},{"damage":12.0,"enemies":"Centurion and Healer","floor":30.0,"turns":9.0},{"damage":0.0,"enemies":"Book of Stabbing","floor":31.0,"turns":3.0},{"damage":0.0,"enemies":"Collector","floor":33.0,"turns":10.0},{"damage":0.0,"enemies":"3 Darklings","floor":35.0,"turns":3.0},{"damage":0.0,"enemies":"Mind Bloom Boss Battle","floor":36.0,"turns":2.0},{"damage":0.0,"enemies":"3 Shapes","floor":37.0,"turns":6.0},{"damage":11.0,"enemies":"Jaw Worm Horde","floor":39.0,"turns":5.0},{"damage":5.0,"enemies":"Reptomancer","floor":40.0,"turns":5.0},{"damage":7.0,"enemies":"Sphere and 2 Shapes","floor":41.0,"turns":4.0},{"damage":26.0,"enemies":"Nemesis","floor":42.0,"turns":6.0},{"damage":13.0,"enemies":"Reptomancer","floor":44.0,"turns":6.0},{"damage":13.0,"enemies":"Spire Growth","floor":45.0,"turns":5.0},{"damage":0.0,"enemies":"Writhing Mass","floor":47.0,"turns":2.0},{"damage":0.0,"enemies":"4 Shapes","floor":48.0,"turns":2.0},{"damage":10,"enemies":"Donu and Deca","floor":50,"turns":12},{"damage":0,"enemies":"Shield and Spear","floor":54,"turns":2},{"damage":34,"enemies":"The Heart","floor":55,"turns":7}],"seed_played":"4960537024831380314","potions_obtained":[{"floor":6.0,"key":"Swift Potion"},{"floor":10.0,"key":"SneckoOil"},{"floor":12.0,"key":"AttackPotion"},{"floor":13.0,"key":"SpeedPotion"},{"floor":14.0,"key":"Block Potion"},{"floor":23.0,"key":"Ancient Potion"},{"floor":25.0,"key":"Regen Potion"},{"floor":29.0,"key":"PowerPotion"},{"floor":35.0,"key":"EssenceOfDarkness"},{"floor":45.0,"key":"FearPotion"}],"is_trial":false,"path_per_floor":["M","?","?","?","M","E","R","M","T","E","M","E","M","M","R","B",null,"M","M","?","?","$","E","?","E","T","R","M","E","M","E","R","B",null,"M","?","M","?","M","E","M","E","T","E","M","$","M","M","R","B",null,"R","$","E","B",null],"character_chosen":"DEFECT","items_purchased":["Incense Burner","Apotheosis","Chemical X","Pear","Blood Vial","Eternal Feather","DistilledChaos","Loop","Energy Potion"],"campfire_rested":0,"item_purchase_floors":[22,22,46,46,46,46,46,53,53],"current_hp_per_floor":[75,64,49,49,49,41,41,41,41,30,30,25,25,25,25,3,75,75,71,71,65,65,59,59,57,57,57,55,52,40,40,40,40,75,75,75,75,65,54,49,42,16,16,18,5,15,17,19,37,29,85,85,85,85,51],"gold":42,"neow_bonus":"BOSS_RELIC","is_daily":false,"chose_seed":false,"campfire_upgraded":4,"win_rate":0.0,"timestamp":1610018419,"path_taken":["M","?","?","?","M","E","R","M","T","E","M","E","?","?","R","BOSS","M","M","?","?","$","E","?","E","T","R","M","E","M","E","R","BOSS","M","?","M","?","M","E","M","E","T","E","M","$","M","M","R","BOSS","R","$","E","BOSS"],"items_purchased_type":["Relic","Card","Relic","Relic","Relic","Relic","Potion","Card","Potion"],"build_version":"2020-12-22","purchased_purges":1,"victory":true,"max_hp_per_floor":[75,75,75,75,75,75,75,75,75,75,75,75,75,75,75,75,75,75,75,75,75,75,75,75,75,75,75,75,75,75,75,75,75,75,75,75,75,75,75,75,75,75,75,75,75,85,85,85,85,85,85,85,85,85,85],"card_choices":[{"not_picked":["Melter","Stack"],"picked":"Steam","floor":1.0},{"not_picked":["Conserve Battery","Barrage"],"picked":"Leap","floor":5.0},{"not_picked":["Reboot","Hologram"],"picked":"Coolheaded","floor":6.0},{"not_picked":["Streamline","Steam Power"],"picked":"Genetic Algorithm","floor":8.0},{"not_picked":["Sweeping Beam","Capacitor"],"picked":"Go for the Eyes","floor":10.0},{"not_picked":["Leap","Sweeping Beam"],"picked":"Hello World","floor":11.0},{"not_picked":["Barrage","Static Discharge"],"picked":"Beam Cell","floor":12.0},{"not_picked":["Go for the Eyes","Sweeping Beam"],"picked":"Loop","floor":13.0},{"not_picked":["Barrage","Ball Lightning","Darkness"],"picked":"SKIP","floor":14.0},{"not_picked":["Biased Cognition","All For One"],"picked":"Multi-Cast","floor":16.0},{"not_picked":["Leap","Streamline+1","Turbo"],"picked":"SKIP","floor":18.0},{"not_picked":["FTL+1","Steam","Darkness"],"picked":"SKIP","floor":19.0},{"not_picked":["Ball Lightning","Heatsinks","Auto Shields"],"picked":"SKIP","floor":23.0},{"not_picked":["Heatsinks","Chaos"],"picked":"Capacitor","floor":25.0},{"not_picked":["Streamline","Force Field"],"picked":"Consume","floor":28.0},{"not_picked":["Sweeping Beam+1","Compile Driver","Coolheaded"],"picked":"SKIP","floor":28.0},{"not_picked":["Sweeping Beam+1","Compile Driver"],"picked":"Coolheaded","floor":28.0},{"not_picked":["Defragment","Storm"],"picked":"Buffer","floor":29.0},{"not_picked":["Hologram","Rebound+1"],"picked":"Sunder","floor":30.0},{"not_picked":["Conserve Battery","Compile Driver"],"picked":"Coolheaded","floor":30.0},{"not_picked":["Ball Lightning+1","Conserve Battery","Leap"],"picked":"SKIP","floor":31.0},{"not_picked":["Multi-Cast","Fission"],"picked":"All For One","floor":33.0},{"not_picked":["Turbo+1"],"picked":"SKIP","floor":35.0},{"not_picked":["Double Energy"],"picked":"SKIP","floor":35.0},{"not_picked":[],"picked":"Coolheaded","floor":37.0},{"not_picked":["Self Repair"],"picked":"SKIP","floor":37.0},{"not_picked":[],"picked":"Coolheaded","floor":39.0},{"not_picked":["Genetic Algorithm"],"picked":"SKIP","floor":39.0},{"not_picked":[],"picked":"Buffer","floor":40.0},{"not_picked":[],"picked":"Turbo","floor":41.0},{"not_picked":["Chaos"],"picked":"SKIP","floor":41.0},{"not_picked":["Sweeping Beam"],"picked":"SKIP","floor":42.0},{"not_picked":["Turbo"],"picked":"SKIP","floor":44.0},{"not_picked":["Streamline+1"],"picked":"SKIP","floor":45.0},{"not_picked":["Blizzard+1"],"picked":"SKIP","floor":45.0},{"not_picked":["Beam Cell"],"picked":"SKIP","floor":47.0},{"not_picked":["Steam"],"picked":"SKIP","floor":47.0},{"not_picked":["Ball Lightning+1"],"picked":"SKIP","floor":48.0},{"not_picked":["Conserve Battery+1"],"picked":"SKIP","floor":48.0},{"not_picked":["Biased Cognition"],"picked":"SKIP","floor":54}],"player_experience":226818,"relics_obtained":[{"floor":6.0,"key":"Darkstone Periapt"},{"floor":9.0,"key":"Sundial"},{"floor":10.0,"key":"Vajra"},{"floor":12.0,"key":"Gremlin Horn"},{"floor":23.0,"key":"Centennial Puzzle"},{"floor":25.0,"key":"Old Coin"},{"floor":26.0,"key":"Ancient Tea Set"},{"floor":29.0,"key":"Lantern"},{"floor":31.0,"key":"The Courier"},{"floor":36.0,"key":"Shovel"},{"floor":40.0,"key":"Oddly Smooth Stone"},{"floor":42.0,"key":"Mercury Hourglass"},{"floor":44.0,"key":"InkBottle"},{"floor":52,"key":"Cables"},{"floor":54,"key":"Letter Opener"}],"event_choices":[{"damage_healed":0.0,"max_hp_gain":0.0,"max_hp_loss":0.0,"gold_gain":75.0,"event_name":"World of Goop","player_choice":"Gather Gold","floor":2.0,"gold_loss":0.0,"damage_taken":11.0},{"damage_healed":0.0,"max_hp_gain":0.0,"max_hp_loss":0.0,"gold_gain":0.0,"event_name":"Shining Light","player_choice":"Entered Light","floor":3.0,"gold_loss":0.0,"damage_taken":15.0,"cards_upgraded":["Zap","Double Energy"]},{"damage_healed":0.0,"max_hp_gain":0.0,"max_hp_loss":0.0,"gold_gain":0.0,"cards_transformed":["Scrape"],"event_name":"Living Wall","player_choice":"Change","floor":4.0,"gold_loss":0.0,"damage_taken":0.0,"cards_obtained":["Hologram"]},{"damage_healed":0.0,"max_hp_gain":0.0,"max_hp_loss":0.0,"gold_gain":0.0,"event_name":"The Library","player_choice":"Read","floor":20.0,"gold_loss":0.0,"damage_taken":0.0,"cards_obtained":["Glacier"]},{"damage_healed":0.0,"max_hp_gain":0.0,"max_hp_loss":0.0,"gold_gain":0.0,"event_name":"Nest","player_choice":"Joined the Cult","floor":21.0,"gold_loss":0.0,"damage_taken":6.0,"cards_obtained":["RitualDagger"]},{"damage_healed":0.0,"max_hp_gain":0.0,"max_hp_loss":0.0,"gold_gain":0.0,"event_name":"WeMeetAgain","player_choice":"Paid Gold","floor":24.0,"gold_loss":53.0,"damage_taken":0.0,"relics_obtained":["Prayer Wheel"]},{"damage_healed":0.0,"max_hp_gain":0.0,"max_hp_loss":0.0,"gold_gain":0.0,"event_name":"MindBloom","player_choice":"Fight","floor":36.0,"gold_loss":0.0,"damage_taken":0.0},{"damage_healed":0.0,"max_hp_gain":0.0,"max_hp_loss":0.0,"gold_gain":0.0,"event_name":"SensoryStone","player_choice":"Memory 3","floor":38.0,"gold_loss":0.0,"damage_taken":10.0}],"is_beta":false,"boss_relics":[{"not_picked":["Cursed Key","Tiny House"],"picked":"Snecko Eye"},{"not_picked":["Calling Bell","Astrolabe"],"picked":"Busted Crown"}],"items_purged_floors":[46],"is_endless":false,"potions_floor_spawned":[6,10,12,13,14,23,25,29,30,35,39,40,45,47],"ascension_level":3}}