{"host":"709gjpjg43u3i5a8","time":1610004839,"event":{"mods":["Act Like it!","BaseMod","Colored Map","Colored Powertips","Downfall","Duelist Mod","Gensokyo","GifTheSpireLib","Hallownest","Hermit","Hubris","Infinite Spire","Koishi","Marisa????????","Minty Spire (QoL Compilation)","Remilia??????","Shop Mod","StSLib","Td1madao Mod","The Administrix","The Animator","The Bug Knight","The Construct","The Cursed","The Disciple","The Hierophant","The Jungle","The Necromancer","The Poker Player","The Runesmith","The Servant 0.9.4"],"gold_per_floor":[115,62,62,62,62,87,104,132,156,156,156,184,199,213,213,318,318,333,83,83,83,153,187,187,197,197,230,230,248,282,321,321,422,422,433,433,36,55,65,95,115,159,231,240,240,240,260,301,301,301,301,301,12,50,50],"floor_reached":56,"playtime":5495,"items_purged":[],"score":1453,"play_id":"267cf733-3249-461a-af7a-8cc297059af2","local_time":"20210107003359","is_ascension_mode":true,"campfire_choices":[{"data":"HollowMod:ShapeofUnn","floor":15,"key":"SMITH"},{"data":"HollowMod:VoidDash","floor":24,"key":"SMITH"},{"data":"HollowMod:BlackTendrils","floor":28,"key":"SMITH"},{"data":"HollowMod:VengefulVoid","floor":32,"key":"SMITH"},{"floor":46,"key":"RECALL"},{"floor":49,"key":"REST"},{"data":"infinitespire:Menacing","floor":52,"key":"SMITH"}],"circlet_count":0,"master_deck":["HollowMod:NailStrikeStart","HollowMod:NailStrikeStart","HollowMod:NailStrikeStart","HollowMod:NailStrikeStart","HollowMod:PogoStrike","HollowMod:BlackTendrils+1","HollowMod:DoubleDash","Hallownest:skillSlugHide","Hallownest:skillSlugHide","Hallownest:skillSlugHide","Hallownest:skillSlugHide","Hallownest:skillSlugHide","HollowMod:BlackTendrils+1","HollowMod:DashSlash","HollowMod:ShapeofUnn+1","HollowMod:CycloneSlash","HollowMod:WraithStrike","HollowMod:VoidDash+1","HollowMod:WraithStrike","Hallownest:attackMasterCycloneSlash","HollowMod:MantisMark","HollowMod:DashSlash+1","HollowMod:VengefulVoid+1","HollowMod:ShapeofUnn+1","HollowMod:CloakDash","HollowMod:LifebloodCore","HollowMod:ShadowDash+1","HollowMod:BlackTendrils","HollowMod:AbyssShriek","HollowMod:VengefulVoid","HollowMod:BlackTendrils","HollowMod:WraithStrike+1","HollowMod:LordofShades+1","HollowMod:SharpenedShadows+1","infinitespire:Menacing+1","HollowMod:SiblingsSouls+1","HollowMod:DescendingDark+1","HollowMod:WraithStrike+1","HollowMod:MonarchWings+1","HollowMod:PerfectDash+1","HollowMod:ShadowDash"],"relics":["HollowMod:VesselMask","NeowsBlessing","MealTicket","Art of War","Akabeko","Strawberry","hubris:Icosahedron","Hallownest:DreamNailRelic","HollowMod:MantisClawRelic","Sozu","Hallownest:UnbreakableCardRelic","Question Card","HollowMod:PaleOreRelic","Shuriken","PreservedInsect","HollowMod:MillibellesNoteRelic","Velvet Choker","hubris:TinFlute","hubris:MysteriousPyramids","Bronze Scales","CeramicFish","Gremlin Horn","Strange Spoon","hubris:Backtick","infinitespire:Golems Mask","HollowMod:StagPassRelic","infinitespire:Beetle Shell","hubris:FunFungus"],"acts_visited":["Exordium","Hallownest:Greenpath","Hallownest:CityofTears","TheEnding"],"potions_floor_usage":[8,12,16,30,42],"damage_taken":[{"damage":0,"enemies":"Hallownest:monsterHuskWarrior","floor":1,"turns":1},{"damage":0,"enemies":"Hallownest:eliteCrystalGuardian","floor":6,"turns":1},{"damage":0,"enemies":"Hallownest:2_Tiktiks_and_1_Crawlid","floor":7,"turns":1},{"damage":24,"enemies":"Hallownest:eliteMossKnight","floor":8,"turns":11},{"damage":13,"enemies":"Hallownest:eliteVengeflyKing","floor":12,"turns":14},{"damage":5,"enemies":"Hallownest:monsterHuskGuard","floor":13,"turns":4},{"damage":0,"enemies":"Hallownest:2_Tiktiks_1_Baldur_1_Crawlid","floor":14,"turns":2},{"damage":67,"enemies":"Hallownest:BossBrokenVessel","floor":16,"turns":15},{"damage":9,"enemies":"Hallownest:3_Youths","floor":18,"turns":6},{"damage":1,"enemies":"Hallownest:Nosk","floor":23,"turns":11},{"damage":6,"enemies":"Hallownest:Guard_and_Sentry","floor":25,"turns":3},{"damage":18,"enemies":"Hallownest:eliteSoulWarrior","floor":27,"turns":7},{"damage":2,"enemies":"Hallownest:monsterShrumalOgre","floor":29,"turns":3},{"damage":15,"enemies":"Hallownest:eliteWatcherKnight","floor":30,"turns":9},{"damage":0,"enemies":"Hallownest:Glutton_and_Coward","floor":31,"turns":2},{"damage":5,"enemies":"Hallownest:BossGrimm","floor":33,"turns":8},{"damage":58,"enemies":"Hallownest:2_Littles","floor":35,"turns":5},{"damage":10,"enemies":"Hallownest:Shield_Heavy","floor":38,"turns":3},{"damage":37,"enemies":"Hallownest:2_Wing_and_1_Kings","floor":39,"turns":7},{"damage":5,"enemies":"Hallownest:eliteCollector","floor":40,"turns":5},{"damage":36,"enemies":"Hallownest:monsterPrimalAspid","floor":41,"turns":4},{"damage":12,"enemies":"Hallownest:eliteHiveKnight","floor":42,"turns":6},{"damage":0,"enemies":"Hallownest:2_Great","floor":47,"turns":4},{"damage":17,"enemies":"Hallownest:eliteCollector","floor":48,"turns":4},{"damage":55,"enemies":"Hallownest:BossHollowKnight","floor":50,"turns":8},{"damage":47,"enemies":"Shield and Spear","floor":54,"turns":4},{"damage":8,"enemies":"The Heart","floor":55,"turns":7}],"seed_played":"-3193096817202754160","potions_obtained":[{"floor":1,"key":"Weak Potion"},{"floor":6,"key":"Swift Potion"},{"floor":13,"key":"SpeedPotion"},{"floor":14,"key":"AttackPotion"},{"floor":16,"key":"BlessingOfTheForge"}],"is_trial":false,"path_per_floor":["M","$","?","?","?","E","M","E","T","?","?","E","M","M","R","B",null,"M","?","?","?","T","E","R","M","T","E","R","M","E","M","R","B",null,"M","T","$","M","M","E","M","E","T","AVR","?","R","M","E","R","B",null,"R","$","E","B",null],"character_chosen":"THE_BUGKNIGHT","items_purchased":["HollowMod:DoubleDash","HollowMod:BlackTendrils","hubris:MysteriousPyramids","HollowMod:AbyssShriek","infinitespire:Beetle Shell","HollowMod:WraithStrike","HollowMod:MonarchWings","HollowMod:PerfectDash"],"campfire_rested":1,"item_purchase_floors":[2,37,37,37,53,53,53,53],"current_hp_per_floor":[75,75,75,65,65,65,75,75,75,75,75,73,74,77,77,19,82,73,73,73,69,69,81,81,80,80,66,66,73,78,78,78,81,82,31,31,46,57,40,44,20,31,31,31,31,31,45,39,63,65,82,82,82,46,81],"gold":50,"neow_bonus":"THREE_ENEMY_KILL","is_daily":false,"chose_seed":false,"campfire_upgraded":5,"win_rate":0.0,"timestamp":1610004839,"path_taken":["M","$","?","?","?","E","M","E","T","?","?","E","M","M","R","BOSS","M","?","?","?","?","E","R","M","T","E","R","M","E","M","R","BOSS","M","?","$","?","M","E","M","E","T","AVR","?","R","M","E","R","BOSS","R","$","E","BOSS"],"items_purchased_type":["Card","Card","Relic","Card","Relic","Card","Card","Card"],"build_version":"2020-12-22","purchased_purges":0,"victory":true,"max_hp_per_floor":[75,75,75,75,75,75,75,82,82,82,82,82,82,82,82,82,82,82,82,82,82,82,82,82,82,82,82,82,82,82,82,82,82,82,82,82,82,82,82,82,82,82,82,82,82,82,82,82,82,82,82,82,82,82,82],"card_choices":[{"not_picked":["HollowMod:SiblingsSouls","HollowMod:ShadowDash"],"picked":"HollowMod:BlackTendrils","floor":1},{"not_picked":["HollowMod:InfectedCysts","HollowMod:InfectedAttack"],"picked":"HollowMod:BlackTendrils","floor":6},{"not_picked":["HollowMod:CornifersMapStart","HollowMod:CloakDash"],"picked":"HollowMod:DashSlash","floor":7},{"not_picked":["HollowMod:PureNailStrike","HollowMod:AbyssShriek"],"picked":"HollowMod:ShapeofUnn","floor":8},{"not_picked":["HollowMod:NewInfectedGuardian","HollowMod:GoodIntentions"],"picked":"HollowMod:CycloneSlash","floor":12},{"not_picked":["HollowMod:SoulShaman","HollowMod:SoulStrike"],"picked":"HollowMod:WraithStrike","floor":13},{"not_picked":["HollowMod:HeavyBlow","HollowMod:SoulStrike"],"picked":"HollowMod:CloakDash","floor":14},{"not_picked":["HollowMod:WhiteLadysBlessing","HollowMod:Hiveblood"],"picked":"HollowMod:VoidDash","floor":16},{"not_picked":["HollowMod:HeavyBlow","HollowMod:SoulSplash"],"picked":"HollowMod:WraithStrike","floor":18},{"not_picked":["HollowMod:InfectedAttack","HollowMod:RadiancesLament","HollowMod:NewLittleFool"],"picked":"HollowMod:MantisMark","floor":23},{"not_picked":["HollowMod:FastStrike","HollowMod:DungDefenderAura","HollowMod:SoulEater"],"picked":"HollowMod:DashSlash+1","floor":25},{"not_picked":["HollowMod:CornifersMapStart+1","HollowMod:MothsMistake","HollowMod:InfectedCysts"],"picked":"HollowMod:VengefulVoid","floor":27},{"not_picked":["HollowMod:RecoilStrike","HollowMod:HowlingWraiths","HollowMod:SoulVessel"],"picked":"HollowMod:ShapeofUnn+1","floor":29},{"not_picked":["HollowMod:InfectedCysts","HollowMod:FallenFury","HollowMod:MidwifesHunger"],"picked":"HollowMod:CloakDash","floor":30},{"not_picked":["HollowMod:TaintedHusks","HollowMod:VengefulSpirit+1","HollowMod:InfectedCysts+1","HollowMod:Grubsong+1"],"picked":"SKIP","floor":31},{"not_picked":["HollowMod:NewInfectedGuardian","HollowMod:HornetsHelp","HollowMod:RadiancesLament"],"picked":"HollowMod:LifebloodCore","floor":33},{"not_picked":["HollowMod:SiblingsSouls+1","HollowMod:InfectedCysts","HollowMod:MawleksShell+1"],"picked":"HollowMod:ShadowDash+1","floor":35},{"not_picked":["HollowMod:CornifersMapStart","HollowMod:SoulVessel","HollowMod:InfectedAttack+1"],"picked":"HollowMod:VengefulVoid","floor":38},{"not_picked":["HollowMod:ChannelNail+1","HollowMod:GrimmsGift","HollowMod:DesolateDive"],"picked":"HollowMod:BlackTendrils","floor":39},{"not_picked":["HollowMod:SoulVessel+1","HollowMod:DungDefenderAura","HollowMod:ShapeofUnn+1"],"picked":"HollowMod:WraithStrike+1","floor":40},{"not_picked":["HollowMod:NewLittleFool","HollowMod:DoubleDash+1","HollowMod:GoodIntentions"],"picked":"HollowMod:LordofShades","floor":41},{"not_picked":["HollowMod:VengefulSpirit+1","HollowMod:GoodIntentions+1","HollowMod:NewLittleFool"],"picked":"HollowMod:SharpenedShadows+1","floor":42},{"not_picked":["HollowMod:SoulShaman+1","HollowMod:CloakDash","HollowMod:MawleksShell"],"picked":"HollowMod:SiblingsSouls+1","floor":47},{"not_picked":["HollowMod:VengefulSpirit+1","HollowMod:Grubsong+1","HollowMod:InfectedCysts+1"],"picked":"HollowMod:DescendingDark+1","floor":48},{"not_picked":["HollowMod:DesolateDive","HollowMod:GoodIntentions","HollowMod:InfectedCysts+1"],"picked":"HollowMod:ShadowDash","floor":54}],"player_experience":460641,"relics_obtained":[{"floor":6,"key":"Akabeko"},{"floor":8,"key":"Strawberry"},{"floor":12,"key":"HollowMod:MantisClawRelic"},{"floor":22,"key":"Question Card"},{"floor":23,"key":"HollowMod:PaleOreRelic"},{"floor":26,"key":"Shuriken"},{"floor":27,"key":"PreservedInsect"},{"floor":30,"key":"HollowMod:MillibellesNoteRelic"},{"floor":36,"key":"hubris:TinFlute"},{"floor":40,"key":"Bronze Scales"},{"floor":42,"key":"CeramicFish"},{"floor":43,"key":"Gremlin Horn"},{"floor":48,"key":"HollowMod:StagPassRelic"},{"floor":54,"key":"hubris:FunFungus"}],"event_choices":[],"is_beta":false,"boss_relics":[{"not_picked":["Runic Dome","Coffee Dripper"],"picked":"Sozu"},{"not_picked":["hubris:TerracottaHorce","hubris:VirtuousBlindfold"],"picked":"Velvet Choker"}],"items_purged_floors":[],"is_endless":false,"potions_floor_spawned":[1,6,13,14,16,25,27,30,38,41,47,54],"ascension_level":1}}