{"host":"52m1o8iwwagurbjs","time":1610038036,"event":{"mods":["AchievementEnabler","BaseMod","Bestiary","Colored Powertips","GifTheSpireLib","Minty Spire (QoL Compilation)","Quick Restart","RNG Fix","Relic Stats","StSLib"],"gold_per_floor":[109,128,146,211,224,224,239,239,239,266,266,134,149,175,175,175,175],"floor_reached":16,"playtime":631,"items_purged":["Strike_G"],"score":224,"play_id":"f716edc9-5403-4989-841d-2f7b84786fb5","local_time":"20210107114716","is_ascension_mode":true,"campfire_choices":[{"data":"Crippling Poison","floor":6,"key":"SMITH"},{"data":"PiercingWail","floor":8,"key":"SMITH"},{"data":"Glass Knife","floor":11,"key":"SMITH"},{"data":"Neutralize","floor":15,"key":"SMITH"}],"circlet_count":0,"master_deck":["AscendersBane","Strike_G","Strike_G","Strike_G","Strike_G","Defend_G","Defend_G","Defend_G","Defend_G","Defend_G","Survivor","Neutralize+1","Glass Knife+1","Masterful Stab","Crippling Poison+1","Deadly Poison","Dagger Spray","PiercingWail+1","PiercingWail","Dagger Throw"],"relics":["Ring of the Snake","Centennial Puzzle","Unceasing Top","InkBottle"],"acts_visited":["Exordium"],"potions_floor_usage":[10,13,14,14],"damage_taken":[{"damage":4.0,"enemies":"Small Slimes","floor":1.0,"turns":4.0},{"damage":0.0,"enemies":"2 Louse","floor":2.0,"turns":2.0},{"damage":0.0,"enemies":"Cultist","floor":3.0,"turns":2.0},{"damage":4,"enemies":"2 Fungi Beasts","floor":5,"turns":3},{"damage":12,"enemies":"3 Louse","floor":7,"turns":4},{"damage":9,"enemies":"3 Sentries","floor":10,"turns":6},{"damage":0,"enemies":"Gremlin Gang","floor":13,"turns":3},{"damage":9,"enemies":"Gremlin Nob","floor":14,"turns":4},{"damage":24,"enemies":"Hexaghost","floor":16,"turns":9}],"seed_played":"5828993475267107100","potions_obtained":[{"floor":5,"key":"Ancient Potion"},{"floor":7,"key":"Fire Potion"},{"floor":13,"key":"Fire Potion"}],"is_trial":false,"path_per_floor":["M","M","M","?","M","R","M","R","T","E","R","$","M","E","R","B"],"character_chosen":"THE_SILENT","items_purchased":["Energy Potion"],"campfire_rested":0,"item_purchase_floors":[12],"current_hp_per_floor":[55,55,55,55,51,51,39,39,39,30,30,30,30,21,21,0,0],"gold":175,"neow_bonus":"ONE_RANDOM_RARE_CARD","is_daily":false,"chose_seed":false,"campfire_upgraded":4,"win_rate":0.0,"timestamp":1610038036,"path_taken":["M","M","M","?","?","R","M","R","T","E","R","$","M","E","R","BOSS"],"items_purchased_type":["Potion"],"build_version":"2020-12-22","purchased_purges":1,"victory":false,"max_hp_per_floor":[66,66,66,66,66,66,66,66,66,66,66,66,66,66,66,66,66],"relic_stats":{"Centennial Puzzle":[9],"counters":[9,37],"obtain_stats":[{"Centennial Puzzle":9,"Unceasing Top":10,"InkBottle":14,"Ring of the Snake":0},{"Centennial Puzzle":5,"Unceasing Top":6,"InkBottle":8,"Ring of the Snake":0},{"Centennial Puzzle":15,"Unceasing Top":21,"InkBottle":28,"Ring of the Snake":0}],"Unceasing Top":[2],"InkBottle":[2],"Ring of the Snake":[18]},"card_choices":[{"not_picked":["Setup","Acrobatics"],"picked":"Masterful Stab","floor":1.0},{"not_picked":["Acrobatics","Prepared"],"picked":"Crippling Poison","floor":2.0},{"not_picked":["Caltrops","Malaise"],"picked":"Deadly Poison","floor":3.0},{"not_picked":["Finisher","Backflip"],"picked":"Dagger Spray","floor":5},{"not_picked":["Slice","Crippling Poison"],"picked":"PiercingWail","floor":7},{"not_picked":["Unload","Quick Slash"],"picked":"PiercingWail","floor":10},{"not_picked":["Tactician","Endless Agony","Dagger Spray"],"picked":"SKIP","floor":13},{"not_picked":["Prepared","Riddle With Holes"],"picked":"Dagger Throw","floor":14}],"player_experience":1100502,"relics_obtained":[{"floor":9,"key":"Centennial Puzzle"},{"floor":10,"key":"Unceasing Top"},{"floor":14,"key":"InkBottle"}],"event_choices":[{"damage_healed":0.0,"max_hp_gain":0.0,"max_hp_loss":0.0,"gold_gain":65.0,"event_name":"Golden Wing","player_choice":"Gained Gold","floor":4.0,"gold_loss":0.0,"damage_taken":0.0}],"is_beta":false,"boss_relics":[],"items_purged_floors":[12],"is_endless":false,"potions_floor_spawned":[5,7,13],"killed_by":"Hexaghost","ascension_level":20}}