{"host":"zksvs3x2ysy9npnz","time":1610060536,"event":{"mods":["Aspiration","BaseMod","Beaked The Cultist","BetterRewards","Clockwork Mod","Colored Map","Conspire","Downfall","Duelist Mod","Ekko","Halation","Highlight Path","Hubris","Hunter ??","Infinite Spire","Jedi Mod","JesterMod","Minty Spire (QoL Compilation)","Permanent Neow","Quick Restart","Relic Stats","Replay The Spire","Retaliation","Shade Mod","Shop Mod","StSLib"],"gold_per_floor":[138,138,155,172,187,187,204,204,282,312,327,79,79,91,91,91,91],"floor_reached":16,"playtime":7439,"items_purged":["theDuelist:Sparks"],"score":208,"play_id":"ffa3bc68-da25-4665-adf8-124a24429828","local_time":"20210108000216","is_ascension_mode":true,"campfire_choices":[{"data":"theDuelist:FluteKuriboh","floor":6,"key":"SMITH"},{"floor":8,"key":"REST"},{"floor":13,"key":"REST"},{"data":"theDuelist:Sparks","floor":15,"key":"PURGE"}],"circlet_count":0,"master_deck":["theDuelist:CastleWalls","theDuelist:CastleWalls","theDuelist:CrossSwordBeetle","theDuelist:EmpressMantis","AscendersBane","theDuelist:InsectKnight","theDuelist:RazorLizard","theDuelist:RazorLizard","theDuelist:Sparks","theDuelist:CocoonUltraEvolution","theDuelist:BugEmergency","theDuelist:FluteKuriboh+1","theDuelist:GigaMantis","theDuelist:SpiritualForest","theDuelist:MetalArmoredBug"],"relics":["theDuelist:MillenniumPuzzle","theDuelist:CardPoolRelic","theDuelist:CardPoolBasicRelic","theDuelist:BoosterPackPoolRelic","theDuelist:CardPoolAddRelic","theDuelist:CardPoolMinusRelic","theDuelist:CardPoolSaveRelic","theDuelist:CardPoolOptionsRelic","Singing Bowl","infinitespire:Broken Mirror","aspiration:VileToxins"],"acts_visited":["Exordium"],"potions_floor_usage":[10],"damage_taken":[{"damage":17,"enemies":"Jaw Worm","floor":1,"turns":4},{"damage":0,"enemies":"Cultist","floor":3,"turns":3},{"damage":0,"enemies":"Small Slimes","floor":4,"turns":5},{"damage":0,"enemies":"2 Fungi Beasts","floor":5,"turns":5},{"damage":30,"enemies":"Large Slime","floor":7,"turns":10},{"damage":4,"enemies":"Lagavulin","floor":10,"turns":17},{"damage":9,"enemies":"Red Slaver","floor":11,"turns":4},{"damage":13,"enemies":"Exordium Wildlife","floor":14,"turns":4},{"damage":43,"enemies":"Hexaghost","floor":16,"turns":16}],"seed_played":"536818057061397147","potions_obtained":[{"floor":2,"key":"theDuelist:ReducerPotion"},{"floor":2,"key":"DDmod:CleansePotion"},{"floor":11,"key":"SteroidPotion"}],"is_trial":false,"path_per_floor":["M","?","M","M","M","R","M","R","T","E","M","$","R","M","R_BF","B"],"character_chosen":"THE_DUELIST","items_purchased":["aspiration:VileToxins"],"campfire_rested":2,"item_purchase_floors":[12],"current_hp_per_floor":[46,46,46,46,46,46,16,37,37,33,26,26,47,36,36,0,0],"gold":91,"neow_bonus":"ONE_RANDOM_RARE_CARD","is_daily":false,"chose_seed":false,"campfire_upgraded":1,"win_rate":0.0,"timestamp":1610060536,"path_taken":["M","?","M","M","M","R","?","R","T","E","M","$","R","M","R_BF","BOSS"],"items_purchased_type":["Relic"],"build_version":"2020-12-22","purchased_purges":1,"victory":false,"max_hp_per_floor":[70,70,70,70,70,70,70,70,70,70,72,72,72,74,74,74,74],"relic_stats":{"Singing Bowl":4,"counters":[9,68],"obtain_stats":[{"aspiration:VileToxins":12,"theDuelist:BoosterPackPoolRelic":0,"theDuelist:CardPoolMinusRelic":0,"Singing Bowl":9,"infinitespire:Broken Mirror":10,"theDuelist:CardPoolBasicRelic":0,"theDuelist:CardPoolAddRelic":0,"theDuelist:CardPoolOptionsRelic":0,"theDuelist:MillenniumPuzzle":0,"theDuelist:CardPoolSaveRelic":0,"theDuelist:CardPoolRelic":0},{"aspiration:VileToxins":7,"theDuelist:BoosterPackPoolRelic":0,"theDuelist:CardPoolMinusRelic":0,"Singing Bowl":5,"infinitespire:Broken Mirror":6,"theDuelist:CardPoolBasicRelic":0,"theDuelist:CardPoolAddRelic":0,"theDuelist:CardPoolOptionsRelic":0,"theDuelist:MillenniumPuzzle":0,"theDuelist:CardPoolSaveRelic":0,"theDuelist:CardPoolRelic":0},{"aspiration:VileToxins":48,"theDuelist:BoosterPackPoolRelic":0,"theDuelist:CardPoolMinusRelic":0,"Singing Bowl":27,"infinitespire:Broken Mirror":44,"theDuelist:CardPoolBasicRelic":0,"theDuelist:CardPoolAddRelic":0,"theDuelist:CardPoolOptionsRelic":0,"theDuelist:MillenniumPuzzle":0,"theDuelist:CardPoolSaveRelic":0,"theDuelist:CardPoolRelic":0}]},"card_choices":[{"not_picked":["theDuelist:CorrosiveScales","theDuelist:BugSignal","theDuelist:Cloning","theDuelist:SilverApples"],"picked":"theDuelist:BugEmergency","floor":1},{"not_picked":["theDuelist:MudragonSwamp","theDuelist:Kuriboh","theDuelist:MillenniumScorpion","theDuelist:ShardGreed"],"picked":"theDuelist:FluteKuriboh","floor":3},{"not_picked":["theDuelist:GigaCricket","theDuelist:DestructionCyclone"],"picked":"theDuelist:GigaMantis","floor":4},{"not_picked":["theDuelist:InsectKnight","theDuelist:ReptiliannePoison","theDuelist:Gagagigo","theDuelist:TornadoDragon","theDuelist:BeakedSnake"],"picked":"SKIP","floor":5},{"not_picked":["theDuelist:Zektkaliber","theDuelist:Zektarrow","theDuelist:PoisonOldMan","theDuelist:PoisonChain"],"picked":"theDuelist:SpiritualForest","floor":7},{"not_picked":["theDuelist:HunterSpider","theDuelist:BeeListSoldier","theDuelist:Gagagigo","theDuelist:NeoBug"],"picked":"theDuelist:MetalArmoredBug","floor":10},{"not_picked":["theDuelist:FuryFire","theDuelist:HammerShot","theDuelist:LightningVortex","theDuelist:WormKing","theDuelist:EarthquakeGiant"],"picked":"Singing Bowl","floor":11},{"not_picked":["theDuelist:PoisonFangs","theDuelist:InsectQueen","theDuelist:Greatfly"],"picked":"Singing Bowl","floor":14}],"player_experience":1817132,"relics_obtained":[{"floor":9,"key":"Singing Bowl"},{"floor":10,"key":"infinitespire:Broken Mirror"}],"event_choices":[{"damage_healed":0,"gold_gain":0,"player_choice":"Got Potions","damage_taken":0,"max_hp_gain":0,"max_hp_loss":0,"event_name":"Lab","floor":2,"gold_loss":0}],"is_beta":false,"boss_relics":[],"items_purged_floors":[12],"is_endless":false,"potions_floor_spawned":[4,5,11],"killed_by":"Hexaghost","ascension_level":20}}