{"host":"gkp57zoegrd3f2ij","time":1610015182,"event":{"mods":["BaseMod","Colored Map","Colored Powertips","Minty Spire (QoL Compilation)","StSLib"],"gold_per_floor":[112,126,126,301,15,15,55,55,55,55,55,55,20,39,39,160,160,185,206,206,206,225,225,269,269,296,321,321,321,346,371,371,490,490,511,574,67,82,82,82],"floor_reached":39,"playtime":2637,"items_purged":["Doubt","Catalyst+1"],"score":420,"play_id":"0593966e-4040-4f19-8d53-5bfd4637c9ef","local_time":"20210107112622","is_ascension_mode":false,"campfire_choices":[{"data":"Sucker Punch","floor":6,"key":"SMITH"},{"floor":10,"key":"REST"},{"data":"Survivor","floor":12,"key":"SMITH"},{"data":"Neutralize","floor":15,"key":"SMITH"},{"floor":23,"key":"REST"},{"floor":25,"key":"REST"},{"floor":32,"key":"REST"}],"circlet_count":0,"master_deck":["Strike_G+1","Strike_G","Strike_G+1","Defend_G","Defend_G","Defend_G","Defend_G","Survivor+1","Neutralize+1","Dagger Throw","Sucker Punch+1","Backflip","Prepared","Venomology","Blade Dance","Slice","Ghostly","Ghostly","Ghostly","Ghostly","Ghostly","Infinite Blades","Wraith Form v2","Accuracy","Accuracy+1","PiercingWail","Footwork","Phantasmal Killer","Underhanded Strike+1","Sucker Punch+1","Cloak And Dagger+1","Dash+1"],"relics":["Ring of the Snake","Golden Idol","Vajra","Juzu Bracelet","Ninja Scroll","SacredBark","MutagenicStrength","Dream Catcher","Whetstone","Nilry\u0027s Codex","Tiny Chest","Astrolabe","Unceasing Top","Matryoshka","Sling"],"acts_visited":["Exordium","TheCity","TheBeyond"],"potions_floor_usage":[19,22,24,27,30,33,33,33,33,33,33,36,38,39,39,39],"damage_taken":[{"damage":0,"enemies":"Small Slimes","floor":1,"turns":4},{"damage":0,"enemies":"Jaw Worm","floor":2,"turns":4},{"damage":23,"enemies":"Lagavulin","floor":7,"turns":7},{"damage":0,"enemies":"Cultist","floor":14,"turns":2},{"damage":74,"enemies":"Hexaghost","floor":16,"turns":17},{"damage":27,"enemies":"Spheric Guardian","floor":18,"turns":6},{"damage":0,"enemies":"3 Byrds","floor":19,"turns":5},{"damage":14,"enemies":"Snecko","floor":22,"turns":7},{"damage":20,"enemies":"Slavers","floor":24,"turns":9},{"damage":12,"enemies":"Cultist and Chosen","floor":27,"turns":6},{"damage":20,"enemies":"Sentry and Sphere","floor":30,"turns":4},{"damage":3,"enemies":"Automaton","floor":33,"turns":8},{"damage":2,"enemies":"Orb Walker","floor":35,"turns":3},{"damage":9,"enemies":"Mind Bloom Boss Battle","floor":36,"turns":10},{"damage":10,"enemies":"3 Shapes","floor":38,"turns":3},{"damage":22,"enemies":"3 Darklings","floor":39,"turns":6}],"seed_played":"-8315652379649664083","potions_obtained":[{"floor":1,"key":"SneckoOil"},{"floor":7,"key":"FairyPotion"},{"floor":14,"key":"LiquidMemories"},{"floor":27,"key":"Energy Potion"},{"floor":30,"key":"EntropicBrew"},{"floor":33,"key":"Block Potion"}],"is_trial":false,"path_per_floor":["M","M","?","?","$","R","E","?","T","R","$","R","?","M","R","B",null,"M","M","?","?","M","R","E","R","T","M","?","?","M","T","R","B",null,"M","?","$","M","M"],"character_chosen":"THE_SILENT","items_purchased":["Vajra","Backflip","Matryoshka","Sling"],"campfire_rested":4,"item_purchase_floors":[5,5,37,37],"current_hp_per_floor":[63,63,63,63,63,63,40,33,33,58,58,58,79,79,79,5,84,57,57,57,42,28,40,20,32,32,20,20,4,15,15,27,24,42,40,31,31,21,0,0],"gold":82,"neow_bonus":"TWENTY_PERCENT_HP_BONUS","is_daily":false,"chose_seed":false,"campfire_upgraded":3,"win_rate":0.0,"timestamp":1610015182,"path_taken":["M","M","?","?","$","R","E","?","T","R","?","R","?","M","R","BOSS","M","M","?","?","M","R","E","R","T","M","?","?","M","?","R","BOSS","M","?","$","M","M"],"items_purchased_type":["Relic","Card","Relic","Relic"],"build_version":"2020-12-22","purchased_purges":2,"victory":false,"max_hp_per_floor":[84,84,84,84,84,84,84,84,84,84,84,84,84,84,84,84,84,84,84,84,42,42,42,42,42,42,42,42,42,42,42,42,42,42,42,42,42,42,42,42],"card_choices":[{"not_picked":["Well Laid Plans","Catalyst"],"picked":"Dagger Throw","floor":1},{"not_picked":["Tactician","Predator"],"picked":"Sucker Punch","floor":2},{"not_picked":["Infinite Blades","Deadly Poison"],"picked":"Prepared","floor":7},{"not_picked":["Quick Slash","Poisoned Stab","Bane"],"picked":"SKIP","floor":14},{"not_picked":["Bullet Time","Malaise"],"picked":"Venomology","floor":16},{"not_picked":["Well Laid Plans","Backflip+1"],"picked":"Blade Dance","floor":18},{"not_picked":["Outmaneuver+1","Setup+1"],"picked":"Slice","floor":19},{"not_picked":["Acrobatics","Prepared+1"],"picked":"Infinite Blades","floor":22},{"not_picked":["Terror+1","Tactician"],"picked":"Wraith Form v2","floor":24},{"not_picked":["PiercingWail","Calculated Gamble"],"picked":"Accuracy","floor":25},{"not_picked":["Slice+1","Tactician+1"],"picked":"Accuracy+1","floor":27},{"not_picked":["Bouncing Flask","Dagger Throw+1"],"picked":"PiercingWail","floor":30},{"not_picked":["All Out Attack+1","Bouncing Flask"],"picked":"Footwork","floor":32},{"not_picked":["Bullet Time","Envenom"],"picked":"Phantasmal Killer","floor":33},{"not_picked":["Flying Knee","Setup+1"],"picked":"Cloak And Dagger+1","floor":35},{"not_picked":["Catalyst+1","Underhanded Strike+1"],"picked":"Dash+1","floor":38}],"player_experience":295873,"relics_obtained":[{"floor":7,"key":"Juzu Bracelet"},{"floor":9,"key":"Ninja Scroll"},{"floor":24,"key":"Dream Catcher"},{"floor":26,"key":"Whetstone"},{"floor":29,"key":"Nilry\u0027s Codex"},{"floor":31,"key":"Tiny Chest"},{"floor":36,"key":"Unceasing Top"}],"event_choices":[{"damage_healed":0,"gold_gain":0,"player_choice":"Take Wound","damage_taken":0,"relics_obtained":["Golden Idol"],"max_hp_gain":0,"max_hp_loss":0,"event_name":"Golden Idol","floor":3,"gold_loss":0,"cards_obtained":["Injury"]},{"damage_healed":0,"gold_gain":175,"player_choice":"AGREE","damage_taken":0,"max_hp_gain":0,"max_hp_loss":0,"event_name":"Liars Game","floor":4,"gold_loss":0,"cards_obtained":["Doubt"]},{"cards_removed":["Injury"],"damage_healed":0,"gold_gain":0,"player_choice":"Card Removal","damage_taken":7,"max_hp_gain":0,"max_hp_loss":0,"event_name":"Golden Wing","floor":8,"gold_loss":0},{"damage_healed":21,"gold_gain":0,"player_choice":"Healed","damage_taken":0,"max_hp_gain":0,"max_hp_loss":0,"event_name":"The Cleric","floor":13,"gold_loss":35},{"damage_healed":0,"gold_gain":0,"player_choice":"Inject Mutagens","damage_taken":0,"relics_obtained":["MutagenicStrength"],"max_hp_gain":0,"max_hp_loss":0,"event_name":"Drug Dealer","floor":20,"gold_loss":0},{"damage_healed":0,"gold_gain":0,"player_choice":"Became a Ghost","damage_taken":0,"max_hp_gain":0,"max_hp_loss":42,"event_name":"Ghosts","floor":21,"gold_loss":0,"cards_obtained":["Ghostly","Ghostly","Ghostly","Ghostly","Ghostly"]},{"damage_healed":0,"gold_gain":0,"player_choice":"Ignored","damage_taken":0,"max_hp_gain":0,"max_hp_loss":0,"event_name":"Vampires","floor":28,"gold_loss":0},{"damage_healed":0,"gold_gain":0,"player_choice":"Obtained Book","damage_taken":16,"max_hp_gain":0,"max_hp_loss":0,"event_name":"Cursed Tome","floor":29,"gold_loss":0},{"damage_healed":0,"gold_gain":0,"player_choice":"Fight","damage_taken":0,"max_hp_gain":0,"max_hp_loss":0,"event_name":"MindBloom","floor":36,"gold_loss":0}],"is_beta":false,"boss_relics":[{"not_picked":["Calling Bell","Empty Cage"],"picked":"SacredBark"},{"not_picked":["Black Star","Pandora\u0027s Box"],"picked":"Astrolabe"}],"items_purged_floors":[5,37],"is_endless":false,"potions_floor_spawned":[1,7,14,22,27,30,33,36],"killed_by":"3 Darklings","ascension_level":0}}