{"host":"ue7jlgf7uv134an9","time":1610040147,"event":{"mods":["BaseMod","Better Third Choice","Defuse TimeMaze Blight","Minty Spire (QoL Compilation)","Quick Restart","Rare Cards Sparkle","Relic Stats","StSLib","UnlockEverythingMod"],"gold_per_floor":[112,129,129,146,161,196,196,228,228,228,228,256,270,285,285,387,387,398,313,313,360,383,423,435,479,491,44,44,59,59,78,78,173,173,187,187,206,219,272,272,272],"floor_reached":40,"playtime":1204,"items_purged":["Strike_G"],"score":446,"play_id":"f12695e2-d838-4f3c-aa25-40d792d637ae","local_time":"20210107122227","is_ascension_mode":false,"campfire_choices":[{"data":"Poisoned Stab","floor":7,"key":"SMITH"},{"floor":10,"key":"REST"},{"floor":15,"key":"REST"},{"data":"Cloak And Dagger","floor":24,"key":"SMITH"},{"data":"Footwork","floor":28,"key":"SMITH"},{"data":"Terror","floor":30,"key":"SMITH"},{"floor":32,"key":"REST"}],"circlet_count":0,"master_deck":["Survivor","Neutralize","Cloak And Dagger+1","Terror+1","Leg Sweep","Blade Dance","Poisoned Stab+1","Unload","All Out Attack","Corpse Explosion","Dagger Spray","Predator","Accuracy+1","Footwork+1","Blade Dance","Crippling Poison","Finisher","Burst","A Thousand Cuts","Glass Knife","Caltrops","Accuracy","Bouncing Flask","Blade Dance","Dagger Spray","Well Laid Plans+1","Deflect"],"relics":["Ring of the Snake","NeowsBlessing","Letter Opener","Blue Candle","StrikeDummy","Happy Flower","Darkstone Periapt","Tiny Chest","Sozu","Pear","MawBank","Gremlin Horn","The Courier","Shuriken","Bottled Lightning","Pandora\u0027s Box","Juzu Bracelet"],"acts_visited":["Exordium","TheCity","TheBeyond"],"potions_floor_usage":[12,23],"damage_taken":[{"damage":0,"enemies":"Cultist","floor":1,"turns":1},{"damage":0,"enemies":"Small Slimes","floor":2,"turns":1},{"damage":0,"enemies":"Jaw Worm","floor":4,"turns":1},{"damage":7,"enemies":"Exordium Thugs","floor":5,"turns":6},{"damage":11,"enemies":"Gremlin Nob","floor":6,"turns":4},{"damage":41,"enemies":"3 Sentries","floor":8,"turns":10},{"damage":2,"enemies":"Lagavulin","floor":12,"turns":3},{"damage":7,"enemies":"Blue Slaver","floor":13,"turns":3},{"damage":2,"enemies":"Looter","floor":14,"turns":2},{"damage":5,"enemies":"Hexaghost","floor":16,"turns":9},{"damage":0,"enemies":"3 Byrds","floor":18,"turns":4},{"damage":0,"enemies":"Spheric Guardian","floor":22,"turns":3},{"damage":10,"enemies":"Slavers","floor":23,"turns":5},{"damage":13,"enemies":"Gremlin Leader","floor":25,"turns":5},{"damage":7,"enemies":"Snake Plant","floor":29,"turns":4},{"damage":6,"enemies":"Snecko","floor":31,"turns":4},{"damage":26,"enemies":"Collector","floor":33,"turns":6},{"damage":7,"enemies":"3 Darklings","floor":35,"turns":2},{"damage":14,"enemies":"Orb Walker","floor":37,"turns":3},{"damage":57,"enemies":"Writhing Mass","floor":38,"turns":5},{"damage":30,"enemies":"Reptomancer","floor":40,"turns":2}],"seed_played":"5204571155779084806","potions_obtained":[{"floor":5,"key":"BlessingOfTheForge"},{"floor":8,"key":"Dexterity Potion"},{"floor":12,"key":"BlessingOfTheForge"},{"floor":13,"key":"Block Potion"}],"is_trial":false,"path_per_floor":["M","M","?","M","M","E","R","E","T","R","?","E","M","M","R","B",null,"M","?","?","T","M","E","R","E","T","$","R","M","R","M","R","B",null,"M","?","M","M","T","E"],"character_chosen":"THE_SILENT","items_purchased":["Shuriken","Bottled Lightning"],"campfire_rested":3,"item_purchase_floors":[27,27],"current_hp_per_floor":[70,70,70,70,63,52,52,11,11,32,22,20,13,11,32,27,70,70,80,80,80,80,70,70,57,57,57,57,50,50,44,68,42,80,73,80,66,9,9,0,0],"gold":272,"neow_bonus":"THREE_ENEMY_KILL","is_daily":false,"chose_seed":false,"campfire_upgraded":4,"win_rate":0.0,"timestamp":1610040147,"path_taken":["M","?","?","M","M","E","R","E","T","R","?","E","M","?","R","BOSS","M","?","?","?","?","E","R","E","T","$","R","M","R","M","R","BOSS","M","?","?","M","?","E"],"items_purchased_type":["Relic","Relic"],"build_version":"2020-12-22","purchased_purges":1,"victory":false,"max_hp_per_floor":[70,70,70,70,70,70,70,70,70,70,70,70,70,70,70,70,70,70,80,80,80,80,80,80,80,80,80,80,80,80,80,80,80,80,80,80,80,80,80,80,80],"relic_stats":{"Darkstone Periapt":0,"Happy Flower":[20],"Gremlin Horn":[8,8],"counters":[21,83],"Blue Candle":[0],"Juzu Bracelet":0,"Letter Opener":[118],"MawBank":72,"Sozu":4,"Shuriken":[19],"Tiny Chest":2,"Pandora\u0027s Box":["A Thousand Cuts","Glass Knife","Caltrops","Accuracy","Bouncing Flask","Blade Dance","Dagger Spray","Noxious Fumes"],"obtain_stats":[{"Darkstone Periapt":11,"Pear":19,"NeowsBlessing":0,"Happy Flower":11,"Gremlin Horn":23,"Blue Candle":8,"The Courier":25,"Juzu Bracelet":39,"Letter Opener":6,"MawBank":21,"Sozu":17,"Shuriken":27,"Tiny Chest":12,"Pandora\u0027s Box":34,"Bottled Lightning":27,"StrikeDummy":9,"Ring of the Snake":0},{"Darkstone Periapt":6,"Pear":11,"NeowsBlessing":0,"Happy Flower":6,"Gremlin Horn":13,"Blue Candle":6,"The Courier":14,"Juzu Bracelet":20,"Letter Opener":5,"MawBank":11,"Sozu":10,"Shuriken":14,"Tiny Chest":7,"Pandora\u0027s Box":17,"Bottled Lightning":14,"StrikeDummy":6,"Ring of the Snake":0},{"Darkstone Periapt":23,"Pear":44,"NeowsBlessing":0,"Happy Flower":23,"Gremlin Horn":52,"Blue Candle":23,"The Courier":57,"Juzu Bracelet":81,"Letter Opener":13,"MawBank":44,"Sozu":40,"Shuriken":57,"Tiny Chest":26,"Pandora\u0027s Box":71,"Bottled Lightning":57,"StrikeDummy":23,"Ring of the Snake":0}],"Ring of the Snake":[42]},"card_choices":[{"not_picked":["Underhanded Strike","Noxious Fumes"],"picked":"Cloak And Dagger","floor":1},{"not_picked":["Bane","Reflex"],"picked":"Terror","floor":2},{"not_picked":["Eviscerate","Backflip"],"picked":"Blade Dance","floor":4},{"not_picked":["Endless Agony","Flying Knee"],"picked":"Poisoned Stab","floor":5},{"not_picked":["Backflip","Quick Slash"],"picked":"Unload","floor":6},{"not_picked":["Sucker Punch","Bouncing Flask"],"picked":"All Out Attack","floor":8},{"not_picked":["Flying Knee","Night Terror","Calculated Gamble"],"picked":"SKIP","floor":12},{"not_picked":["Underhanded Strike","Acrobatics","Setup"],"picked":"SKIP","floor":13},{"not_picked":["Skewer","Dagger Spray","Terror"],"picked":"SKIP","floor":14},{"not_picked":["Venomology","Glass Knife"],"picked":"Corpse Explosion","floor":16},{"not_picked":["Flying Knee","Outmaneuver"],"picked":"Dagger Spray","floor":18},{"not_picked":["Blade Dance","Outmaneuver"],"picked":"Accuracy+1","floor":22},{"not_picked":["Glass Knife","Quick Slash"],"picked":"Footwork","floor":23},{"not_picked":["Dagger Spray","Backflip"],"picked":"Blade Dance","floor":25},{"not_picked":["Predator","Sucker Punch"],"picked":"Crippling Poison","floor":29},{"not_picked":["Heel Hook","Tactician"],"picked":"Finisher","floor":31},{"not_picked":["Envenom","Doppelganger"],"picked":"Burst","floor":33},{"not_picked":["Dagger Spray+1","Prepared+1"],"picked":"Well Laid Plans+1","floor":35},{"not_picked":["Quick Slash","Predator","Footwork"],"picked":"SKIP","floor":37},{"not_picked":["Underhanded Strike+1","Expertise"],"picked":"Deflect","floor":38}],"player_experience":61496,"relics_obtained":[{"floor":6,"key":"Letter Opener"},{"floor":8,"key":"Blue Candle"},{"floor":9,"key":"StrikeDummy"},{"floor":12,"key":"Tiny Chest"},{"floor":21,"key":"MawBank"},{"floor":23,"key":"Gremlin Horn"},{"floor":25,"key":"The Courier"},{"floor":39,"key":"Juzu Bracelet"}],"event_choices":[{"damage_healed":0,"gold_gain":0,"cards_transformed":["Strike_G"],"player_choice":"Change","damage_taken":0,"max_hp_gain":0,"max_hp_loss":0,"event_name":"Living Wall","floor":3,"gold_loss":0,"cards_obtained":["Leg Sweep"]},{"damage_healed":0,"gold_gain":1,"player_choice":"Relic Relic ","damage_taken":10,"max_hp_gain":0,"max_hp_loss":0,"event_name":"betterThird:BetterScrap","floor":11,"gold_loss":0,"cards_obtained":["Dual Wield"]},{"damage_healed":0,"gold_gain":0,"player_choice":"Obtained Relic","damage_taken":0,"relics_obtained":["Pear"],"max_hp_gain":0,"max_hp_loss":0,"event_name":"Addict","floor":19,"gold_loss":85},{"damage_healed":0,"gold_gain":0,"player_choice":"Read","damage_taken":0,"max_hp_gain":0,"max_hp_loss":0,"event_name":"The Library","floor":20,"gold_loss":0,"cards_obtained":["Predator"]},{"cards_removed":["Noxious Fumes"],"damage_healed":7,"gold_gain":0,"player_choice":"Offered Uncommon","damage_taken":0,"max_hp_gain":0,"max_hp_loss":0,"event_name":"Bonfire Elementals","floor":36,"gold_loss":0}],"is_beta":false,"boss_relics":[{"not_picked":["Ectoplasm","SacredBark"],"picked":"Sozu"},{"not_picked":["HoveringKite","Snecko Eye"],"picked":"Pandora\u0027s Box"}],"items_purged_floors":[27],"is_endless":false,"potions_floor_spawned":[5,8,12,13,14,22,23,31,33],"killed_by":"Reptomancer","ascension_level":0}}