{"host":"9ylwqx3xq4e4v98b","time":1610007189,"event":{"mods":["AchievementEnabler","BaseMod","Better Silent Start","Card Forge","Colored Map","DeckTracker","Minty Spire (QoL Compilation)","Permanent Neow","Quick Restart","Spicy Shops","StSLib","SuperFastMode","Td1madao Mod"],"gold_per_floor":[112,112,112,125,140,140,215,215,285,317,343,369,383,394,394,468,468,487,487,38,55,55,55,74,92,92,92,110,110,143,143,143,231,231,245,245,270,270,8,44,44,63,132,173,173,0,18,36,36,36],"floor_reached":51,"playtime":942,"items_purged":[],"score":2018,"play_id":"0f0aa0fe-6a33-4bde-9a4d-7cd0b5808925","local_time":"20210107001309","is_ascension_mode":true,"campfire_choices":[{"data":"Cloak And Dagger","floor":6,"key":"SMITH"},{"data":"Prepared","floor":8,"key":"SMITH"},{"data":"Blur","floor":15,"key":"SMITH"},{"data":"After Image","floor":23,"key":"SMITH"},{"data":"Acrobatics","floor":29,"key":"SMITH"},{"data":"Deflect","floor":32,"key":"SMITH"},{"floor":41,"key":"RECALL"},{"data":"A Thousand Cuts","floor":49,"key":"SMITH"}],"circlet_count":0,"master_deck":["AscendersBane","Cloak And Dagger+1","Body Slam+1","Juggernaut+1","After Image+1","Adrenaline+1","Backflip+1","Burst+1","Blur+1","Dodge and Roll+1","Prepared+1","Cloak And Dagger+1","Blur+1","After Image+1","Deflect+1","Acrobatics+1","Escape Plan+1","Burst+1","Backstab+1","A Thousand Cuts+1"],"relics":["Ring of the Snake","Hammer of Thor","Seething Fire","Anvil of the Gods","Pear","Akabeko","Whetstone","The Courier","Philosopher\u0027s Stone","Tiny Chest","Pen Nib","Nunchaku","MutagenicStrength","Letter Opener","Ninja Scroll","CeramicFish","Runic Dome","Smiling Mask","Pocketwatch","Mango","War Paint","Bottled Tornado","Juzu Bracelet","Gremlin Horn","Red Mask"],"acts_visited":["Exordium","TheCity","TheBeyond"],"potions_floor_usage":[5],"damage_taken":[{"damage":0,"enemies":"Cultist","floor":1,"turns":1},{"damage":0,"enemies":"Small Slimes","floor":4,"turns":1},{"damage":0,"enemies":"Jaw Worm","floor":5,"turns":1},{"damage":0,"enemies":"Gremlin Nob","floor":10,"turns":2},{"damage":0,"enemies":"3 Sentries","floor":12,"turns":5},{"damage":0,"enemies":"2 Fungi Beasts","floor":13,"turns":2},{"damage":0,"enemies":"Blue Slaver","floor":14,"turns":1},{"damage":0,"enemies":"The Guardian","floor":16,"turns":3},{"damage":7,"enemies":"2 Thieves","floor":18,"turns":2},{"damage":0,"enemies":"Spheric Guardian","floor":21,"turns":2},{"damage":19,"enemies":"Snake Plant","floor":24,"turns":2},{"damage":0,"enemies":"Sentry and Sphere","floor":25,"turns":2},{"damage":0,"enemies":"Centurion and Healer","floor":28,"turns":2},{"damage":0,"enemies":"Gremlin Leader","floor":30,"turns":2},{"damage":0,"enemies":"Collector","floor":33,"turns":3},{"damage":0,"enemies":"Orb Walker","floor":35,"turns":2},{"damage":0,"enemies":"Mind Bloom Boss Battle","floor":37,"turns":2},{"damage":0,"enemies":"Nemesis","floor":40,"turns":3},{"damage":0,"enemies":"3 Shapes","floor":42,"turns":2},{"damage":0,"enemies":"Giant Head","floor":44,"turns":3},{"damage":0,"enemies":"3 Darklings","floor":47,"turns":2},{"damage":0,"enemies":"Transient","floor":48,"turns":5},{"damage":1,"enemies":"Donu and Deca","floor":50,"turns":3}],"seed_played":"4856041485212096677","potions_obtained":[{"floor":1,"key":"Swift Potion"},{"floor":4,"key":"Poison Potion"},{"floor":5,"key":"AttackPotion"},{"floor":24,"key":"Regen Potion"}],"is_trial":false,"path_per_floor":["M","?","?","M","M","R","?","R","T","E","T","E","M","M","R","B",null,"M","?","$","M","?","R","M","M","T","T","M","R","E","?","R","B",null,"M","T","?","?","$","E","R","M","T","E","T","?","M","M","R","B",null],"character_chosen":"THE_SILENT","items_purchased":["FairyPotion","Tiny Chest","Pen Nib","Nunchaku","Mango"],"campfire_rested":0,"item_purchase_floors":[20,20,20,20,39],"current_hp_per_floor":[59,59,64,64,64,64,53,53,63,63,63,63,63,63,63,63,77,70,70,70,70,70,70,51,51,51,51,51,51,51,51,51,51,74,74,74,74,74,88,88,88,88,88,88,88,88,88,88,88,87],"gold":36,"neow_bonus":"THREE_CARDS","is_daily":false,"chose_seed":false,"campfire_upgraded":7,"win_rate":0.0,"timestamp":1610007189,"path_taken":["M","?","?","?","M","R","?","R","T","E","?","E","?","M","R","BOSS","M","?","$","M","?","R","M","M","T","?","M","R","E","?","R","BOSS","M","?","?","?","$","E","R","?","T","E","?","?","M","M","R","BOSS"],"items_purchased_type":["Potion","Relic","Relic","Relic","Relic"],"build_version":"2020-12-22","purchased_purges":0,"victory":true,"max_hp_per_floor":[66,66,71,71,71,71,71,71,81,81,81,81,81,81,81,81,81,81,81,81,81,81,81,81,81,81,81,81,81,81,81,81,81,81,81,81,81,81,95,95,95,95,95,95,95,95,95,95,95,95],"card_choices":[{"not_picked":["Bouncing Flask","PiercingWail"],"picked":"Cloak And Dagger","floor":0},{"not_picked":["Endless Agony","Riddle With Holes"],"picked":"Prepared","floor":1},{"not_picked":["Poisoned Stab","Reflex"],"picked":"Cloak And Dagger","floor":4},{"not_picked":["Flying Knee","Blade Dance","Poisoned Stab"],"picked":"SKIP","floor":5},{"not_picked":["Storm of Steel","Infinite Blades"],"picked":"Blur","floor":10},{"not_picked":["Calculated Gamble","Leg Sweep","Deadly Poison"],"picked":"SKIP","floor":12},{"not_picked":["Flying Knee","Crippling Poison","Quick Slash"],"picked":"SKIP","floor":13},{"not_picked":["Bouncing Flask","Riddle With Holes","Eviscerate"],"picked":"SKIP","floor":14},{"not_picked":["Night Terror","Venomology"],"picked":"After Image","floor":16},{"not_picked":["Blade Dance","Quick Slash","Caltrops+1"],"picked":"SKIP","floor":18},{"not_picked":["Deadly Poison+1","Sucker Punch"],"picked":"Deflect","floor":21},{"not_picked":["Slice","Poisoned Stab"],"picked":"Acrobatics","floor":24},{"not_picked":["Prepared","Concentrate"],"picked":"Escape Plan","floor":25},{"not_picked":["Dash","Deflect","Flying Knee"],"picked":"SKIP","floor":28},{"not_picked":["Concentrate","Masterful Stab","Acrobatics"],"picked":"SKIP","floor":30},{"not_picked":["Malaise","Doppelganger"],"picked":"Burst","floor":33},{"not_picked":["Dagger Throw","Outmaneuver","Poisoned Stab"],"picked":"SKIP","floor":35},{"not_picked":["Prepared+1","Dagger Spray"],"picked":"Backstab+1","floor":40},{"not_picked":["Malaise","Dagger Throw","Expertise+1"],"picked":"SKIP","floor":42},{"not_picked":["Backflip","Tactician"],"picked":"A Thousand Cuts","floor":44},{"not_picked":["Blade Dance+1","Sucker Punch+1","Eviscerate"],"picked":"SKIP","floor":47},{"not_picked":["Endless Agony","Dagger Throw+1","Poisoned Stab"],"picked":"SKIP","floor":48}],"player_experience":196418,"relics_obtained":[{"floor":9,"key":"Pear"},{"floor":10,"key":"Akabeko"},{"floor":11,"key":"Whetstone"},{"floor":12,"key":"The Courier"},{"floor":26,"key":"Letter Opener"},{"floor":27,"key":"Ninja Scroll"},{"floor":30,"key":"CeramicFish"},{"floor":36,"key":"Smiling Mask"},{"floor":37,"key":"Pocketwatch"},{"floor":40,"key":"War Paint"},{"floor":43,"key":"Bottled Tornado"},{"floor":44,"key":"Juzu Bracelet"},{"floor":45,"key":"Gremlin Horn"}],"event_choices":[{"damage_healed":0,"gold_gain":0,"player_choice":"Ignored","damage_taken":0,"max_hp_gain":0,"max_hp_loss":0,"event_name":"Golden Wing","floor":2,"gold_loss":0},{"damage_healed":0,"gold_gain":0,"player_choice":"Donut","damage_taken":0,"max_hp_gain":5,"max_hp_loss":0,"event_name":"Big Fish","floor":3,"gold_loss":0},{"damage_healed":0,"gold_gain":75,"player_choice":"Gather Gold","damage_taken":11,"max_hp_gain":0,"max_hp_loss":0,"event_name":"World of Goop","floor":7,"gold_loss":0},{"damage_healed":0,"gold_gain":0,"player_choice":"Ignored","damage_taken":0,"max_hp_gain":0,"max_hp_loss":0,"event_name":"Ghosts","floor":19,"gold_loss":0},{"damage_healed":0,"gold_gain":0,"player_choice":"Inject Mutagens","damage_taken":0,"relics_obtained":["MutagenicStrength"],"max_hp_gain":0,"max_hp_loss":0,"event_name":"Drug Dealer","floor":22,"gold_loss":0},{"damage_healed":0,"gold_gain":0,"player_choice":"Ignored","damage_taken":0,"max_hp_gain":0,"max_hp_loss":0,"event_name":"Cursed Tome","floor":31,"gold_loss":0},{"damage_healed":0,"gold_gain":0,"player_choice":"Fight","damage_taken":0,"max_hp_gain":0,"max_hp_loss":0,"event_name":"MindBloom","floor":37,"gold_loss":0},{"damage_healed":0,"gold_gain":0,"player_choice":"Got Potions","damage_taken":0,"max_hp_gain":0,"max_hp_loss":0,"event_name":"Lab","floor":38,"gold_loss":0},{"damage_healed":0,"gold_gain":0,"player_choice":"Paid","damage_taken":0,"relics_obtained":["Red Mask"],"max_hp_gain":0,"max_hp_loss":0,"event_name":"Tomb of Lord Red Mask","floor":46,"gold_loss":173}],"is_beta":false,"boss_relics":[{"not_picked":["Runic Pyramid","Empty Cage"],"picked":"Philosopher\u0027s Stone"},{"not_picked":["Cursed Key","Ring of the Serpent"],"picked":"Runic Dome"}],"items_purged_floors":[],"is_endless":false,"potions_floor_spawned":[1,4,5,13,24,25,30,33,35,37,40,48],"ascension_level":19}}