{"host":"pg20xa6gbt6bev46","time":1610042241,"event":{"mods":["AchievementEnabler","Act Like it!","BaseMod","Friendly Minions","Hermit","Hubris","Infinite Spire","Jorbs\u0027s Wanderer Trilogy","Minty Spire (QoL Compilation)","Prisma Mod","Relic Stats","Replay The Spire","Shade Mod","Shop Mod","StSLib","SuperFastMode","The Cursed","The Hierophant","The Necromancer","The Runesmith"],"gold_per_floor":[118,118,118,159,175,175,206,206,206,218,75,75,75,350,350,445,445,463,9,27,37,37,67,67,85,108,108,108,119,119,119,119,221,221,235,235,76,126,32,32,32,55,55,74,76,88,88,103,103,105],"floor_reached":51,"playtime":3259,"items_purged":["Regret","Pain"],"score":734,"play_id":"a84337ad-91c6-4af9-ba80-df54a42eef2a","local_time":"20210107185721","is_ascension_mode":false,"campfire_choices":[{"data":"stsjorbsmod:IvoryTower","floor":6,"key":"SMITH"},{"data":"stsjorbsmod:Pyromancy","floor":8,"key":"SMITH"},{"data":"stsjorbsmod:Patron","floor":13,"key":"SMITH"},{"data":"stsjorbsmod:BookOfTongues","floor":15,"key":"SMITH"},{"data":"Chrysalis","floor":24,"key":"SMITH"},{"data":"Replay:Fractal Strike","floor":30,"key":"SMITH"},{"data":"infinitespire:Oblivion","floor":32,"key":"SMITH"},{"data":"Enlightenment","floor":40,"key":"SMITH"},{"data":"Madness","floor":49,"key":"SMITH"}],"circlet_count":0,"master_deck":["stsjorbsmod:ForbiddenGrimoire+1","stsjorbsmod:Strike_Wanderer","stsjorbsmod:Strike_Wanderer","stsjorbsmod:Strike_Wanderer","stsjorbsmod:Strike_Wanderer","stsjorbsmod:Defend_Wanderer","stsjorbsmod:Defend_Wanderer","stsjorbsmod:Defend_Wanderer","stsjorbsmod:Defend_Wanderer","stsjorbsmod:FreshAdventure","stsjorbsmod:EyeOfTheStorm","stsjorbsmod:FranticSearch+1","stsjorbsmod:ArcaneWeapon","stsjorbsmod:IvoryTower+1","stsjorbsmod:Pyromancy+1","Pot Of Greed","Pot Of Greed","stsjorbsmod:Patron","stsjorbsmod:BookOfTongues+1","stsjorbsmod:Rediscovery","CurseOfTheBell","stsjorbsmod:HedgeWizard","stsjorbsmod:ArcaneWeapon","Chrysalis+1","stsjorbsmod:Channel+1","Pot Of Greed","stsjorbsmod:Hibernate+1","infinitespire:Oblivion+1","Replay:Fractal Strike+1","stsjorbsmod:ArcaneWeapon+1","stsjorbsmod:WanderingMind+1","stsjorbsmod:ArcaneWeapon","stsjorbsmod:Fireball","stsjorbsmod:Feast","stsjorbsmod:ArcaneWeapon+1","Enlightenment+1","stsjorbsmod:BlackTentacles+1","stsjorbsmod:BurningFlask","Pot Of Greed","stsjorbsmod:Prestidigitation","stsjorbsmod:Counterspell","Madness+1","stsjorbsmod:Firebolt+1","Madness","Madness","stsjorbsmod:GatherPower","stsjorbsmod:FracturedMind"],"relics":["stsjorbsmod:GrimoireRelic","NeowsBlessing","ReplayTheSpireMod:Ring of Collecting","Ring of Hypnosis","Incense Burner","Whetstone","ReplayTheSpireMod:Ring of Addiction","Potion Belt","White Beast Statue","MawBank","Grinning Jar","MerchantsRug","Calling Bell","hubris:SlimyHat","HornCleat","hubris:CuriousFeather","infinitespire:Lucky Rock","Strange Spoon","Blood Vial","Ring of Searing","Simple Rune","Ring of Fangs","stsjorbsmod:MindGlassRelic","ChewingGum","WarpedTongs","BargainBundle","Ring of Greed","Blue Doll","infinitespire:Midas Blood","Replay:Wax Seal","ReplayTheSpireMod:Ring of Challenge","Pantograph","infinitespire:Magic Flask"],"acts_visited":["Exordium","TheCity","TheBeyond"],"potions_floor_usage":[50,50,50,50],"damage_taken":[{"damage":0,"enemies":"Small Slimes","floor":1,"turns":1},{"damage":0,"enemies":"2 Louse","floor":5,"turns":1},{"damage":0,"enemies":"Gremlin Nob","floor":7,"turns":1},{"damage":18,"enemies":"Hexaghost","floor":16,"turns":8},{"damage":8,"enemies":"Chosen","floor":18,"turns":4},{"damage":0,"enemies":"Spheric Guardian","floor":20,"turns":3},{"damage":10,"enemies":"Shelled Parasite and Fungi","floor":21,"turns":4},{"damage":0,"enemies":"Gremlin Leader","floor":23,"turns":6},{"damage":0,"enemies":"3 Cultists","floor":25,"turns":4},{"damage":16,"enemies":"Centurion and Healer","floor":29,"turns":4},{"damage":6,"enemies":"Automaton","floor":33,"turns":5},{"damage":6,"enemies":"Orb Walker","floor":35,"turns":2},{"damage":13,"enemies":"3 Shapes","floor":42,"turns":3},{"damage":6,"enemies":"Transient","floor":44,"turns":5},{"damage":6,"enemies":"3 Darklings","floor":46,"turns":2},{"damage":2,"enemies":"Sphere and 2 Shapes","floor":48,"turns":3},{"damage":20,"enemies":"Replay:Hell Engine","floor":50,"turns":5}],"seed_played":"2528982496903115435","potions_obtained":[{"floor":5,"key":"FairyPotion"},{"floor":7,"key":"stsjorbsmod:BurningPotion"},{"floor":9,"key":"Weak Potion"},{"floor":9,"key":"PowerPotion"},{"floor":9,"key":"Milkshake"},{"floor":16,"key":"FearPotion"},{"floor":18,"key":"GamblersBrew"},{"floor":20,"key":"BlessingOfTheForge"},{"floor":21,"key":"Toxic Potion"},{"floor":23,"key":"Swift Potion"},{"floor":25,"key":"Toxic Potion"},{"floor":29,"key":"Elixir"},{"floor":33,"key":"SteroidPotion"},{"floor":35,"key":"Adrenaline Potion"},{"floor":42,"key":"FearPotion"},{"floor":44,"key":"Strength Potion"},{"floor":46,"key":"Toxic Potion"},{"floor":48,"key":"PowerPotion"}],"is_trial":false,"path_per_floor":["M","?","?","?","M","R","E","R","T","?","$","$","R","?","R","B",null,"M","$","M","M","AVR","E","R","M","T","?","$","M","R","T","R","B",null,"M","?","$","T","$","R","$","M","T","M","?","M","AVR","M","R","B",null],"character_chosen":"WANDERER","items_purchased":["MerchantsRug","stsjorbsmod:Patron","stsjorbsmod:BookOfTongues","infinitespire:Lucky Rock","stsjorbsmod:ArcaneWeapon","Chrysalis","BargainBundle","Enlightenment","stsjorbsmod:BlackTentacles+1","stsjorbsmod:BurningFlask","AttackPotion","AttackPotion","Energy Potion","stsjorbsmod:Prestidigitation","stsjorbsmod:Counterspell","Madness"],"campfire_rested":0,"item_purchase_floors":[11,11,11,19,19,19,37,37,37,37,37,37,37,37,37,39],"current_hp_per_floor":[68,68,68,41,42,42,43,43,43,43,43,43,43,43,43,25,64,57,57,58,49,49,51,51,55,55,55,55,42,42,42,42,42,52,47,47,47,47,47,47,47,35,35,34,28,26,26,27,27,30],"gold":105,"neow_bonus":"THREE_ENEMY_KILL","is_daily":false,"chose_seed":false,"campfire_upgraded":9,"win_rate":0.0,"timestamp":1610042241,"path_taken":["M","?","?","?","M","R","E","R","T","?","?","$","R","?","R","BOSS","M","?","M","?","AVR","E","R","M","T","?","$","?","R","?","R","BOSS","M","?","$","?","$","R","?","?","T","?","?","M","AVR","M","R","BOSS"],"items_purchased_type":["Relic","Card","Card","Relic","Card","Card","Relic","Card","Card","Card","Potion","Potion","Potion","Card","Card","Card"],"build_version":"2020-12-22","purchased_purges":2,"victory":true,"max_hp_per_floor":[68,68,68,68,68,68,68,68,68,68,68,68,66,66,66,64,64,64,62,62,62,60,60,60,58,58,58,56,56,56,54,54,54,52,52,52,50,50,50,48,48,48,46,46,46,44,44,44,42,46],"relic_stats":{"Blood Vial":12,"Strange Spoon":[40],"counters":[17,61],"Pantograph":15,"Whetstone":["stsjorbsmod:Strike_Wanderer","stsjorbsmod:Strike_Wanderer"],"MawBank":24,"obtain_stats":[{"Blue Doll":38,"Incense Burner":4,"hubris:SlimyHat":17,"Whetstone":7,"Ring of Searing":26,"Blood Vial":23,"HornCleat":17,"Ring of Fangs":31,"Pantograph":43,"hubris:CuriousFeather":17,"stsjorbsmod:MindGlassRelic":31,"Replay:Wax Seal":38,"Potion Belt":9,"MerchantsRug":11,"BargainBundle":37,"NeowsBlessing":0,"Ring of Hypnosis":3,"ReplayTheSpireMod:Ring of Addiction":9,"stsjorbsmod:GrimoireRelic":0,"infinitespire:Lucky Rock":19,"Ring of Greed":38,"infinitespire:Magic Flask":47,"MawBank":9,"White Beast Statue":9,"WarpedTongs":36,"Calling Bell":17,"Strange Spoon":22,"ReplayTheSpireMod:Ring of Collecting":3,"Simple Rune":26,"ChewingGum":34,"Grinning Jar":10,"ReplayTheSpireMod:Ring of Challenge":43,"infinitespire:Midas Blood":38},{"Blue Doll":12,"Incense Burner":1,"hubris:SlimyHat":4,"Whetstone":3,"Ring of Searing":9,"Blood Vial":8,"HornCleat":4,"Ring of Fangs":10,"Pantograph":13,"hubris:CuriousFeather":4,"stsjorbsmod:MindGlassRelic":10,"Replay:Wax Seal":12,"Potion Belt":3,"MerchantsRug":3,"BargainBundle":12,"NeowsBlessing":0,"Ring of Hypnosis":1,"ReplayTheSpireMod:Ring of Addiction":3,"stsjorbsmod:GrimoireRelic":0,"infinitespire:Lucky Rock":5,"Ring of Greed":12,"infinitespire:Magic Flask":15,"MawBank":3,"White Beast Statue":3,"WarpedTongs":12,"Calling Bell":4,"Strange Spoon":7,"ReplayTheSpireMod:Ring of Collecting":1,"Simple Rune":9,"ChewingGum":11,"Grinning Jar":3,"ReplayTheSpireMod:Ring of Challenge":13,"infinitespire:Midas Blood":12},{"Blue Doll":43,"Incense Burner":1,"hubris:SlimyHat":11,"Whetstone":3,"Ring of Searing":32,"Blood Vial":28,"HornCleat":11,"Ring of Fangs":36,"Pantograph":46,"hubris:CuriousFeather":11,"stsjorbsmod:MindGlassRelic":36,"Replay:Wax Seal":43,"Potion Belt":3,"MerchantsRug":3,"BargainBundle":43,"NeowsBlessing":0,"Ring of Hypnosis":1,"ReplayTheSpireMod:Ring of Addiction":3,"stsjorbsmod:GrimoireRelic":0,"infinitespire:Lucky Rock":15,"Ring of Greed":43,"infinitespire:Magic Flask":53,"MawBank":3,"White Beast Statue":3,"WarpedTongs":43,"Calling Bell":11,"Strange Spoon":22,"ReplayTheSpireMod:Ring of Collecting":1,"Simple Rune":32,"ChewingGum":41,"Grinning Jar":3,"ReplayTheSpireMod:Ring of Challenge":46,"infinitespire:Midas Blood":43}],"WarpedTongs":[18]},"card_choices":[{"not_picked":["stsjorbsmod:SmithingStrike","stsjorbsmod:FracturedMind"],"picked":"stsjorbsmod:FranticSearch","floor":1},{"not_picked":["stsjorbsmod:Message","stsjorbsmod:Prestidigitation"],"picked":"stsjorbsmod:ArcaneWeapon","floor":4},{"not_picked":["stsjorbsmod:ChainLightning","stsjorbsmod:WeightOfMemory"],"picked":"stsjorbsmod:IvoryTower","floor":5},{"not_picked":["stsjorbsmod:OldPocket","stsjorbsmod:Inferno"],"picked":"stsjorbsmod:Pyromancy","floor":7},{"not_picked":["stsjorbsmod:SiphonEnergy","stsjorbsmod:Determination"],"picked":"stsjorbsmod:Rediscovery","floor":16},{"not_picked":["stsjorbsmod:Materialize","stsjorbsmod:MagicMissiles"],"picked":"stsjorbsmod:HedgeWizard","floor":18},{"not_picked":["stsjorbsmod:Mending+1","stsjorbsmod:Introspection"],"picked":"stsjorbsmod:Channel+1","floor":20},{"not_picked":["stsjorbsmod:Materialize","stsjorbsmod:Firebolt"],"picked":"stsjorbsmod:Hibernate+1","floor":21},{"not_picked":["stsjorbsmod:Prepare+1","stsjorbsmod:ParryingBlow"],"picked":"stsjorbsmod:ArcaneWeapon+1","floor":23},{"not_picked":["stsjorbsmod:SchoolsOfMagic","stsjorbsmod:DisguiseSelf"],"picked":"stsjorbsmod:WanderingMind+1","floor":25},{"not_picked":["stsjorbsmod:Will","stsjorbsmod:TollTheDead","stsjorbsmod:Hurt+1"],"picked":"SKIP","floor":29},{"not_picked":["stsjorbsmod:CorrodingBarrier","stsjorbsmod:Withdraw"],"picked":"stsjorbsmod:Feast","floor":33},{"not_picked":["stsjorbsmod:Firebolt","stsjorbsmod:TinyHut"],"picked":"stsjorbsmod:ArcaneWeapon+1","floor":35},{"not_picked":["stsjorbsmod:HedgeWizard","stsjorbsmod:Will+1","stsjorbsmod:Hibernate+1"],"picked":"SKIP","floor":42},{"not_picked":["stsjorbsmod:BlackTentacles","stsjorbsmod:FracturedMind"],"picked":"stsjorbsmod:Firebolt+1","floor":44},{"not_picked":["stsjorbsmod:Prestidigitation+1","stsjorbsmod:SmithingStrike"],"picked":"stsjorbsmod:GatherPower","floor":46},{"not_picked":["stsjorbsmod:TrueStrike","stsjorbsmod:ParryingBlow"],"picked":"stsjorbsmod:FracturedMind","floor":48}],"player_experience":159395,"relics_obtained":[{"floor":3,"key":"ReplayTheSpireMod:Ring of Collecting"},{"floor":3,"key":"Ring of Hypnosis"},{"floor":4,"key":"Incense Burner"},{"floor":7,"key":"Whetstone"},{"floor":9,"key":"ReplayTheSpireMod:Ring of Addiction"},{"floor":9,"key":"Potion Belt"},{"floor":9,"key":"White Beast Statue"},{"floor":9,"key":"MawBank"},{"floor":10,"key":"Grinning Jar"},{"floor":17,"key":"hubris:SlimyHat"},{"floor":17,"key":"HornCleat"},{"floor":17,"key":"hubris:CuriousFeather"},{"floor":23,"key":"Blood Vial"},{"floor":26,"key":"Ring of Searing"},{"floor":26,"key":"Simple Rune"},{"floor":31,"key":"Ring of Fangs"},{"floor":31,"key":"stsjorbsmod:MindGlassRelic"},{"floor":38,"key":"Ring of Greed"},{"floor":38,"key":"Blue Doll"},{"floor":38,"key":"infinitespire:Midas Blood"},{"floor":38,"key":"Replay:Wax Seal"},{"floor":43,"key":"ReplayTheSpireMod:Ring of Challenge"},{"floor":43,"key":"Pantograph"}],"event_choices":[{"damage_healed":0,"gold_gain":0,"player_choice":"Grow","damage_taken":0,"max_hp_gain":0,"max_hp_loss":0,"event_name":"Living Wall","floor":2,"gold_loss":0,"cards_upgraded":["stsjorbsmod:FranticSearch"]},{"damage_healed":0,"gold_gain":275,"player_choice":"Desecrate","damage_taken":0,"max_hp_gain":0,"max_hp_loss":0,"event_name":"Golden Shrine","floor":14,"gold_loss":0,"cards_obtained":["Regret"]},{"damage_healed":0,"gold_gain":0,"player_choice":"2 cards matched","damage_taken":0,"max_hp_gain":0,"max_hp_loss":0,"event_name":"Match and Keep!","floor":27,"gold_loss":0,"cards_obtained":["stsjorbsmod:ArcaneWeapon","stsjorbsmod:Fireball"]},{"damage_healed":0,"gold_gain":0,"player_choice":"2 cards matched","damage_taken":0,"max_hp_gain":0,"max_hp_loss":0,"event_name":"Match and Keep!","floor":27,"gold_loss":0,"cards_obtained":["stsjorbsmod:ArcaneWeapon","stsjorbsmod:Fireball"]},{"damage_healed":0,"gold_gain":0,"player_choice":"Rummage","damage_taken":0,"relics_obtained":["WarpedTongs"],"max_hp_gain":0,"max_hp_loss":0,"event_name":"Accursed Blacksmith","floor":36,"gold_loss":0,"cards_obtained":["Pain"]},{"damage_healed":0,"gold_gain":0,"player_choice":"Embrace Madness","damage_taken":6,"max_hp_gain":0,"max_hp_loss":0,"event_name":"Winding Halls","floor":45,"gold_loss":0,"cards_obtained":["Madness","Madness"]}],"is_beta":false,"boss_relics":[{"not_picked":["Empty Cage","hubris:VirtuousBlindfold"],"picked":"Calling Bell"},{"not_picked":["Philosopher\u0027s Stone","Snecko Eye"],"picked":"ChewingGum"}],"items_purged_floors":[19,37],"is_endless":false,"potions_floor_spawned":[5,7,16,18,20,21,23,25,29,33,35,42,44,46,48],"ascension_level":0}}