{"host":"f4n39520dv0p5qms","time":1610054441,"event":{"mods":["AchievementEnabler","BaseMod","Colored Powertips","DeckTracker","Downfall","Infinite Spire","Minty Spire (QoL Compilation)","Replay The Spire","Shop Mod","StSLib","The Bug Knight","The Servant 0.9.4"],"gold_per_floor":[99,99,99,99,128,128,155,9,0,0,15,15,15,32,47,150,150,230,248,261,274,106,106,106,119,148,148,158,158,170,170,170,170],"floor_reached":31,"playtime":1669,"items_purged":["Regret","champ:BladeFlurry"],"score":368,"play_id":"5c5e452b-8ef2-46b9-b76f-6ddf63b86045","local_time":"20210108002041","is_ascension_mode":false,"campfire_choices":[{"data":"champ:Taunt","floor":1,"key":"SMITH"},{"data":"champ:IronFortress","floor":10,"key":"SMITH"},{"data":"champ:Riposte","floor":13,"key":"SMITH"},{"floor":29,"key":"RECALL"}],"circlet_count":0,"master_deck":["champ:Strike","champ:Strike","champ:Strike","champ:Strike","champ:Defend","champ:Defend","champ:Defend","champ:Defend","champ:Execute","champ:Taunt+1","champ:Riposte","champ:TornadoPunch","champ:Circumvent","champ:IronFortress+1","champ:Riposte+1","champ:BringItOn","champ:DefensiveStyle","champ:GladiatorsShout","champ:Improvising","champ:PreciseThrust","champ:ViciousMockery+1","champ:StanceDance+1","champ:FlashCut","infinitespire:SevenWalls","champ:FalseCounter+1","champ:FlashCut"],"relics":["champ:ChampionCrown","downfall:HeartsMalice","Replay:Bottled Flurry","Replay:Towering Pillar of Hats","infinitespire:Satchel","Replay:WaspNest","Velvet Choker","Replay:Wax Seal","Pet Ghost"],"acts_visited":["Exordium","TheCity"],"potions_floor_usage":[16,20],"damage_taken":[{"damage":0,"enemies":"Small Slimes","floor":2,"turns":1},{"damage":0,"enemies":"2 Louse","floor":4,"turns":1},{"damage":0,"enemies":"downfall:FleeingMerchant","floor":8,"turns":1},{"damage":5,"enemies":"downfall:FleeingMerchant","floor":9,"turns":4},{"damage":15,"enemies":"Jaw Worm","floor":11,"turns":3},{"damage":12,"enemies":"Blue Slaver","floor":14,"turns":5},{"damage":0,"enemies":"Lots of Slimes","floor":15,"turns":3},{"damage":33,"enemies":"downfall:Ironclad","floor":16,"turns":7},{"damage":16,"enemies":"3 Byrds","floor":19,"turns":4},{"damage":0,"enemies":"Snecko","floor":20,"turns":5},{"damage":15,"enemies":"Snake Plant","floor":21,"turns":5},{"damage":13,"enemies":"downfall:FleeingMerchant","floor":22,"turns":4},{"damage":15,"enemies":"Centurion and Healer","floor":25,"turns":9},{"damage":12,"enemies":"Nightmare","floor":26,"turns":9},{"damage":0,"enemies":"3 Cultists","floor":28,"turns":4},{"damage":20,"enemies":"Sentry and Sphere","floor":30,"turns":3},{"damage":22,"enemies":"Cultist and Chosen","floor":31,"turns":4}],"seed_played":"-1437235430794769809","potions_obtained":[{"floor":11,"key":"Venom Potion"},{"floor":15,"key":"Elixir"},{"floor":16,"key":"SkillPotion"},{"floor":21,"key":"champ:CounterPotion"},{"floor":25,"key":"Death Potion"}],"is_trial":false,"path_per_floor":["R","M","?","M","?","?","T","$","$","R","M","T","R","M","M","B",null,"R","M","M","M","$","?","T","M","NM","?","M","R","M","M"],"character_chosen":"THE_CHAMP","items_purchased":["champ:Riposte","champ:FlashCut"],"campfire_rested":0,"item_purchase_floors":[8,22],"current_hp_per_floor":[90,90,90,90,68,68,68,68,63,63,53,53,53,41,41,13,90,90,74,74,64,56,56,56,44,32,32,32,32,17,0,0,0],"gold":170,"neow_bonus":"THREE_ENEMY_KILL","is_daily":false,"chose_seed":false,"campfire_upgraded":3,"win_rate":0.0,"timestamp":1610054441,"path_taken":["R","M","?","M","?","?","T","?","$","R","M","?","R","?","M","BOSS","R","M","M","M","?","?","T","M","NM","?","M","R","M","M"],"items_purchased_type":["Card","Card"],"build_version":"2020-12-22","purchased_purges":2,"victory":false,"max_hp_per_floor":[90,90,90,90,90,90,90,90,90,90,90,90,90,90,90,90,90,90,90,90,90,90,90,90,90,90,90,90,90,90,90,90,90],"card_choices":[{"not_picked":["champ:DefensiveShout","champ:GladiatorsShout"],"picked":"champ:Riposte","floor":2},{"not_picked":["champ:BerserkerStyle","champ:GladiatorsShout"],"picked":"champ:TornadoPunch","floor":4},{"not_picked":["champ:PerfectedStrike","champ:Backstep"],"picked":"champ:Circumvent","floor":5},{"not_picked":["champ:RecklessLeap","champ:BladeFlurry"],"picked":"champ:IronFortress","floor":8},{"not_picked":["champ:RecklessLeap","champ:Lariat"],"picked":"champ:BladeFlurry","floor":9},{"not_picked":["champ:BladeFlurry","champ:PerfectedStrike"],"picked":"champ:BringItOn","floor":11},{"not_picked":["champ:BladeFlurry","champ:BringItOn"],"picked":"champ:DefensiveStyle","floor":14},{"not_picked":["champ:CrookedStrike","champ:AdrenalArmor"],"picked":"champ:GladiatorsShout","floor":15},{"not_picked":["champ:PerfectForm","champ:VampiricStrike"],"picked":"champ:Improvising","floor":16},{"not_picked":["champ:BerserkerStyle+1","champ:ShieldWall"],"picked":"champ:PreciseThrust","floor":19},{"not_picked":["champ:FanOfKnives","champ:HeartStrike"],"picked":"champ:ViciousMockery+1","floor":20},{"not_picked":["champ:PreciseThrust","champ:AdrenalArmor","champ:RecklessLeap"],"picked":"SKIP","floor":21},{"not_picked":["champ:RecklessLeap+1","champ:GutPunch"],"picked":"champ:StanceDance+1","floor":22},{"not_picked":["champ:EnragedBash","champ:EndlessRage+1","champ:Backstep"],"picked":"SKIP","floor":25},{"not_picked":["infinitespire:Menacing","ReplayTheSpireMod:Book of Names"],"picked":"infinitespire:SevenWalls","floor":26},{"not_picked":["champ:StrikeOfGenius","champ:FanOfKnives"],"picked":"champ:FalseCounter+1","floor":26},{"not_picked":["champ:StanceDance+1","champ:Duel"],"picked":"champ:FlashCut","floor":28},{"not_picked":["champ:Encircle","champ:Circumvent+1","champ:Backstep"],"picked":"SKIP","floor":30}],"player_experience":152966,"relics_obtained":[{"floor":5,"key":"Replay:Towering Pillar of Hats"},{"floor":7,"key":"infinitespire:Satchel"},{"floor":12,"key":"Replay:WaspNest"},{"floor":24,"key":"Replay:Wax Seal"},{"floor":26,"key":"Pet Ghost"}],"event_choices":[{"damage_healed":0,"gold_gain":0,"player_choice":"Box","damage_taken":0,"relics_obtained":["Replay:Bottled Flurry"],"max_hp_gain":0,"max_hp_loss":0,"event_name":"Big Fish","floor":3,"gold_loss":0,"cards_obtained":["Regret"]},{"damage_healed":0,"gold_gain":0,"player_choice":"Ignored","damage_taken":0,"max_hp_gain":0,"max_hp_loss":0,"event_name":"Vampires","floor":27,"gold_loss":0}],"is_beta":false,"boss_relics":[{"not_picked":["Pandora\u0027s Box","Snecko Eye"],"picked":"Velvet Choker"}],"items_purged_floors":[8,22],"is_endless":false,"potions_floor_spawned":[11,15,16,21,25,26,30],"killed_by":"Cultist and Chosen","ascension_level":0}}