{"host":"02ap7t3nkt9s8vk8","time":1610041451,"event":{"mods":["2.2 Compatiblity","ATMod(°¢èªMod)","AchievementEnabler","Act Like it!","Arknights The Spire","Aspiration","BaseMod","CapriCore","Card Filter","Card Forge","Colored Powertips","Gensokyo","Gold Saver","Highlight Path","Minty Spire (QoL Compilation)","MostiFishMod","Reimu£¨²©ÀöÁéÃÎ£©","Relic Filter","Replay The Spire","RumiaBox-Â¶Ã×æ«µÄÉñÃØºÐ×Ó","StSLib","TestMod","The Immortal","WarShipGirlsR/Õ½½¢ÉÙÅ®R mod","Yakumo Yukari mod","noobMod","¡¾ÒÅÎï¿¨ÅÆ¡¿REMEMod"],"gold_per_floor":[118,132,147,18,33,48,78,91,91,111,111,130,130,160,160,268,268,290,106,106,127,159,206,98,110,147,255,298,67,67,67,67,194,194,519,535,356,364,189,244,577,791,791,826,891,976,1031,1069,1161,1215,1215,1215,759,835,919],"floor_reached":56,"playtime":3403,"items_purged":[],"score":1563,"play_id":"15c8d12c-d772-4761-916b-9a59f44db850","local_time":"20210108014411","is_ascension_mode":false,"campfire_choices":[{"floor":13,"key":"RECALL"},{"floor":15,"key":"DIG"},{"floor":25,"key":"REST"},{"floor":30,"key":"REST"},{"floor":32,"key":"DIG"},{"floor":52,"key":"REST"}],"circlet_count":0,"master_deck":["ats:Armor Crushing Shot+1","ats:Emotion Absorption+1","ats:Apocalypse+1","ats:Part Time Job+1","ats:Composite Medical Shells+1","ats:Leaping Hammer+1","ats:Ambush+1","ats:Part Time Job+1","ats:Neurotoxin+1","ats:Defend Order+1","ats:Explosion Area Strengthen+1","ats:Dogmatic Field+1","ats:Hook Shot+1","ats:Automatic Cover+1","ats:Wolf Pack+1","ats:Defend Order+1","ats:Ambush+1","testmod-DisillusionmentEcho+1","ats:Calcification+1","ats:Overload+1","ats:Part Time Job+1","ats:Poison Spread+1","Pot Of Greed+1","Pot Of Greed+1","ats:Part Time Job+1","ats:Thorns+1","Pot Of Greed+1","ats:Roar Of Ursus+1","ats:Durian+1"],"relics":["ats:Sanity","Hammer of Thor","Seething Fire","Anvil of the Gods","testmod-TestBox","ice","DaveBox","REME_ComplimentaryCards","AT_ATBox","JellyFishMachine","testmod-TurbochargingSystem","SynthV:TestCard","Thread and Needle","ats:Originium","aspiration:HiddenCompartment","testmod-CrystalShield","Gensokyo:CelestialsFlawlessClothing","Oddly Smooth Stone","CeramicFish","AT_TrinityForce","Gensokyo:DirgeOfMelancholy","MawBank","testmod-IndustrialRevolution","REME_ArchaeologicalTools","Gensokyo:FoxMask","SSSystem","Civilization","testmod-Fortitude","MagicDraw1","Tea:ReiMu","RhineSuit","REME_LimitBreaker","Replay:Bandana","Replay:Rubber Ducky","GodSword5","CaptainsWheel","Eternal Feather","Grinning Jar","Ccalipers","aspiration:AnachronicSnailShell","Unceasing Top"],"acts_visited":["Gensokyo:Gensokyo","Gensokyo:Gensokyoer","Gensokyo:Gensokyoest","TheEnding"],"potions_floor_usage":[12,14,16,22,27,41,48],"damage_taken":[{"damage":0,"enemies":"Gensokyo:2_Kodama","floor":1,"turns":2},{"damage":0,"enemies":"Gensokyo:3_Fairies","floor":2,"turns":2},{"damage":0,"enemies":"Gensokyo:Gryphon","floor":3,"turns":2},{"damage":10,"enemies":"Gensokyo:CorruptedTreant","floor":5,"turns":3},{"damage":6,"enemies":"Gensokyo:3_Kodama","floor":6,"turns":4},{"damage":26,"enemies":"Gensokyo:Aya","floor":7,"turns":6},{"damage":5,"enemies":"Gensokyo:Gryphon_and_Rabbit","floor":8,"turns":4},{"damage":1,"enemies":"Gensokyo:2_Rabbits","floor":10,"turns":3},{"damage":0,"enemies":"Gensokyo:LivingMonolith","floor":12,"turns":2},{"damage":3,"enemies":"Gensokyo:Cirno","floor":14,"turns":5},{"damage":26,"enemies":"Gensokyo:Yukari","floor":16,"turns":6},{"damage":11,"enemies":"Gensokyo:AngelMirror","floor":18,"turns":3},{"damage":8,"enemies":"Gensokyo:Chomper","floor":21,"turns":5},{"damage":18,"enemies":"Gensokyo:Wraith","floor":22,"turns":6},{"damage":35,"enemies":"Gensokyo:Tenshi","floor":23,"turns":5},{"damage":0,"enemies":"Gensokyo:Reisen","floor":27,"turns":3},{"damage":15,"enemies":"Gensokyo:Mirror_and_Dog","floor":28,"turns":3},{"damage":18,"enemies":"Gensokyo:Kaguya","floor":33,"turns":6},{"damage":0,"enemies":"Gensokyo:3_Boulders","floor":35,"turns":4},{"damage":12,"enemies":"Gensokyo:AncientGuardian","floor":36,"turns":3},{"damage":0,"enemies":"Gensokyo:Kasen","floor":40,"turns":5},{"damage":29,"enemies":"Gensokyo:Sharpion","floor":41,"turns":5},{"damage":8,"enemies":"Gensokyo:4_Bats","floor":42,"turns":3},{"damage":1,"enemies":"Gensokyo:Dusk_and_Dawn","floor":44,"turns":4},{"damage":0,"enemies":"Gensokyo:Doremy","floor":46,"turns":4},{"damage":0,"enemies":"Gensokyo:AtlasGolem","floor":47,"turns":4},{"damage":9,"enemies":"Gensokyo:Rafflesia","floor":48,"turns":5},{"damage":14,"enemies":"Gensokyo:Shinki","floor":50,"turns":6},{"damage":0,"enemies":"Shield and Spear","floor":54,"turns":3},{"damage":32,"enemies":"The Heart","floor":55,"turns":7}],"seed_played":"2762169580521505501","potions_obtained":[{"floor":1,"key":"Dexterity Potion"},{"floor":10,"key":"Fire Potion"},{"floor":12,"key":"Toxic Potion"},{"floor":14,"key":"Elixir"},{"floor":18,"key":"Explosive Potion"},{"floor":23,"key":"Swift Potion"},{"floor":35,"key":"Ancient Potion"},{"floor":44,"key":"Strength Potion"},{"floor":46,"key":"Fire Potion"},{"floor":54,"key":"GrandPatriotsElixir:ReiMu"}],"is_trial":false,"path_per_floor":["M","M","M","COS","M","M","E","M","T","M","?","M","R","E","R","B",null,"M","COS","?","M","M","E","?","R","T","E","M","$","R","?","R","B",null,"M","M","COS","?","$","E","M","M","T","M","?","E","M","M","R","B",null,"R","$","E","B",null],"character_chosen":"DOCTOR_CLASS","items_purchased":["MagicDraw1","testmod-DisillusionmentEcho","Ccalipers","aspiration:AnachronicSnailShell"],"campfire_rested":3,"item_purchase_floors":[29,39,53,53],"current_hp_per_floor":[79,79,79,79,71,74,70,79,79,79,60,60,60,79,79,79,79,79,79,79,79,79,79,79,79,79,79,73,73,81,81,81,89,89,100,112,112,112,112,129,147,163,163,193,193,218,244,271,271,300,300,300,300,331,363],"gold":919,"neow_bonus":"TEN_PERCENT_HP_BONUS","is_daily":false,"chose_seed":false,"campfire_upgraded":0,"win_rate":0.0,"timestamp":1610041451,"path_taken":["M","M","M","COS","M","M","E","M","T","M","?","M","R","E","R","BOSS","M","COS","?","M","M","E","?","R","T","E","?","$","R","?","R","BOSS","M","?","COS","?","?","E","M","M","T","M","?","E","M","M","R","BOSS","R","$","E","BOSS"],"items_purchased_type":["Relic","Card","Relic","Relic"],"build_version":"2020-12-22","purchased_purges":0,"victory":true,"max_hp_per_floor":[79,79,79,79,79,79,79,79,79,79,79,79,79,79,79,79,79,79,79,79,79,79,79,79,79,79,79,81,81,81,81,81,89,89,100,112,112,112,112,129,147,169,169,193,193,218,244,271,271,300,300,300,300,331,363],"card_choices":[{"not_picked":["ats:Healing Drone","ats:Apocalypse"],"picked":"ats:Cat Scratch","floor":1},{"not_picked":["ats:Flexible Camouflage","ats:Directed Diagnosis","ats:Poison Spread","ats:Revitalization"],"picked":"ats:Apocalypse","floor":2},{"not_picked":["ats:Steam Pump","ats:Shadow Raid","ats:Shell Defense","ats:Closed Bolt Burst Fire"],"picked":"ats:Part Time Job","floor":3},{"not_picked":["ats:Red Shift","ats:Shell Defense","ats:Sword Rain","ats:Poison Spread"],"picked":"ats:Composite Medical Shells","floor":5},{"not_picked":["ats:Childhood Dance","ats:Poison Spread","ats:Curse Doll","ats:Calcification"],"picked":"ats:Leaping Hammer","floor":6},{"not_picked":["ats:LN2 Cannon","ats:Shell Defense","ats:Encircling Forest","ats:Hammer On"],"picked":"ats:Ambush","floor":7},{"not_picked":["ats:Charging Defense","ats:Assault Order","ats:Flexible Camouflage","ats:Apocalypse"],"picked":"ats:Consecutive Shot Auto","floor":8},{"not_picked":["ats:Shell Defense","ats:Thermite Blade","ats:Apocalypse","ats:Rapid Magazine"],"picked":"ats:Neurotoxin","floor":10},{"not_picked":["ats:Revitalization","ats:Flame Of Heaven","ats:Flexible Camouflage","ats:Hammer On"],"picked":"ats:Defend Order","floor":12},{"not_picked":["ats:Automatic Cover","ats:Consecutive Shot Auto","ats:Cat Scratch","ats:Hammer On"],"picked":"ats:Explosion Area Strengthen","floor":14},{"not_picked":["ats:Shadow Assault","ats:Volcano","ats:Soul Rend","ats:Durian"],"picked":"ats:Dogmatic Field","floor":16},{"not_picked":["ats:Assault Order","ats:Demon Strength","ats:Flame Of Heaven","ats:Curse Doll"],"picked":"ats:Hook Shot","floor":18},{"not_picked":["ats:Soul Absorption","ats:Beaten Up","ats:Revitalization+1","ats:Hammer On"],"picked":"ats:Powerful Strike","floor":21},{"not_picked":["ats:True Silver Slash","ats:Shadow Assault","ats:Nebulous Foxfire","ats:Calcification"],"picked":"ats:Roar Of Ursus","floor":22},{"not_picked":["ats:Hammer On","ats:Shell Defense+1","ats:Revitalization","ats:Apocalypse"],"picked":"ats:Consecutive Shot Auto+1","floor":22},{"not_picked":["ats:Shell Defense","ats:Ignite","ats:Charging Defense","ats:Roar Of Ursus"],"picked":"ats:Overload+1","floor":23},{"not_picked":["ats:Revitalization+1","ats:Mental Burst+1","ats:Flame Of Heaven+1","ats:Hammer On"],"picked":"ats:Automatic Cover+1","floor":27},{"not_picked":["ats:Leaping Hammer","ats:Hook Shot","ats:Shell Defense","ats:Revitalization"],"picked":"ats:Powerful Strike","floor":28},{"not_picked":["ats:Durian","ats:Soul Rend","ats:Nebulous Foxfire","ats:Shadow Assault"],"picked":"ats:Wolf Pack","floor":33},{"not_picked":["ats:Mental Burst","ats:Shell Defense+1","ats:Childhood Dance","ats:Encircling Forest+1"],"picked":"ats:Consecutive Shot Auto","floor":35},{"not_picked":["ats:Automatic Cover+1","ats:Ignite+1","ats:Powerful Strike+1","ats:Cat Scratch","ats:Childhood Dance+1"],"picked":"SKIP","floor":36},{"not_picked":[],"picked":"ats:Defend Order","floor":38},{"not_picked":[],"picked":"ats:Ambush","floor":38},{"not_picked":["ats:Apocalypse","ats:Ignite+1","ats:Explosion Area Strengthen+1","ats:Consecutive Shot Auto"],"picked":"ats:Calcification","floor":40},{"not_picked":["ats:Curse Doll","ats:Hammer On","ats:Explosion Area Strengthen+1","ats:Red Shift"],"picked":"ats:Overload+1","floor":41},{"not_picked":["ats:Ambush","ats:Leaping Hammer","ats:Assault Order","ats:Steam Pump","ats:Red Shift"],"picked":"SKIP","floor":42},{"not_picked":["ats:Powerful Strike+1","ats:Apocalypse+1","ats:Explosion Area Strengthen+1","ats:Thorns"],"picked":"ats:Part Time Job","floor":44},{"not_picked":["ats:Collapsing Strike+1","ats:Nebulous Foxfire","ats:Guardian Obelisk","ats:Revitalization+1"],"picked":"ats:Poison Spread+1","floor":45},{"not_picked":["ats:Volcano","ats:Burning Ground+1","ats:Revitalization","ats:Leaping Hammer"],"picked":"ats:Part Time Job+1","floor":46},{"not_picked":["ats:Explosion Area Strengthen+1","ats:Assault Order","ats:Beaten Up","ats:Poison Spread+1"],"picked":"ats:Thorns+1","floor":47},{"not_picked":["ats:Shell Defense","ats:Powerful Strike","ats:Ignite","ats:Assault Order+1","ats:Nebulous Foxfire"],"picked":"SKIP","floor":48},{"not_picked":["ats:Leaping Hammer","ats:Volcano","ats:Shell Defense+1","ats:Assault Order"],"picked":"ats:Durian","floor":54}],"player_experience":84141,"relics_obtained":[{"floor":1,"key":"SynthV:TestCard"},{"floor":7,"key":"ats:Originium"},{"floor":7,"key":"aspiration:HiddenCompartment"},{"floor":14,"key":"ats:Originium"},{"floor":14,"key":"Oddly Smooth Stone"},{"floor":15,"key":"CeramicFish"},{"floor":23,"key":"ats:Originium"},{"floor":23,"key":"REME_ArchaeologicalTools"},{"floor":26,"key":"SSSystem"},{"floor":27,"key":"Civilization"},{"floor":32,"key":"Tea:ReiMu"},{"floor":40,"key":"REME_LimitBreaker"},{"floor":43,"key":"GodSword5"},{"floor":45,"key":"Eternal Feather"},{"floor":46,"key":"Grinning Jar"},{"floor":54,"key":"Unceasing Top"}],"event_choices":[],"is_beta":false,"boss_relics":[{"not_picked":["aspiration:RandomNobGenerator","testmod-SaigiyounoYou"],"picked":"AT_TrinityForce"},{"not_picked":["aspiration:RunicSpoon","Replay:Ancient Bell"],"picked":"RhineSuit"}],"items_purged_floors":[],"is_endless":false,"potions_floor_spawned":[1,10,12,14,18,23,35,44,46,54],"ascension_level":0}}