{"host":"q6wyndrixvj3w9nl","time":1610049441,"event":{"mods":["AchievementEnabler","BaseMod","Better Third Choice","Colored Map","Curses Come First","Hermit","Jorbs\u0027s Wanderer Trilogy","Minty Spire (QoL Compilation)","Permanent Neow","Quick Restart","Rare Cards Sparkle","Relic Stats","StSLib","The Cursed","The Hierophant"],"gold_per_floor":[111,137,137,150,160,186,186,220,220,220,248,21,35,61,61,164,164,182,182,182,195,195,195,225,82,82,82,112,130,162,175,175,270,270,290,307,64,64,79,79,114,114,114,114,133,148,148,198,198,198],"floor_reached":51,"playtime":5377,"items_purged":["Strike_B","Capacitor"],"score":972,"play_id":"972b7fb9-106d-451d-8f24-888df87480a0","local_time":"20210107205721","is_ascension_mode":true,"campfire_choices":[{"data":"Ball Lightning","floor":7,"key":"SMITH"},{"floor":10,"key":"REST"},{"floor":15,"key":"REST"},{"data":"Defragment","floor":23,"key":"SMITH"},{"data":"Hologram","floor":27,"key":"SMITH"},{"data":"Capacitor","floor":32,"key":"SMITH"},{"data":"Double Energy","floor":40,"key":"SMITH"},{"data":"Chaos","floor":42,"key":"SMITH"},{"data":"Fusion","floor":47,"key":"SMITH"},{"floor":49,"key":"REST"}],"circlet_count":0,"master_deck":["Zap","Dualcast","Genetic Algorithm+1","Genetic Algorithm+1","Glacier","Ball Lightning+1","Seek","Barrage+1","Core Surge+1","Recycle","Compile Driver+1","Sunder+1","Chaos+1","Auto Shields","Darkness","Defragment+1","Fusion+1","Cold Snap+1","Double Energy+1","Hologram+1","Capacitor+1","Redo+1","Zap","Barrage+1","Machine Learning","Undo+1","Go for the Eyes+1","Echo Form","Beam Cell+1","Compile Driver+1","BootSequence+1","Lockon+1","Skim"],"relics":["Nuclear Battery","Omamori","Ginger","Molten Egg 2","HornCleat","Bronze Scales","Bag of Preparation","Pandora\u0027s Box","Mango","Sling","Bottled Flame","Pocketwatch","Sundial","Inserter","Runic Capacitor","Question Card","Calipers","Unceasing Top"],"acts_visited":["Exordium","TheCity","TheBeyond"],"potions_floor_usage":[11,16,33,50],"damage_taken":[{"damage":0,"enemies":"Cultist","floor":1,"turns":4},{"damage":12,"enemies":"2 Louse","floor":4,"turns":3},{"damage":8,"enemies":"Jaw Worm","floor":5,"turns":6},{"damage":24,"enemies":"Gremlin Nob","floor":6,"turns":5},{"damage":13,"enemies":"3 Sentries","floor":8,"turns":7},{"damage":18,"enemies":"Lagavulin","floor":11,"turns":5},{"damage":0,"enemies":"Large Slime","floor":13,"turns":3},{"damage":4,"enemies":"3 Sentries","floor":14,"turns":6},{"damage":0,"enemies":"Slime Boss","floor":16,"turns":6},{"damage":0,"enemies":"3 Byrds","floor":18,"turns":4},{"damage":0,"enemies":"Chosen","floor":21,"turns":4},{"damage":11,"enemies":"Book of Stabbing","floor":24,"turns":5},{"damage":0,"enemies":"Gremlin Leader","floor":28,"turns":3},{"damage":0,"enemies":"Centurion and Healer","floor":29,"turns":3},{"damage":16,"enemies":"Book of Stabbing","floor":30,"turns":5},{"damage":22,"enemies":"Snake Plant","floor":31,"turns":4},{"damage":2,"enemies":"Collector","floor":33,"turns":6},{"damage":17,"enemies":"3 Darklings","floor":35,"turns":6},{"damage":4,"enemies":"Orb Walker","floor":36,"turns":3},{"damage":26,"enemies":"Sphere and 2 Shapes","floor":39,"turns":5},{"damage":0,"enemies":"Nemesis","floor":41,"turns":5},{"damage":9,"enemies":"Writhing Mass","floor":45,"turns":4},{"damage":0,"enemies":"Maw","floor":46,"turns":6},{"damage":0,"enemies":"Mind Bloom Boss Battle","floor":48,"turns":5},{"damage":0,"enemies":"Awakened One","floor":50,"turns":10}],"seed_played":"575579181669194793","potions_obtained":[{"floor":1,"key":"SpeedPotion"},{"floor":4,"key":"FocusPotion"},{"floor":8,"key":"FairyPotion"},{"floor":13,"key":"Strength Potion"},{"floor":14,"key":"Swift Potion"},{"floor":16,"key":"Explosive Potion"},{"floor":20,"key":"LiquidBronze"},{"floor":20,"key":"EntropicBrew"},{"floor":33,"key":"SneckoOil"},{"floor":36,"key":"FocusPotion"}],"is_trial":false,"path_per_floor":["M","T","?","M","M","E","R","E","T","R","E","$","M","E","R","B",null,"M","?","?","M","?","R","E","$","T","R","E","M","E","M","R","B",null,"M","M","$","?","M","R","E","R","T","$","M","M","R","?","R","B",null],"character_chosen":"DEFECT","items_purchased":["Capacitor","Recycle","Sling","Runic Capacitor"],"campfire_rested":3,"item_purchase_floors":[12,12,25,37],"current_hp_per_floor":[75,75,75,63,55,31,31,18,18,40,22,22,22,18,40,40,75,75,75,75,75,75,75,78,78,78,78,78,78,62,40,40,38,89,72,68,68,99,73,73,73,73,73,73,64,64,64,64,93,93],"gold":198,"neow_bonus":"BOSS_RELIC","is_daily":false,"chose_seed":false,"campfire_upgraded":7,"win_rate":0.0,"timestamp":1610049441,"path_taken":["M","?","?","M","?","E","R","E","T","R","E","$","M","E","R","BOSS","M","?","?","?","?","R","E","$","T","R","E","?","E","M","R","BOSS","M","M","$","?","M","R","E","R","T","$","?","M","R","?","R","BOSS"],"items_purchased_type":["Card","Card","Relic","Relic"],"build_version":"2020-12-22","purchased_purges":2,"victory":true,"max_hp_per_floor":[75,75,75,75,75,75,75,75,75,75,75,75,75,75,75,75,75,75,75,75,75,75,75,89,89,89,89,89,89,89,89,89,89,89,89,89,89,99,99,99,99,99,99,99,99,99,99,99,99,99],"relic_stats":{"Inserter":[16],"counters":[25,123],"Sundial":[4],"Bronze Scales":[320],"Pandora\u0027s Box":["Chaos","Auto Shields","Darkness","Defragment","Fusion","Cold Snap","Double Energy"],"Bag of Preparation":[34],"Ginger":[13],"Question Card":3,"obtain_stats":[{"Inserter":34,"Calipers":43,"Mango":24,"Omamori":2,"Bag of Preparation":14,"Runic Capacitor":37,"Ginger":6,"Sling":25,"Question Card":41,"Nuclear Battery":0,"Bottled Flame":26,"HornCleat":9,"Sundial":30,"Bronze Scales":11,"Molten Egg 2":8,"Pandora\u0027s Box":17,"Cracked Core":0,"Unceasing Top":48,"Pocketwatch":28},{"Inserter":17,"Calipers":21,"Mango":12,"Omamori":1,"Bag of Preparation":8,"Runic Capacitor":19,"Ginger":4,"Sling":12,"Question Card":21,"Nuclear Battery":0,"Bottled Flame":12,"HornCleat":5,"Sundial":15,"Bronze Scales":6,"Molten Egg 2":5,"Pandora\u0027s Box":9,"Cracked Core":0,"Unceasing Top":24,"Pocketwatch":13},{"Inserter":79,"Calipers":98,"Mango":58,"Omamori":4,"Bag of Preparation":39,"Runic Capacitor":88,"Ginger":18,"Sling":58,"Question Card":98,"Nuclear Battery":0,"Bottled Flame":58,"HornCleat":25,"Sundial":69,"Bronze Scales":30,"Molten Egg 2":25,"Pandora\u0027s Box":45,"Cracked Core":0,"Unceasing Top":113,"Pocketwatch":61}],"Unceasing Top":[0],"Pocketwatch":[21]},"card_choices":[{"not_picked":["Chill","Recycle"],"picked":"Genetic Algorithm","floor":1},{"not_picked":["Chill","Recycle"],"picked":"Genetic Algorithm","floor":1},{"not_picked":["Hologram","Steam"],"picked":"Glacier","floor":4},{"not_picked":["Beam Cell","White Noise"],"picked":"Ball Lightning","floor":5},{"not_picked":["Turbo","Reprogram"],"picked":"Seek","floor":6},{"not_picked":["Genetic Algorithm","Static Discharge"],"picked":"Barrage+1","floor":8},{"not_picked":["Gash+1","Sunder+1"],"picked":"Core Surge+1","floor":11},{"not_picked":["Steam","Streamline+1"],"picked":"Compile Driver+1","floor":13},{"not_picked":["Compile Driver+1","Thunder Strike+1"],"picked":"Sunder+1","floor":14},{"not_picked":["Amplify","Reboot"],"picked":"Rainbow","floor":16},{"not_picked":["Sweeping Beam+1","Genetic Algorithm+1"],"picked":"Hologram","floor":18},{"not_picked":["Stack+1","Turbo+1"],"picked":"Redo+1","floor":21},{"not_picked":["Steam Power","Rip and Tear+1"],"picked":"Barrage+1","floor":24},{"not_picked":["Cold Snap+1","Gash+1"],"picked":"Machine Learning","floor":28},{"not_picked":["Redo","Hello World"],"picked":"Undo+1","floor":29},{"not_picked":["Reprogram","Consume","Leap"],"picked":"SKIP","floor":30},{"not_picked":["Steam","Barrage+1"],"picked":"Go for the Eyes+1","floor":31},{"not_picked":["Amplify","Thunder Strike+1"],"picked":"Echo Form","floor":33},{"not_picked":["Sunder+1","Steam+1"],"picked":"Beam Cell+1","floor":35},{"not_picked":["Gash+1","Go for the Eyes+1"],"picked":"Compile Driver+1","floor":36},{"not_picked":["Hologram","Redo","Go for the Eyes+1"],"picked":"SKIP","floor":39},{"not_picked":["Stack","Coolheaded"],"picked":"BootSequence+1","floor":41},{"not_picked":["Rebound+1","Blizzard+1","Scrape+1"],"picked":"Lockon+1","floor":45},{"not_picked":["Go for the Eyes+1","Aggregate","Coolheaded"],"picked":"Skim","floor":46}],"player_experience":333430,"relics_obtained":[{"floor":2,"key":"Omamori"},{"floor":6,"key":"Ginger"},{"floor":8,"key":"Molten Egg 2"},{"floor":9,"key":"HornCleat"},{"floor":11,"key":"Bronze Scales"},{"floor":14,"key":"Bag of Preparation"},{"floor":24,"key":"Mango"},{"floor":26,"key":"Bottled Flame"},{"floor":28,"key":"Pocketwatch"},{"floor":30,"key":"Sundial"},{"floor":41,"key":"Question Card"},{"floor":43,"key":"Calipers"},{"floor":48,"key":"Unceasing Top"}],"event_choices":[{"damage_healed":0,"gold_gain":0,"player_choice":"Grow","damage_taken":0,"max_hp_gain":0,"max_hp_loss":0,"event_name":"Living Wall","floor":3,"gold_loss":0,"cards_upgraded":["Genetic Algorithm"]},{"damage_healed":0,"gold_gain":0,"player_choice":"Read","damage_taken":0,"max_hp_gain":0,"max_hp_loss":0,"event_name":"The Library","floor":19,"gold_loss":0,"cards_obtained":["Capacitor"]},{"damage_healed":0,"gold_gain":0,"player_choice":"Got Potions","damage_taken":0,"max_hp_gain":0,"max_hp_loss":0,"event_name":"Lab","floor":20,"gold_loss":0},{"damage_healed":0,"gold_gain":0,"player_choice":"1 cards matched","damage_taken":0,"max_hp_gain":0,"max_hp_loss":0,"event_name":"Match and Keep!","floor":22,"gold_loss":0,"cards_obtained":["Zap"]},{"cards_removed":["Rainbow"],"damage_healed":21,"gold_gain":0,"player_choice":"Offered Rare","damage_taken":0,"max_hp_gain":10,"max_hp_loss":0,"event_name":"Bonfire Elementals","floor":38,"gold_loss":0},{"damage_healed":0,"gold_gain":0,"player_choice":"Fight","damage_taken":0,"max_hp_gain":0,"max_hp_loss":0,"event_name":"MindBloom","floor":48,"gold_loss":0}],"is_beta":false,"boss_relics":[{"not_picked":["Sozu","Cursed Key"],"picked":"Pandora\u0027s Box"},{"not_picked":["SlaversCollar","Astrolabe"],"picked":"Inserter"}],"items_purged_floors":[12,37],"is_endless":false,"potions_floor_spawned":[1,4,8,13,14,16,21,30,33,36,41,45,46,48],"ascension_level":2}}