{"host":"93mson5lmjgzj0ai","time":1610042545,"event":{"mods":["AchievementEnabler","BaseMod","Conspire","Hubris","Infinite Spire","Minty Spire (QoL Compilation)","Shop Mod","StSLib","SuperFastMode","The Construct"],"gold_per_floor":[114,114,114,114,13,38,55,74,74,103,121,121,121,21,21,126,126,146,245,245,267,299,22,22,22,22,22,41,65,83,117,117,229,229,252,252,252,271,273,311,311,324,324,354,354,354,372,386,386,390],"floor_reached":51,"playtime":943,"items_purged":["Pain","Defend_R","Defend_R","Defend_R"],"score":958,"play_id":"22249bba-2ab9-426d-8817-ababac08653c","local_time":"20210107190225","is_ascension_mode":false,"campfire_choices":[{"data":"infinitespire:OneForAll","floor":13.0,"key":"SMITH"},{"data":"Bash","floor":15.0,"key":"SMITH"},{"data":"Perfected Strike","floor":24,"key":"SMITH"},{"floor":27,"key":"REST"},{"floor":32,"key":"REST"},{"floor":41,"key":"REST"},{"data":"Pommel Strike","floor":46,"key":"SMITH"},{"floor":49,"key":"REST"}],"circlet_count":0,"master_deck":["Strike_R","Strike_R","Strike_R","Strike_R","Strike_R","Bash+1","Anger","Perfected Strike+1","Bloodletting","Thunderclap","infinitespire:OneForAll+1","Pommel Strike+1","Dropkick+1","Offering","infinitespire:FutureSight","Headbutt+1","Pommel Strike"],"relics":["PureWater","NeowsBlessing","infinitespire:Cubic Diamond","construct:FoamFinger","WarpedTongs","Red Skull","infinitespire:Midas Blood","Sundial","infinitespire:Golems Mask","Black Star","MutagenicStrength","Red Mask","hubris:ChampionShield","infinitespire:CursedDice","MealTicket","Meat on the Bone","hubris:Backtick","Gremlin Horn","conspire:SpecialSausage","infinitespire:Bottled Soul","Pen Nib","Kunai","hubris:DeckOfHolding","Bronze Scales","Lantern"],"acts_visited":["Exordium","TheCity","TheBeyond"],"potions_floor_usage":[33,33,33,40,50],"damage_taken":[{"damage":0.0,"enemies":"2 Louse","floor":1.0,"turns":1.0},{"damage":0.0,"enemies":"3 Sentries","floor":6.0,"turns":2.0},{"damage":0.0,"enemies":"conspire:RoseBush","floor":7.0,"turns":1.0},{"damage":0.0,"enemies":"Cultist","floor":8.0,"turns":2.0},{"damage":3.0,"enemies":"Gremlin Nob","floor":10.0,"turns":2.0},{"damage":3.0,"enemies":"Exordium Wildlife","floor":11.0,"turns":2.0},{"damage":3.0,"enemies":"Slime Boss","floor":16.0,"turns":4.0},{"damage":18.0,"enemies":"2 Thieves","floor":18.0,"turns":3.0},{"damage":18.0,"enemies":"Shell Parasite","floor":21.0,"turns":3.0},{"damage":3.0,"enemies":"Masked Bandits","floor":22.0,"turns":2.0},{"damage":3,"enemies":"Cultist and Chosen","floor":28,"turns":3},{"damage":12,"enemies":"3 Cultists","floor":29,"turns":4},{"damage":13,"enemies":"Snecko","floor":30,"turns":3},{"damage":13,"enemies":"conspire:Head Lice","floor":31,"turns":3},{"damage":24,"enemies":"Automaton","floor":33,"turns":6},{"damage":9,"enemies":"3 Shapes","floor":35,"turns":2},{"damage":3,"enemies":"Orb Walker","floor":38,"turns":1},{"damage":48,"enemies":"Nemesis","floor":40,"turns":3},{"damage":6,"enemies":"Maw","floor":42,"turns":2},{"damage":6,"enemies":"Reptomancer","floor":44,"turns":2},{"damage":6,"enemies":"3 Darklings","floor":47,"turns":1},{"damage":0,"enemies":"Jaw Worm Horde","floor":48,"turns":1},{"damage":27,"enemies":"Time Eater","floor":50,"turns":2}],"seed_played":"-6625734006284288715","potions_obtained":[{"floor":6.0,"key":"DuplicationPotion"},{"floor":7.0,"key":"DistilledChaos"},{"floor":10.0,"key":"PowerPotion"},{"floor":18.0,"key":"Strength Potion"},{"floor":28,"key":"EssenceOfSteel"},{"floor":29,"key":"Dexterity Potion"},{"floor":35,"key":"FearPotion"},{"floor":38,"key":"Swift Potion"},{"floor":47,"key":"Weak Potion"}],"is_trial":false,"path_per_floor":["M","?","?","?","$","E","M","M","T","E","M","T","R","$","R","B",null,"M","?","?","M","?","$","R","?","T","R","M","M","M","E","R","B",null,"M","?","AVR","M","?","E","R","M","T","E","?","R","M","M","R","B",null],"character_chosen":"IRONCLAD","items_purchased":["Anger","hubris:ChampionShield"],"campfire_rested":4,"item_purchase_floors":[5,23],"current_hp_per_floor":[80,80,80,80,80,80,80,80,80,77,74,74,74,74,74,71,80,62,62,62,44,41,41,41,41,41,65,62,50,37,24,48,36,80,71,71,71,68,49,13,37,43,43,49,49,49,43,43,67,52],"gold":390,"neow_bonus":"THREE_ENEMY_KILL","is_daily":false,"chose_seed":false,"campfire_upgraded":4,"win_rate":0.0,"timestamp":1610042545,"path_taken":["M","?","?","?","$","E","M","M","T","E","?","?","R","?","R","BOSS","M","?","?","M","?","?","R","?","T","R","M","M","M","E","R","BOSS","M","?","AVR","?","?","E","R","M","T","E","?","R","M","M","R","BOSS"],"items_purchased_type":["Card","Relic"],"build_version":"2020-12-22","purchased_purges":4,"victory":true,"max_hp_per_floor":[80,80,80,80,80,80,80,80,80,80,80,80,80,80,80,80,80,80,80,80,80,80,80,80,80,80,80,80,80,80,80,80,80,80,80,80,80,80,80,80,80,80,80,80,80,80,80,80,80,80],"card_choices":[{"not_picked":["Flex","Infernal Blade","Flame Barrier"],"picked":"SKIP","floor":1.0},{"not_picked":["Dark Embrace","Intimidate"],"picked":"Perfected Strike","floor":6.0},{"not_picked":["Hemokinesis","Clothesline"],"picked":"Bloodletting","floor":7.0},{"not_picked":["Sword Boomerang","Reckless Charge"],"picked":"Thunderclap","floor":8.0},{"not_picked":["Second Wind","Twin Strike"],"picked":"infinitespire:OneForAll","floor":10.0},{"not_picked":["Burning Pact","Pommel Strike","Power Through"],"picked":"SKIP","floor":11.0},{"not_picked":["Dropkick","Body Slam","Cleave"],"picked":"SKIP","floor":18.0},{"not_picked":["Anger","Rampage","Metallicize"],"picked":"SKIP","floor":21.0},{"not_picked":["Shrug It Off","Twin Strike"],"picked":"Pommel Strike","floor":28},{"not_picked":["Bludgeon","Reckless Charge","Iron Wave"],"picked":"SKIP","floor":29},{"not_picked":["Twin Strike","Pommel Strike","Perfected Strike"],"picked":"SKIP","floor":30},{"not_picked":["Ghostly Armor","True Grit+1"],"picked":"Dropkick+1","floor":31},{"not_picked":["Corruption","Juggernaut"],"picked":"Offering","floor":33},{"not_picked":["True Grit+1","Body Slam","Twin Strike"],"picked":"SKIP","floor":35},{"not_picked":["hubris:CleavingFinish+1","Perfected Strike+1","Shrug It Off"],"picked":"SKIP","floor":38},{"not_picked":["infinitespire:Menacing","infinitespire:Punishment"],"picked":"infinitespire:FutureSight","floor":39},{"not_picked":["Clash","Infernal Blade","Flex"],"picked":"SKIP","floor":40},{"not_picked":["Seeing Red","True Grit"],"picked":"Headbutt+1","floor":42},{"not_picked":["Iron Wave","conspire:Charge+1","Thunderclap+1"],"picked":"SKIP","floor":44},{"not_picked":["Pommel Strike","Dark Embrace+1","Clothesline+1"],"picked":"SKIP","floor":47},{"not_picked":["Second Wind+1","Pommel Strike","Sword Boomerang+1"],"picked":"SKIP","floor":48},{"not_picked":["Second Wind+1","Sword Boomerang+1"],"picked":"Pommel Strike","floor":48}],"player_experience":7449,"relics_obtained":[{"floor":3.0,"key":"construct:FoamFinger"},{"floor":6.0,"key":"Red Skull"},{"floor":9.0,"key":"infinitespire:Midas Blood"},{"floor":10.0,"key":"Sundial"},{"floor":12.0,"key":"infinitespire:Golems Mask"},{"floor":22.0,"key":"Red Mask"},{"floor":26,"key":"infinitespire:CursedDice"},{"floor":31,"key":"MealTicket"},{"floor":31,"key":"Meat on the Bone"},{"floor":40,"key":"Pen Nib"},{"floor":40,"key":"Kunai"},{"floor":43,"key":"hubris:DeckOfHolding"},{"floor":44,"key":"Bronze Scales"},{"floor":44,"key":"Lantern"}],"event_choices":[{"damage_healed":0.0,"max_hp_gain":0.0,"max_hp_loss":0.0,"gold_gain":0.0,"event_name":"Accursed Blacksmith","player_choice":"Rummage","floor":4.0,"gold_loss":0.0,"damage_taken":0.0,"relics_obtained":["WarpedTongs"],"cards_obtained":["Pain"]},{"damage_healed":0.0,"max_hp_gain":0.0,"max_hp_loss":0.0,"gold_gain":99.0,"event_name":"Nest","player_choice":"Stole From Cult","floor":19.0,"gold_loss":0.0,"damage_taken":0.0},{"damage_healed":0.0,"max_hp_gain":0.0,"max_hp_loss":0.0,"gold_gain":0.0,"event_name":"Drug Dealer","player_choice":"Inject Mutagens","floor":20.0,"gold_loss":0.0,"damage_taken":0.0,"relics_obtained":["MutagenicStrength"]},{"damage_healed":0.0,"max_hp_gain":0.0,"max_hp_loss":0.0,"gold_gain":0.0,"event_name":"Masked Bandits","player_choice":"Fought Bandits","floor":22.0,"gold_loss":0.0,"damage_taken":0.0},{"damage_healed":0,"gold_gain":0,"player_choice":"Ignored","damage_taken":0,"max_hp_gain":0,"max_hp_loss":0,"event_name":"Vampires","floor":25,"gold_loss":0},{"cards_removed":["Defend_R"],"damage_healed":0,"gold_gain":0,"player_choice":"Offered Basic","damage_taken":0,"max_hp_gain":0,"max_hp_loss":0,"event_name":"Bonfire Elementals","floor":36,"gold_loss":0},{"damage_healed":0,"gold_gain":0,"player_choice":"Leave","damage_taken":0,"max_hp_gain":0,"max_hp_loss":0,"event_name":"conspire:Investor","floor":45,"gold_loss":0}],"is_beta":false,"boss_relics":[{"not_picked":["hubris:HollowSoul","hubris:VirtuousBlindfold"],"picked":"Black Star"},{"not_picked":["infinitespire:Cupcake","conspire:RoyalGoblet"],"picked":"hubris:Backtick"}],"items_purged_floors":[5,14,23,37],"is_endless":false,"potions_floor_spawned":[6,7,10,18,28,29,35,38,47],"ascension_level":0}}