{"host":"2zwkzbbohfglxxlo","time":1610057585,"event":{"mods":["Act Like it!","BaseMod","BetterRewards","Colored Powertips","Conspire","GifTheSpireLib","Hermit","Hubris","Infinite Spire","Minty Spire (QoL Compilation)","Quick Restart","Relic Stats","Replay The Spire","StSLib","The Cursed","The Mystic","The Necromancer","The Runesmith","The Servant 0.9.4","Wandering Minibosses"],"gold_per_floor":[119,130,148,148,20,20,54,54,54,54,54,54,73,97,97,216,216,239,239,255,273,273,309,309,309],"floor_reached":24,"playtime":628,"items_purged":[],"score":227,"play_id":"8024abf8-ca30-4c21-a7a2-98621d2b2860","local_time":"20210107151305","is_ascension_mode":true,"campfire_choices":[{"data":"Loop","floor":6,"key":"SMITH"},{"floor":8,"key":"REST"}],"circlet_count":0,"master_deck":["Strike_B","Strike_B","Strike_B","Strike_B","Defend_B","Defend_B","Defend_B","Defend_B","Zap","Dualcast","Rip and Tear","Ball Lightning","Streamline","Loop+1","Gash","Reprogram","ReplayGash+1","Rainbow","Heatsinks","Genetic Algorithm","Gash","Double Energy+1"],"relics":["Cracked Core","NeowsBlessing","Golden Idol","Replay:WaspNest","Chameleon Ring","Replay:Baseball","Runic Pyramid","Ring of Misfortune","Ring of Fury","Blood Vial"],"acts_visited":["Exordium","TheCity"],"potions_floor_usage":[7,13,16,18,23],"damage_taken":[{"damage":0,"enemies":"Cultist","floor":1,"turns":1},{"damage":0,"enemies":"Small Slimes","floor":2,"turns":1},{"damage":0,"enemies":"2 Louse","floor":3,"turns":1},{"damage":22,"enemies":"3 Sentries","floor":7,"turns":4},{"damage":5,"enemies":"Large Slime","floor":13,"turns":3},{"damage":25,"enemies":"Exordium Thugs","floor":14,"turns":3},{"damage":39,"enemies":"Hexaghost","floor":16,"turns":6},{"damage":10,"enemies":"Spheric Guardian","floor":18,"turns":3},{"damage":40,"enemies":"2 Thieves","floor":20,"turns":5},{"damage":39,"enemies":"Centurion and Healer","floor":21,"turns":7},{"damage":10,"enemies":"Replay:Snechameleon","floor":23,"turns":7},{"damage":20,"enemies":"Snake Plant","floor":24,"turns":2}],"seed_played":"-3103184607292850869","potions_obtained":[{"floor":3,"key":"Adrenaline Potion"},{"floor":10,"key":"Elixir"},{"floor":10,"key":"Reflective Coating"},{"floor":12,"key":"FairyPotion"},{"floor":12,"key":"Regen Potion"},{"floor":12,"key":"AttackPotion"},{"floor":13,"key":"Venom Potion"},{"floor":14,"key":"Ancient Potion"},{"floor":16,"key":"AttackPotion"},{"floor":18,"key":"Ancient Potion"},{"floor":21,"key":"Languid Potion"}],"is_trial":false,"path_per_floor":["M","M","M","?","$","R","E","R","T","R","?","?","M","M","R","B",null,"M","?","M","M","?","E","M"],"character_chosen":"DEFECT","items_purchased":["Loop","Gash"],"campfire_rested":1,"item_purchase_floors":[5,5],"current_hp_per_floor":[75,75,75,57,57,57,35,57,57,57,57,57,52,27,49,10,75,65,65,25,26,26,16,0,0],"gold":309,"neow_bonus":"THREE_ENEMY_KILL","is_daily":false,"chose_seed":false,"campfire_upgraded":1,"win_rate":0.0,"timestamp":1610057585,"path_taken":["M","?","M","?","$","R","E","R","T","R","?","?","M","?","R","BOSS","M","?","?","M","?","E","M"],"items_purchased_type":["Card","Card"],"build_version":"2020-12-22","purchased_purges":0,"victory":false,"max_hp_per_floor":[75,75,75,75,75,75,75,75,75,75,75,75,75,75,75,75,75,75,75,75,75,75,75,75,75],"relic_stats":{"Blood Vial":2,"counters":[12,42],"Golden Idol":59,"obtain_stats":[{"Blood Vial":23,"Replay:Baseball":11,"Chameleon Ring":9,"NeowsBlessing":0,"Golden Idol":4,"Ring of Misfortune":22,"Ring of Fury":22,"Replay:WaspNest":7,"Cracked Core":0,"Runic Pyramid":17},{"Blood Vial":11,"Replay:Baseball":4,"Chameleon Ring":4,"NeowsBlessing":0,"Golden Idol":3,"Ring of Misfortune":10,"Ring of Fury":10,"Replay:WaspNest":4,"Cracked Core":0,"Runic Pyramid":7},{"Blood Vial":40,"Replay:Baseball":7,"Chameleon Ring":7,"NeowsBlessing":0,"Golden Idol":3,"Ring of Misfortune":33,"Ring of Fury":33,"Replay:WaspNest":7,"Cracked Core":0,"Runic Pyramid":19}]},"card_choices":[{"not_picked":["Sweeping Beam","Barrage"],"picked":"Rip and Tear","floor":1},{"not_picked":["Rip and Tear","Go for the Eyes"],"picked":"Ball Lightning","floor":2},{"not_picked":["Steam","Turbo"],"picked":"Streamline","floor":3},{"not_picked":["Stack","Sweeping Beam"],"picked":"Reprogram","floor":7},{"not_picked":["Stack","Turbo","Undo"],"picked":"SKIP","floor":13},{"not_picked":["ReplayTheSpireMod:Reroute Power","Tempest"],"picked":"ReplayGash","floor":14},{"not_picked":["hubris:SpecializedCircuitry","Biased Cognition"],"picked":"Rainbow","floor":16},{"not_picked":["Tempest","Sunder"],"picked":"Heatsinks","floor":18},{"not_picked":["Conserve Battery","Go for the Eyes"],"picked":"Gash","floor":20},{"not_picked":["Hologram","Beam Cell+1"],"picked":"Double Energy+1","floor":21},{"not_picked":["Stack","Meteor Strike","Hyperbeam"],"picked":"SKIP","floor":23}],"player_experience":573400,"relics_obtained":[{"floor":7,"key":"Replay:WaspNest"},{"floor":9,"key":"Chameleon Ring"},{"floor":11,"key":"Replay:Baseball"},{"floor":22,"key":"Ring of Misfortune"},{"floor":22,"key":"Ring of Fury"},{"floor":23,"key":"Blood Vial"}],"event_choices":[{"damage_healed":0,"gold_gain":0,"player_choice":"Take Damage","damage_taken":18,"relics_obtained":["Golden Idol"],"max_hp_gain":0,"max_hp_loss":0,"event_name":"Golden Idol","floor":4,"gold_loss":0},{"damage_healed":0,"gold_gain":0,"player_choice":"Got Potions","damage_taken":0,"max_hp_gain":0,"max_hp_loss":0,"event_name":"Lab","floor":12,"gold_loss":0},{"damage_healed":0,"gold_gain":0,"player_choice":"Read","damage_taken":0,"max_hp_gain":0,"max_hp_loss":0,"event_name":"The Library","floor":19,"gold_loss":0,"cards_obtained":["Genetic Algorithm"]}],"is_beta":false,"boss_relics":[{"not_picked":["Honey Jar","Replay:Drink Me"],"picked":"Runic Pyramid"}],"items_purged_floors":[],"is_endless":false,"potions_floor_spawned":[3,13,14,16,18,21],"killed_by":"Snake Plant","ascension_level":1}}