{"host":"w5vfr18i2ft1pzo2","time":1610033621,"event":{"mods":["Act Like it!","Aspiration","BaseMod","Better Third Choice","BetterRewards","Colored Map","Colored Powertips","Conspire","Curses Come First","DNKmod","Defuse TimeMaze Blight","Dota2Spire","Elementarium","Energized Spire","Evolution","Force Act Four","Friendly Minions","Gensokyo","GifTheSpireLib","Gold Saver","GungeonMod","Halation","Hallownest","Hubris","Hyrulean Relics","Infinite Spire","Jedi Mod","Marisa????????","Minty Spire (QoL Compilation)","MostiFishMod","Prisma Mod","Remilia??????","Replay The Spire","SacredBarkPlus","Small Relic Pack","Spicy Shops","Spikes Relics","StSLib","Stuff the Spire","SuperFastMode","Synergy Search","The Blue Laboratory","The Servant 0.9.4","Trackpad","Treasure Hunter","Uncapped","Wandering Minibosses","Yakumo Yukari mod","noobMod","vexMod","??????REMEMod"],"gold_per_floor":[534,550,520,530,563,563,663,691,716,716,748,761,791,801,801,872,872,890,890,921,936,118,143,143,173,173,201,222,253,253,253,253,325,325,337,337,350,360,376,402,402,431,431,457,477,497,524,541,541,543,543,543,393,426,427],"floor_reached":56,"playtime":1965,"items_purged":["Defend_P"],"score":2566,"play_id":"105e650f-b866-4463-82b7-07b994431a1a","local_time":"20210107233341","is_ascension_mode":true,"campfire_choices":[{"floor":6.0,"key":"RECALL"},{"data":"Eruption","floor":10.0,"key":"SMITH"},{"data":"MostiFishMod:Mottled","floor":30,"key":"SMITH"},{"data":"MostiFishMod:Mottled+1","floor":32,"key":"SMITH"},{"data":"MostiFishMod:Mottled+2","floor":41,"key":"SMITH"},{"data":"Strike_P","floor":49,"key":"PURGE"},{"data":"hubris:Fate","floor":52,"key":"SMITH"}],"circlet_count":0,"master_deck":["AscendersBane","Strike_P","Strike_P+1","Defend_P+1","Defend_P","Eruption+1","Vigilance","MostiFishMod:FrostNova+1","MostiFishMod:WinterMarkForm+1","jedi:forcepull","MostiFishMod:Nomercy","Consecrate","CutThroughFate","TH:DeckOfManyThings","TalkToTheHand+1","TH:TreasureMap","TH:DeckOfManyThings+1","InnerPeace","Weave","TH:DeckOfManyThings+1","TH:BikiniMail","Scrawl+1","MostiFishMod:PathToVictory","Shallow_ocean_purpleEX","ReachHeaven","MostiFishMod:Mottled+3","MentalFortress","TH:CursedSword","DemoMod:Unmoved","StuffTheSpire:Deluminance","StuffTheSpire:Deluminance","StuffTheSpire:Deluminance","StuffTheSpire:Deluminance","StuffTheSpire:Deluminance","TH:DeckOfManyThings","CutThroughFate","TH:CopperCoins","TH:DeckOfManyThings","MostiFishMod:ButterFly","UnderTheZenith","hubris:Fate+1","TH:CursedSword","MysteriousBeam","TH:Mimic","PrismaMod:IllyaInstallAlterEgo","Scrawl","PlatinumSkin","Stack+1","DemoMod:GunstockTap","TH:DeckOfManyThings","TH:DeckOfManyThings","TH:CursedSword","TH:TreasureMap","PrismaMod:IllyaCarnivalOrbs","TH:CopperCoins","Maim+1","DemoMod:DirectionalPad","TH:TreasureMap","PrismaMod:MiyuUncommonStrBuff"],"relics":["PureWater","EVO:Axolotl","DaveBox","ice","REME_ComplimentaryCards","SynthV:TestCard","FrostBlade","Potion Belt","StuffTheSpire:HeavyRock","Mirror","Dota2Spire:PowerTreads","vexMod:ImprovementManual","PrismaticShard","infinitespire:Broken Mirror","Dota2Spire:Butterfly","StuffTheSpire:BlackoutCurse","Dota2Spire:ArmletOfMordiggian","ZombieTooth","Matryoshka","halation:Pancakes","infinitespire:Lucky Rock","conspire:SpecialSausage","wanderingMiniBosses:Inkheart","Bronze Scales","halation:LettersToHer","halation:WeightlessCrab","halation:AfternoonTea","hubris:PeanutButter","vexMod:PaidLearning","DemoMod:GlassGuonStoneRelic","aspiration:HiddenCompartment"],"acts_visited":["Exordium","TheCity","TheBeyond","TheEnding"],"potions_floor_usage":[25,25,27,27,28,28,38,44],"damage_taken":[{"damage":0.0,"enemies":"Small Slimes","floor":1.0,"turns":2.0},{"damage":0.0,"enemies":"Cultist","floor":2.0,"turns":2.0},{"damage":0.0,"enemies":"2 Louse","floor":4.0,"turns":1.0},{"damage":0.0,"enemies":"Exordium Thugs","floor":5.0,"turns":3.0},{"damage":0.0,"enemies":"3 Sentries","floor":8.0,"turns":3.0},{"damage":0.0,"enemies":"Gremlin Nob","floor":11.0,"turns":1.0},{"damage":0.0,"enemies":"Exordium Thugs","floor":12.0,"turns":3.0},{"damage":0.0,"enemies":"3 Sentries","floor":13.0,"turns":2.0},{"damage":0.0,"enemies":"3 Louse","floor":14.0,"turns":2.0},{"damage":0.0,"enemies":"Slime Boss","floor":16.0,"turns":2.0},{"damage":0.0,"enemies":"Shell Parasite","floor":18.0,"turns":3.0},{"damage":14.0,"enemies":"conspire:MimicChest","floor":20.0,"turns":7.0},{"damage":0.0,"enemies":"2 Thieves","floor":21.0,"turns":1.0},{"damage":0.0,"enemies":"Book of Stabbing","floor":23.0,"turns":2.0},{"damage":10,"enemies":"Slavers","floor":25,"turns":3},{"damage":0,"enemies":"conspire:SneckoGhost","floor":27,"turns":2},{"damage":21,"enemies":"Snake Plant","floor":28,"turns":3},{"damage":59,"enemies":"Nightmare","floor":29,"turns":6},{"damage":15,"enemies":"Champ","floor":33,"turns":4},{"damage":26,"enemies":"3 Darklings","floor":35,"turns":4},{"damage":0,"enemies":"Orb Walker","floor":37,"turns":1},{"damage":12,"enemies":"Writhing Mass","floor":38,"turns":4},{"damage":1,"enemies":"Maw","floor":39,"turns":3},{"damage":0,"enemies":"Nemesis","floor":40,"turns":1},{"damage":0,"enemies":"R_Hoarder","floor":42,"turns":3},{"damage":0,"enemies":"Nemesis","floor":44,"turns":2},{"damage":4,"enemies":"Sphere and 2 Shapes","floor":45,"turns":2},{"damage":0,"enemies":"Spire Growth","floor":46,"turns":2},{"damage":1,"enemies":"Reptomancer","floor":47,"turns":3},{"damage":0,"enemies":"3 Darklings","floor":48,"turns":2},{"damage":73,"enemies":"infinitespire:MassOfShapes","floor":50,"turns":3},{"damage":0,"enemies":"Shield and Spear","floor":54,"turns":2},{"damage":0,"enemies":"The Heart","floor":55,"turns":2}],"seed_played":"1418077341547880329","potions_obtained":[{"floor":3.0,"key":"blueLaboratory:SavagePotion"},{"floor":3.0,"key":"blueLaboratory:FrostheartPotion"},{"floor":4.0,"key":"AttackPotion"},{"floor":8.0,"key":"Weak Potion"},{"floor":12.0,"key":"LiquidMemories"},{"floor":13.0,"key":"Explosive Potion"},{"floor":14.0,"key":"blueLaboratory:ImpenetrablePotion"},{"floor":20.0,"key":"EssenceOfSteel"},{"floor":23.0,"key":"blueLaboratory:SavagePotion"},{"floor":25,"key":"AttackPotion"},{"floor":28,"key":"SpeedPotion"},{"floor":35,"key":"PowerPotion"},{"floor":39,"key":"Languid Potion"},{"floor":40,"key":"Energy Potion"},{"floor":47,"key":"LifebloodPotion"}],"is_trial":false,"path_per_floor":["M","M","?","M","?","R","?","E","T","R","E","M","E","M","R_BF","B",null,"M","?","?","M","$","E","?","E","T","E","M","NM","R","?","R","B",null,"M","?","M","M","M","E","R","E","T","E","M","M","E","M","R_BF","B",null,"R","$","E","B",null],"character_chosen":"WATCHER","items_purchased":["ReachHeaven","MostiFishMod:Mottled","MentalFortress","Adrenaline Potion","vexMod:PaidLearning"],"campfire_rested":0,"item_purchase_floors":[22,22,22,22,53],"current_hp_per_floor":[61,61,61,61,61,61,61,61,61,61,61,61,61,61,68,68,68,68,60,46,46,46,46,46,36,36,36,15,59,59,59,59,44,65,39,39,39,27,26,26,26,26,26,33,29,29,32,37,37,52,90,90,90,103,103],"gold":427,"neow_bonus":"REMOVE_CARD","is_daily":false,"chose_seed":false,"campfire_upgraded":5,"win_rate":0.0,"timestamp":1610033621,"path_taken":["M","M","?","M","?","R","?","E","T","R","E","M","E","M","R_BF","BOSS","M","?","?","?","$","E","?","E","T","E","M","NM","R","?","R","BOSS","M","?","?","M","M","E","R","E","T","E","M","M","E","M","R_BF","BOSS","R","$","E","BOSS"],"items_purchased_type":["Card","Card","Card","Potion","Relic"],"build_version":"2020-12-22","purchased_purges":1,"victory":true,"max_hp_per_floor":[68,68,68,68,68,68,68,68,68,68,68,68,68,68,68,68,68,68,68,68,68,68,68,68,68,68,68,68,72,72,72,72,72,72,77,77,77,81,81,81,81,81,81,81,82,82,83,83,83,103,103,103,103,103,126],"card_choices":[{"not_picked":["Wallop","JustLucky","EmptyBody"],"picked":"SKIP","floor":1.0},{"not_picked":["Wallop","JustLucky","EmptyBody"],"picked":"SKIP","floor":1.0},{"not_picked":["Wallop","JustLucky","EmptyBody"],"picked":"SKIP","floor":1.0},{"not_picked":["Protect","FollowUp","Replay:BluntJabs","SignatureMove"],"picked":"MostiFishMod:Nomercy","floor":2.0},{"not_picked":["Replay:DivineShield","CrushJoints","REME_Repentance","ClearTheMind"],"picked":"Consecrate","floor":4.0},{"not_picked":["PathToVictory","JustLucky","REME_EmptyShield","REME_MusicOfDeath"],"picked":"CutThroughFate","floor":5.0},{"not_picked":["TH:EnergyPotion","TH:BikiniMail","TH:ElvenBoots"],"picked":"TH:DeckOfManyThings","floor":8.0},{"not_picked":["Brilliance","jedi:nirvanicrebirth","FlyingSleeves","Crescendo"],"picked":"TalkToTheHand","floor":8.0},{"not_picked":["TH:ElvenBoots","TH:ArmorSpikes","TH:PixieDust"],"picked":"TH:TreasureMap","floor":9.0},{"not_picked":["TH:PixieDust","TH:TreasureMap","TH:CursedSword"],"picked":"TH:DeckOfManyThings","floor":11.0},{"not_picked":["Prostrate","WaveOfTheHand","BowlingBash","Vengeance"],"picked":"InnerPeace","floor":11.0},{"not_picked":["Replay:Vibes","Meditate","FlyingSleeves","Consecrate","WaveOfTheHand"],"picked":"Weave","floor":12.0},{"not_picked":["TH:EnergyPotion","TH:ArmorSpikes","TH:TreasureMap"],"picked":"TH:DeckOfManyThings","floor":13.0},{"not_picked":["CrushJoints","CarveReality","WindmillStrike","REME_Repentance","Halt"],"picked":"SKIP","floor":13.0},{"not_picked":["Replay:DivineShield","WindmillStrike","Halt","WaveOfTheHand","SashWhip"],"picked":"SKIP","floor":14.0},{"not_picked":["Replay:DivineShield","WindmillStrike","Halt","WaveOfTheHand","SashWhip"],"picked":"SKIP","floor":14.0},{"not_picked":["TH:Mimic","TH:ArmorSpikes","TH:EnergyPotion"],"picked":"TH:BikiniMail","floor":16.0},{"not_picked":["MostiFishMod:KamiSmash","MostiFishMod:Minus","MostiFishMod:DisColor","REME_EmptyShield"],"picked":"Scrawl","floor":16.0},{"not_picked":["Replay:Vibes","EmptyFist","Evaluate","BowlingBash"],"picked":"MostiFishMod:PathToVictory","floor":18.0},{"not_picked":["StarOfDavid","Body Slam+1","Run Through","jedi:unstablefumes"],"picked":"Shallow_ocean_purpleEX","floor":21.0},{"not_picked":["TH:ArmorSpikes","TH:TreasureMap","TH:ElvenBoots"],"picked":"TH:CursedSword","floor":23.0},{"not_picked":["PositiveMatter_Antimatter_Universe_purple+1","ScarletMeister","NightDance+1","PrismaMod:ChloeCheapAttack"],"picked":"DemoMod:Unmoved","floor":23.0},{"not_picked":["TH:BikiniMail","TH:ElvenBoots","TH:PixieDust"],"picked":"TH:DeckOfManyThings","floor":25},{"not_picked":["Force Field","OmniscientAndOmnipotent_Monster_purple","Mirror_FourBoundary_purple+1","Reinforced Body"],"picked":"CutThroughFate","floor":25},{"not_picked":["TH:CursedSword","TH:BikiniMail","TH:EnergyPotion"],"picked":"TH:CopperCoins","floor":26},{"not_picked":["TH:Mimic","TH:TreasureMap","TH:ArmorSpikes"],"picked":"TH:DeckOfManyThings","floor":27},{"not_picked":["conspire:Rain","Heel Hook","Shuttle","MostiFishMod:FrostNova"],"picked":"MostiFishMod:ButterFly","floor":27},{"not_picked":["StuffTheSpire:Slingshot","DemoMod:PotionOfGunFriendShip+1","jedi:fear","FanOfKnives"],"picked":"UnderTheZenith","floor":28},{"not_picked":["infinitespire:SevenWalls","infinitespire:Fortify"],"picked":"hubris:Fate","floor":29},{"not_picked":["TH:TreasureMap","TH:ArmorSpikes","TH:PixieDust"],"picked":"TH:CursedSword","floor":29},{"not_picked":["ReplayTheSpireMod:LeadingStrike","MostiFishMod:Impulse","WaveOfTheHand","DimensionStaggered_purple"],"picked":"MysteriousBeam","floor":29},{"not_picked":["TH:BikiniMail","TH:TreasureMap","TH:EnergyPotion"],"picked":"TH:Mimic","floor":33},{"not_picked":["Computing_the_future_purpleEX","REME_BattleFury","aspiration:Lunge","MostiFishMod:TalkingToTheRain"],"picked":"PrismaMod:IllyaInstallAlterEgo","floor":33},{"not_picked":["MostiFishMod:FlowState+1","Tactician","PathToVictory","StuffTheSpire:Injection","EmptyFist"],"picked":"SKIP","floor":35},{"not_picked":["FairyDestructionRay","BowlingBash","Streamline","Replay:BluntJabs"],"picked":"PlatinumSkin","floor":37},{"not_picked":["Barrage","StateErode_purple","Crescendo+1","Stack+1","EventHorizon"],"picked":"SKIP","floor":38},{"not_picked":["Barrage","StateErode_purple","Crescendo+1","EventHorizon"],"picked":"Stack+1","floor":38},{"not_picked":["StateDuplicate_purple","ReplayTheSpireMod:The Works","Accuracy","PrismaMod:ChloeCheapDefendTwo+1"],"picked":"DemoMod:GunstockTap","floor":39},{"not_picked":["TH:Mimic","TH:BikiniMail","TH:ArmorSpikes"],"picked":"TH:DeckOfManyThings","floor":40},{"not_picked":["jedi:fear","UnstableMagic","Gensokyo:SalamanderShield","Realm_recovery_purpleEX","Flechettes"],"picked":"SKIP","floor":40},{"not_picked":["TH:CopperCoins","TH:ArmorSpikes","TH:Mimic"],"picked":"TH:DeckOfManyThings","floor":42},{"not_picked":["Conclude+1","StuffTheSpire:DoubleShiv","Iron Wave","Rupture","DemoMod:ShadowBullets+1"],"picked":"SKIP","floor":42},{"not_picked":["TH:ElvenBoots","TH:TreasureMap","TH:CopperCoins"],"picked":"TH:CursedSword","floor":43},{"not_picked":["TH:Mimic","TH:ElvenBoots","TH:EnergyPotion"],"picked":"TH:TreasureMap","floor":44},{"not_picked":["Dagger Spray","DemoMod:DirectionalPad+1","PrismaMod:MiyuCheapChannelWeak","Alleviate"],"picked":"PrismaMod:IllyaCarnivalOrbs","floor":44},{"not_picked":["ClearTheMind+1","DemoMod:JK47","Replay:Poison Smokescreen","PrismaMod:ChloeCheapAttack","MostiFishMod:ActiveDefenseSystem"],"picked":"SKIP","floor":45},{"not_picked":["PrismaMod:MiyuUncommonAttack","6A+1","DemoMod:Spice","Protect","Slice"],"picked":"SKIP","floor":46},{"not_picked":["TH:Mimic","TH:PixieDust","TH:ElvenBoots"],"picked":"TH:CopperCoins","floor":47},{"not_picked":["SharpContractionReality_purple","ReplayTheSpireMod:Exploit Weakness","AfternoonTea","Immolate"],"picked":"Maim+1","floor":47},{"not_picked":["MostiFishMod:FluxCapactior","Replay:BluntJabs","Eviscerate+1","EmptyBody+1"],"picked":"DemoMod:DirectionalPad","floor":48},{"not_picked":["TH:ElvenBoots","TH:EnergyPotion","TH:CursedSword"],"picked":"TH:TreasureMap","floor":54},{"not_picked":["MostiFishMod:PushDownKick","Degenerate","PrismaMod:IllyaPartialInstallAssassin","Consecrate"],"picked":"PrismaMod:MiyuUncommonStrBuff","floor":54}],"player_experience":243553,"relics_obtained":[{"floor":1.0,"key":"SynthV:TestCard"},{"floor":8.0,"key":"Potion Belt"},{"floor":9.0,"key":"StuffTheSpire:HeavyRock"},{"floor":11.0,"key":"Mirror"},{"floor":13.0,"key":"Dota2Spire:PowerTreads"},{"floor":19.0,"key":"PrismaticShard"},{"floor":20.0,"key":"infinitespire:Broken Mirror"},{"floor":23.0,"key":"Dota2Spire:Butterfly"},{"floor":25,"key":"Dota2Spire:ArmletOfMordiggian"},{"floor":26,"key":"ZombieTooth"},{"floor":27,"key":"Matryoshka"},{"floor":29,"key":"halation:Pancakes"},{"floor":31,"key":"infinitespire:Lucky Rock"},{"floor":38,"key":"wanderingMiniBosses:Inkheart"},{"floor":40,"key":"Bronze Scales"},{"floor":42,"key":"halation:LettersToHer"},{"floor":43,"key":"halation:LettersToHer"},{"floor":43,"key":"halation:WeightlessCrab"},{"floor":44,"key":"halation:AfternoonTea"},{"floor":47,"key":"hubris:PeanutButter"},{"floor":54,"key":"aspiration:HiddenCompartment"}],"event_choices":[{"damage_healed":0.0,"max_hp_gain":0.0,"max_hp_loss":0.0,"gold_gain":0.0,"event_name":"The Woman in Blue","player_choice":"Bought 2 Potions","floor":3.0,"gold_loss":0.0,"damage_taken":0.0},{"damage_healed":0.0,"max_hp_gain":0.0,"max_hp_loss":0.0,"gold_gain":100.0,"event_name":"Golden Shrine","player_choice":"Pray","floor":7.0,"gold_loss":0.0,"damage_taken":0.0},{"damage_healed":0,"gold_gain":0,"cards_transformed":["Strike_P"],"player_choice":"Transformed","damage_taken":0,"max_hp_gain":0,"max_hp_loss":0,"event_name":"Transmorgrifier","floor":36,"gold_loss":0,"cards_obtained":["Scrawl"]}],"is_beta":false,"boss_relics":[{"not_picked":["xbg","halation:Yufonium"],"picked":"vexMod:ImprovementManual"},{"not_picked":["OneHitWonderSystem","energizedSpire:BlackCloud"],"picked":"conspire:SpecialSausage"}],"items_purged_floors":[22],"is_endless":false,"potions_floor_spawned":[4,8,12,13,14,20,23,25,28,35,39,40,47],"ascension_level":14}}