{"host":"ga4s3hj9m6nkn6gp","time":1610047196,"event":{"mods":["AchievementEnabler","BaseMod","Bestiary","Colored Powertips","Highlight Path","Minty Spire (QoL Compilation)","Relic Stats","everything is the same but u backflip on backflip"],"gold_per_floor":[111,126,51,68,68,68,68,99,175,192,204,216,228,248,248,248,248],"floor_reached":16,"playtime":836,"items_purged":[],"score":212,"play_id":"e9a8dc97-f233-4a32-87b2-8e7b97f76fd8","local_time":"20210107201956","is_ascension_mode":true,"campfire_choices":[{"data":"Dagger Spray","floor":6,"key":"SMITH"},{"data":"Glass Knife","floor":15,"key":"SMITH"}],"circlet_count":0,"master_deck":["AscendersBane","Strike_G+1","Strike_G","Strike_G","Strike_G+1","Strike_G","Defend_G","Defend_G","Defend_G","Defend_G","Survivor+1","Neutralize+1","Slice","Backflip","Dagger Spray+1","Glass Knife+1","PiercingWail","Blade Dance"],"relics":["Ring of the Snake","Whetstone","The Courier"],"acts_visited":["Exordium"],"potions_floor_usage":[16],"damage_taken":[{"damage":0,"enemies":"Jaw Worm","floor":1,"turns":5},{"damage":1,"enemies":"Small Slimes","floor":2,"turns":4},{"damage":0,"enemies":"Cultist","floor":4,"turns":4},{"damage":33,"enemies":"Lagavulin","floor":8,"turns":9},{"damage":0,"enemies":"Looter","floor":10,"turns":3},{"damage":0,"enemies":"3 Louse","floor":11,"turns":2},{"damage":0,"enemies":"2 Fungi Beasts","floor":12,"turns":2},{"damage":0,"enemies":"Looter","floor":13,"turns":3},{"damage":0,"enemies":"3 Louse","floor":14,"turns":1},{"damage":11,"enemies":"Hexaghost","floor":16,"turns":8}],"seed_played":"-6984623064025929119","potions_obtained":[{"floor":1,"key":"Fire Potion"},{"floor":10,"key":"ColorlessPotion"}],"is_trial":false,"path_per_floor":["M","M","?","M","?","R","$","E","T","M","M","M","M","M","R","B"],"character_chosen":"THE_SILENT","items_purchased":[],"campfire_rested":0,"item_purchase_floors":[],"current_hp_per_floor":[65,64,64,64,42,42,42,9,9,9,9,9,9,9,9,0,0],"gold":248,"neow_bonus":"TEN_PERCENT_HP_BONUS","is_daily":false,"chose_seed":false,"campfire_upgraded":2,"win_rate":0.0,"timestamp":1610047196,"path_taken":["M","M","?","M","?","R","?","E","T","M","M","?","M","M","R","BOSS"],"items_purchased_type":[],"build_version":"2020-12-22","purchased_purges":0,"victory":false,"max_hp_per_floor":[72,72,72,72,72,72,72,72,72,72,72,72,72,72,72,72,72],"relic_stats":{"counters":[10,41],"Whetstone":["Neutralize","Strike_G"],"obtain_stats":[{"The Courier":9,"Whetstone":8,"Ring of the Snake":0},{"The Courier":4,"Whetstone":4,"Ring of the Snake":0},{"The Courier":22,"Whetstone":22,"Ring of the Snake":0}],"Ring of the Snake":[20]},"card_choices":[{"not_picked":["Heel Hook","Prepared"],"picked":"Slice","floor":1},{"not_picked":["Calculated Gamble","PiercingWail"],"picked":"Backflip","floor":2},{"not_picked":["Eviscerate","Bane"],"picked":"Dagger Spray","floor":4},{"not_picked":["Acrobatics","Expertise"],"picked":"Glass Knife","floor":8},{"not_picked":["Prepared","Crippling Poison"],"picked":"PiercingWail","floor":10},{"not_picked":["Skewer","Heel Hook","Quick Slash"],"picked":"SKIP","floor":11},{"not_picked":["Concentrate","Quick Slash","Acrobatics"],"picked":"SKIP","floor":12},{"not_picked":["Acrobatics","Masterful Stab"],"picked":"Blade Dance","floor":13},{"not_picked":["Deflect","Grand Finale","Backflip"],"picked":"SKIP","floor":14}],"player_experience":595154,"relics_obtained":[{"floor":8,"key":"Whetstone"},{"floor":9,"key":"The Courier"}],"event_choices":[{"cards_removed":["Defend_G"],"damage_healed":0,"gold_gain":0,"player_choice":"Card Removal","damage_taken":0,"max_hp_gain":0,"max_hp_loss":0,"event_name":"The Cleric","floor":3,"gold_loss":75},{"damage_healed":0,"gold_gain":0,"player_choice":"Entered Light","damage_taken":22,"max_hp_gain":0,"max_hp_loss":0,"event_name":"Shining Light","floor":5,"gold_loss":0,"cards_upgraded":["Survivor","Strike_G"]}],"is_beta":false,"boss_relics":[],"items_purged_floors":[],"is_endless":false,"potions_floor_spawned":[1,10,12,14],"killed_by":"Hexaghost","ascension_level":20}}