{"host":"7zdktqb5xjtif29d","time":1610044373,"event":{"mods":["AchievementEnabler","BaseMod","Colored Map","Colored Powertips","Highlight Path","Minty Spire (QoL Compilation)","Rare Cards Sparkle","SuperFastMode","Waifu the Spire","everything is the same but u backflip on backflip"],"gold_per_floor":[113,132,307,307,307,337,337,363,363,438,458,458,493,510,510,615,615,629,629,642,662,273,273,273],"floor_reached":23,"playtime":876,"items_purged":["Consume"],"score":269,"play_id":"cb58056c-2d8e-4099-bb35-0239d824328f","local_time":"20210107183253","is_ascension_mode":true,"campfire_choices":[{"floor":7,"key":"REST"},{"floor":12,"key":"REST"},{"floor":15,"key":"REST"}],"circlet_count":0,"master_deck":["Zap","Dualcast","Sweeping Beam","Sweeping Beam+1","Loop","Capacitor","Barrage+1","Sweeping Beam+1","Conserve Battery","Thunder Strike+1","Cold Snap+1","Chill","FTL+1","Turbo","Multi-Cast","Capacitor","Reinforced Body","Sweeping Beam+1","Bite+1","Bite+1","Bite+1","Bite+1","Bite+1","Capacitor","Sweeping Beam+1"],"relics":["Cracked Core","Toy Ornithopter","Dream Catcher","Molten Egg 2","Vajra","Pandora\u0027s Box","Ice Cream"],"acts_visited":["Exordium","TheCity"],"potions_floor_usage":[13],"damage_taken":[{"damage":1,"enemies":"Jaw Worm","floor":1,"turns":5},{"damage":2,"enemies":"Small Slimes","floor":2,"turns":4},{"damage":26,"enemies":"Lagavulin","floor":6,"turns":8},{"damage":10,"enemies":"3 Sentries","floor":8,"turns":5},{"damage":0,"enemies":"2 Louse","floor":11,"turns":2},{"damage":36,"enemies":"Gremlin Nob","floor":13,"turns":5},{"damage":13,"enemies":"Large Slime","floor":14,"turns":5},{"damage":35,"enemies":"Hexaghost","floor":16,"turns":9},{"damage":19,"enemies":"2 Thieves","floor":18,"turns":3},{"damage":10,"enemies":"Chosen","floor":20,"turns":3},{"damage":4,"enemies":"3 Cultists","floor":21,"turns":4},{"damage":67,"enemies":"Book of Stabbing","floor":23,"turns":5}],"seed_played":"7823127157546977606","potions_obtained":[{"floor":8,"key":"LiquidMemories"},{"floor":14,"key":"Fire Potion"}],"is_trial":false,"path_per_floor":["M","M","?","?","?","E","R","E","T","?","M","R","E","M","R","B",null,"M","?","M","M","$","E"],"character_chosen":"DEFECT","items_purchased":["Ice Cream"],"campfire_rested":3,"item_purchase_floors":[22],"current_hp_per_floor":[81,79,79,79,63,37,61,51,51,40,40,64,33,20,44,9,82,63,57,56,57,57,0,0],"gold":273,"neow_bonus":"TEN_PERCENT_HP_BONUS","is_daily":false,"chose_seed":false,"campfire_upgraded":0,"win_rate":0.0,"timestamp":1610044373,"path_taken":["M","M","?","?","?","E","R","E","T","?","M","R","E","?","R","BOSS","M","?","M","M","$","E"],"items_purchased_type":["Relic"],"build_version":"2020-12-22","purchased_purges":1,"victory":false,"max_hp_per_floor":[82,82,82,82,82,82,82,82,82,82,82,82,82,82,82,82,82,82,57,57,57,57,57,57],"card_choices":[{"not_picked":["Beam Cell","Rebound"],"picked":"Sweeping Beam","floor":1},{"not_picked":["Darkness","Beam Cell"],"picked":"Sweeping Beam","floor":2},{"not_picked":["Consume","Gash","Streamline"],"picked":"SKIP","floor":6},{"not_picked":["Consume","Redo"],"picked":"Loop","floor":8},{"not_picked":["Blizzard+1","Rebound+1"],"picked":"Capacitor","floor":11},{"not_picked":["Redo","Coolheaded"],"picked":"Barrage+1","floor":13},{"not_picked":["Auto Shields","Gash+1"],"picked":"Sweeping Beam+1","floor":14},{"not_picked":["Steam Power","Skim"],"picked":"Conserve Battery","floor":15},{"not_picked":["Meteor Strike+1","Buffer"],"picked":"Thunder Strike+1","floor":16},{"not_picked":["Go for the Eyes+1","Tempest+1"],"picked":"Sweeping Beam+1","floor":18},{"not_picked":["BootSequence+1","Double Energy"],"picked":"Capacitor","floor":20},{"not_picked":["Tempest","Reprogram"],"picked":"Sweeping Beam+1","floor":21}],"player_experience":200137,"relics_obtained":[{"floor":6,"key":"Toy Ornithopter"},{"floor":8,"key":"Dream Catcher"},{"floor":9,"key":"Molten Egg 2"},{"floor":13,"key":"Vajra"}],"event_choices":[{"damage_healed":0,"gold_gain":175,"player_choice":"AGREE","damage_taken":0,"max_hp_gain":0,"max_hp_loss":0,"event_name":"Liars Game","floor":3,"gold_loss":0,"cards_obtained":["Doubt"]},{"cards_removed":["Doubt"],"damage_healed":0,"gold_gain":0,"player_choice":"Forget","damage_taken":0,"max_hp_gain":0,"max_hp_loss":0,"event_name":"Living Wall","floor":4,"gold_loss":0},{"damage_healed":0,"gold_gain":0,"player_choice":"Entered Light","damage_taken":16,"max_hp_gain":0,"max_hp_loss":0,"event_name":"Shining Light","floor":5,"gold_loss":0,"cards_upgraded":["Defend_B","Sweeping Beam"]},{"damage_healed":0,"gold_gain":75,"player_choice":"Gather Gold","damage_taken":11,"max_hp_gain":0,"max_hp_loss":0,"event_name":"World of Goop","floor":10,"gold_loss":0},{"damage_healed":0,"gold_gain":0,"player_choice":"Became a vampire","damage_taken":0,"max_hp_gain":0,"max_hp_loss":25,"event_name":"Vampires","floor":19,"gold_loss":0,"cards_obtained":["Bite","Bite","Bite","Bite","Bite"]}],"is_beta":false,"boss_relics":[{"not_picked":["Runic Dome","FrozenCore"],"picked":"Pandora\u0027s Box"}],"items_purged_floors":[22],"is_endless":false,"potions_floor_spawned":[8,14],"killed_by":"Book of Stabbing","ascension_level":1}}