{"host":"anox4050deqdcqoh","time":1610035176,"event":{"mods":["BaseMod","Colored Map","Highlight Path","Minty Spire (QoL Compilation)","Quick Restart","Rare Cards Sparkle","everything is the same but u backflip on backflip"],"gold_per_floor":[119,119,119,135,147,178,178,143,143,162,162,125,125,139,139,269,269,287,287,307,7,21,21,61,61,86,19,55,78,101,26,26,157,157,170,194,112,136,149,149,169,169,169,187,201,201,221,221,221,221,221,221,56,99,99],"floor_reached":56,"playtime":4816,"items_purged":[],"score":1255,"play_id":"ad39a9f5-e784-4d19-871f-d1bd6796d281","local_time":"20210107105936","is_ascension_mode":true,"campfire_choices":[{"data":"Dash","floor":11,"key":"SMITH"},{"data":"Noxious Fumes","floor":15,"key":"SMITH"},{"data":"Adrenaline","floor":23,"key":"SMITH"},{"data":"Leg Sweep","floor":25,"key":"SMITH"},{"floor":32,"key":"REST"},{"floor":40,"key":"RECALL"},{"floor":42,"key":"REST"},{"floor":46,"key":"REST"},{"floor":49,"key":"REST"},{"data":"Catalyst","floor":52,"key":"SMITH"}],"circlet_count":0,"master_deck":["Strike_G+1","Strike_G+1","Strike_G+1","Strike_G+1","Defend_G+1","Defend_G+1","Defend_G+1","Survivor","Neutralize+1","PiercingWail","Infinite Blades","Dash+1","Infinite Blades","Leg Sweep+1","Noxious Fumes+1","Catalyst+1","Adrenaline+1","Acrobatics+1","Poisoned Stab+1","Well Laid Plans+1","Flying Knee","Deadly Poison+1","Accuracy","Blade Dance","After Image","Noxious Fumes","Backflip+1","Blade Dance+1","Cloak And Dagger+1","Mayhem","Backflip+1"],"relics":["Ring of the Snake","Whetstone","Singing Bowl","MealTicket","Golden Idol","Astrolabe","Thread and Needle","InkBottle","Oddly Smooth Stone","Orichalcum","HoveringKite","Gambling Chip"],"acts_visited":["Exordium","TheCity","TheBeyond","TheEnding"],"potions_floor_usage":[10,16,16,28,30,35,44,54,55,55,55,55,55],"damage_taken":[{"damage":3,"enemies":"2 Louse","floor":1,"turns":3},{"damage":0,"enemies":"Small Slimes","floor":4,"turns":3},{"damage":0,"enemies":"Jaw Worm","floor":5,"turns":3},{"damage":18,"enemies":"3 Sentries","floor":6,"turns":11},{"damage":5,"enemies":"Exordium Wildlife","floor":10,"turns":7},{"damage":0,"enemies":"Blue Slaver","floor":14,"turns":5},{"damage":37,"enemies":"Slime Boss","floor":16,"turns":10},{"damage":22,"enemies":"Shell Parasite","floor":18,"turns":6},{"damage":0,"enemies":"Chosen","floor":20,"turns":6},{"damage":6,"enemies":"Snecko","floor":22,"turns":6},{"damage":12,"enemies":"Book of Stabbing","floor":24,"turns":8},{"damage":18,"enemies":"Gremlin Leader","floor":28,"turns":7},{"damage":8,"enemies":"Snake Plant","floor":29,"turns":6},{"damage":9,"enemies":"3 Cultists","floor":30,"turns":5},{"damage":7,"enemies":"Collector","floor":33,"turns":8},{"damage":11,"enemies":"3 Darklings","floor":35,"turns":6},{"damage":11,"enemies":"3 Shapes","floor":36,"turns":7},{"damage":20,"enemies":"Writhing Mass","floor":38,"turns":8},{"damage":2,"enemies":"3 Darklings","floor":39,"turns":5},{"damage":0,"enemies":"Maw","floor":41,"turns":7},{"damage":26,"enemies":"Transient","floor":44,"turns":5},{"damage":21,"enemies":"Spire Growth","floor":45,"turns":6},{"damage":1,"enemies":"Maw","floor":47,"turns":7},{"damage":37,"enemies":"Donu and Deca","floor":50,"turns":11},{"damage":4,"enemies":"Shield and Spear","floor":54,"turns":10},{"damage":72,"enemies":"The Heart","floor":55,"turns":10}],"seed_played":"4536100214542475994","potions_obtained":[{"floor":4,"key":"SpeedPotion"},{"floor":5,"key":"Swift Potion"},{"floor":14,"key":"Swift Potion"},{"floor":20,"key":"Dexterity Potion"},{"floor":28,"key":"AttackPotion"},{"floor":30,"key":"Swift Potion"},{"floor":36,"key":"LiquidMemories"},{"floor":38,"key":"EntropicBrew"},{"floor":39,"key":"Energy Potion"},{"floor":45,"key":"Poison Potion"}],"is_trial":false,"path_per_floor":["M","?","?","M","M","E","?","?","T","M","R","$","?","M","R","B",null,"M","?","M","$","M","R","E","R","T","$","E","M","M","?","R","B",null,"M","M","$","M","M","R","M","R","T","M","M","R","M","?","R","B",null,"R","$","E","B",null],"character_chosen":"THE_SILENT","items_purchased":["Noxious Fumes","Thread and Needle","Accuracy","Noxious Fumes","Mayhem"],"campfire_rested":4,"item_purchase_floors":[12,21,27,37,53],"current_hp_per_floor":[67,53,58,58,58,40,40,58,58,53,53,68,68,68,68,31,75,53,53,55,70,66,66,54,54,54,69,51,45,38,38,62,55,83,74,65,80,62,60,60,62,89,89,63,42,69,70,70,93,56,93,93,93,89,17],"gold":99,"neow_bonus":"RANDOM_COMMON_RELIC","is_daily":false,"chose_seed":false,"campfire_upgraded":5,"win_rate":0.0,"timestamp":1610035176,"path_taken":["M","?","?","M","M","E","?","?","T","M","R","?","?","M","R","BOSS","M","?","M","$","M","R","E","R","T","$","E","M","M","?","R","BOSS","M","M","$","M","M","R","M","R","T","M","M","R","M","?","R","BOSS","R","$","E","BOSS"],"items_purchased_type":["Card","Relic","Card","Card","Card"],"build_version":"2020-12-22","purchased_purges":0,"victory":true,"max_hp_per_floor":[70,70,75,75,75,75,75,75,75,75,75,75,75,75,75,75,75,75,75,77,77,79,79,79,79,79,79,79,81,83,83,83,83,83,85,87,87,89,89,89,91,91,91,91,91,91,93,93,93,93,93,93,93,93,93],"card_choices":[{"not_picked":["Outmaneuver","Flechettes"],"picked":"PiercingWail","floor":1},{"not_picked":["Slice","Tools of the Trade"],"picked":"Infinite Blades","floor":4},{"not_picked":["PiercingWail","Flying Knee"],"picked":"Dash","floor":5},{"not_picked":["Deadly Poison","Reflex"],"picked":"Infinite Blades","floor":6},{"not_picked":["Sucker Punch","Backflip"],"picked":"Leg Sweep","floor":10},{"not_picked":["Blade Dance","Outmaneuver"],"picked":"Catalyst","floor":14},{"not_picked":["Bullet Time","Burst"],"picked":"Adrenaline","floor":16},{"not_picked":["Sucker Punch+1","Eviscerate"],"picked":"Flying Knee","floor":18},{"not_picked":["Dash","Catalyst","Heel Hook"],"picked":"Singing Bowl","floor":20},{"not_picked":["Eviscerate+1","Poisoned Stab","Cloak And Dagger"],"picked":"Singing Bowl","floor":22},{"not_picked":["Outmaneuver","Storm of Steel"],"picked":"Deadly Poison+1","floor":24},{"not_picked":["PiercingWail","Backstab"],"picked":"Blade Dance","floor":28},{"not_picked":["Prepared","Bane","Catalyst+1"],"picked":"Singing Bowl","floor":29},{"not_picked":["Calculated Gamble","Cloak And Dagger","Slice"],"picked":"Singing Bowl","floor":30},{"not_picked":["Phantasmal Killer","Night Terror"],"picked":"After Image","floor":33},{"not_picked":["Acrobatics","Deflect","Underhanded Strike+1"],"picked":"Singing Bowl","floor":35},{"not_picked":["PiercingWail","Prepared","Deadly Poison"],"picked":"Singing Bowl","floor":36},{"not_picked":["Underhanded Strike+1","Outmaneuver+1","Cloak And Dagger"],"picked":"Singing Bowl","floor":38},{"not_picked":["Footwork","Caltrops+1"],"picked":"Backflip+1","floor":39},{"not_picked":["Dagger Spray","Well Laid Plans","Choke+1"],"picked":"Singing Bowl","floor":41},{"not_picked":["Blur+1","Dodge and Roll+1"],"picked":"Blade Dance+1","floor":44},{"not_picked":["Underhanded Strike","Riddle With Holes"],"picked":"Cloak And Dagger+1","floor":45},{"not_picked":["Flechettes","Blade Dance","Dagger Spray"],"picked":"Singing Bowl","floor":47},{"not_picked":["Crippling Poison","Blade Dance+1"],"picked":"Backflip+1","floor":54}],"player_experience":290899,"relics_obtained":[{"floor":6,"key":"Singing Bowl"},{"floor":9,"key":"MealTicket"},{"floor":24,"key":"InkBottle"},{"floor":26,"key":"Oddly Smooth Stone"},{"floor":28,"key":"Orichalcum"},{"floor":54,"key":"Gambling Chip"}],"event_choices":[{"damage_healed":0,"gold_gain":0,"player_choice":"Entered Light","damage_taken":14,"max_hp_gain":0,"max_hp_loss":0,"event_name":"Shining Light","floor":2,"gold_loss":0,"cards_upgraded":["Defend_G","Strike_G"]},{"damage_healed":0,"gold_gain":0,"player_choice":"Donut","damage_taken":0,"max_hp_gain":5,"max_hp_loss":0,"event_name":"Big Fish","floor":3,"gold_loss":0},{"damage_healed":0,"gold_gain":0,"player_choice":"Ignored","damage_taken":0,"max_hp_gain":0,"max_hp_loss":0,"event_name":"Liars Game","floor":7,"gold_loss":0},{"damage_healed":18,"gold_gain":0,"player_choice":"Healed","damage_taken":0,"max_hp_gain":0,"max_hp_loss":0,"event_name":"The Cleric","floor":8,"gold_loss":35},{"damage_healed":0,"gold_gain":0,"player_choice":"Take Wound","damage_taken":0,"relics_obtained":["Golden Idol"],"max_hp_gain":0,"max_hp_loss":0,"event_name":"Golden Idol","floor":13,"gold_loss":0,"cards_obtained":["Injury"]},{"damage_healed":0,"gold_gain":0,"player_choice":"Simplicity","damage_taken":0,"max_hp_gain":0,"max_hp_loss":0,"event_name":"Back to Basics","floor":19,"gold_loss":0,"cards_upgraded":["Strike_G","Strike_G","Defend_G","Defend_G"]},{"cards_removed":["Injury"],"damage_healed":0,"gold_gain":0,"player_choice":"Gave Gold","damage_taken":0,"max_hp_gain":0,"max_hp_loss":0,"event_name":"Beggar","floor":31,"gold_loss":75},{"damage_healed":0,"gold_gain":0,"player_choice":"Ignored","damage_taken":0,"max_hp_gain":0,"max_hp_loss":0,"event_name":"Mysterious Sphere","floor":48,"gold_loss":0}],"is_beta":false,"boss_relics":[{"not_picked":["Pandora\u0027s Box","Ring of the Serpent"],"picked":"Astrolabe"},{"not_picked":["Empty Cage","Calling Bell"],"picked":"HoveringKite"}],"items_purged_floors":[],"is_endless":false,"potions_floor_spawned":[4,5,14,20,28,30,36,38,39,45,47],"ascension_level":2}}