{"host":"6ld56ls1xbe0aj21","time":1610014496,"event":{"mods":["AchievementEnabler","BaseMod","Colored Powertips","Minty Spire (QoL Compilation)","Quick Restart","Rare Cards Sparkle","StSLib","SuperFastMode","everything is the same but u backflip on backflip","slay the spire mod where everything is the same but ironclad has a cowboy hat"],"gold_per_floor":[112,123,123,88,100,132,132,132,132,132,161,161,192,211,211,309,309,324,324,324,350,39,39,74,74,74],"floor_reached":25,"playtime":914,"items_purged":[],"score":364,"play_id":"08bf23db-0923-4c7c-a3c6-d3ef8a89ad0a","local_time":"20210107211456","is_ascension_mode":true,"campfire_choices":[{"floor":7.0,"key":"REST"},{"floor":10.0,"key":"REST"},{"data":"Flame Barrier","floor":12.0,"key":"SMITH"},{"floor":15.0,"key":"REST"}],"circlet_count":0,"master_deck":["AscendersBane","Strike_R+1","Defend_R","Defend_R","Defend_R","Bash","True Grit","Hemokinesis+1","Combust","Flame Barrier+1","Flame Barrier","Headbutt","Impervious","Headbutt+1","Juggernaut+1","Rupture+1","Blood for Blood","J.A.X.","Metallicize"],"relics":["Burning Blood","Ginger","Potion Belt","StoneCalendar","Juzu Bracelet","Happy Flower","Astrolabe","Eternal Feather","Red Mask","HandDrill","Regal Pillow","Ancient Tea Set"],"acts_visited":["Exordium","TheCity"],"potions_floor_usage":[24,25],"damage_taken":[{"damage":0.0,"enemies":"Small Slimes","floor":1.0,"turns":5.0},{"damage":13.0,"enemies":"Cultist","floor":2.0,"turns":6.0},{"damage":4.0,"enemies":"Jaw Worm","floor":5.0,"turns":3.0},{"damage":41.0,"enemies":"3 Sentries","floor":6.0,"turns":14.0},{"damage":35.0,"enemies":"Gremlin Nob","floor":11.0,"turns":4.0},{"damage":21.0,"enemies":"Lagavulin","floor":13.0,"turns":5.0},{"damage":5.0,"enemies":"Blue Slaver","floor":14.0,"turns":4.0},{"damage":43.0,"enemies":"Hexaghost","floor":16.0,"turns":10.0},{"damage":9.0,"enemies":"Chosen","floor":18.0,"turns":4.0},{"damage":33.0,"enemies":"Masked Bandits","floor":21.0,"turns":4.0},{"damage":46,"enemies":"Gremlin Leader","floor":24,"turns":6},{"damage":9,"enemies":"Shell Parasite","floor":25,"turns":1}],"seed_played":"-5801879585933602420","potions_obtained":[{"floor":2.0,"key":"ColorlessPotion"},{"floor":5.0,"key":"Weak Potion"},{"floor":13.0,"key":"BloodPotion"},{"floor":14.0,"key":"SpeedPotion"},{"floor":24,"key":"Explosive Potion"}],"is_trial":false,"path_per_floor":["M","M","?","?","M","E","R","?","T","R","E","R","E","M","R","B",null,"M","T","?","?","$","?","E","M"],"character_chosen":"IRONCLAD","items_purchased":["HandDrill","Regal Pillow"],"campfire_rested":3,"item_purchase_floors":[22,22],"current_hp_per_floor":[57,50,34,54,56,21,45,45,45,69,40,40,25,26,50,13,63,60,60,60,33,33,33,9,0,0],"gold":74,"neow_bonus":"TRANSFORM_TWO_CARDS","is_daily":false,"chose_seed":false,"campfire_upgraded":1,"win_rate":0.0,"timestamp":1610014496,"path_taken":["M","M","?","?","M","E","R","?","T","R","E","R","E","M","R","BOSS","M","?","?","?","$","?","E","M"],"items_purchased_type":["Relic","Relic"],"build_version":"2020-12-22","purchased_purges":0,"victory":false,"max_hp_per_floor":[80,80,80,80,80,80,80,80,80,80,80,80,80,80,80,80,80,80,80,80,80,80,80,80,80,80],"card_choices":[{"not_picked":["Flex","Body Slam","Shrug It Off"],"picked":"SKIP","floor":1.0},{"not_picked":["Headbutt","Iron Wave"],"picked":"Hemokinesis","floor":2.0},{"not_picked":["Juggernaut","True Grit","Intimidate"],"picked":"SKIP","floor":5.0},{"not_picked":["Pommel Strike","Headbutt"],"picked":"Combust","floor":6.0},{"not_picked":["Anger","Dual Wield"],"picked":"Flame Barrier","floor":11.0},{"not_picked":["Bludgeon","True Grit"],"picked":"Flame Barrier","floor":13.0},{"not_picked":["Sword Boomerang","Flex"],"picked":"Headbutt","floor":14.0},{"not_picked":["Immolate","Juggernaut"],"picked":"Impervious","floor":16.0},{"not_picked":["Cleave","Flame Barrier"],"picked":"Blood for Blood","floor":18.0},{"not_picked":["Clothesline","Dropkick"],"picked":"Metallicize","floor":24}],"player_experience":294363,"relics_obtained":[{"floor":6.0,"key":"Ginger"},{"floor":9.0,"key":"StoneCalendar"},{"floor":11.0,"key":"Juzu Bracelet"},{"floor":13.0,"key":"Happy Flower"},{"floor":19.0,"key":"Eternal Feather"},{"floor":21.0,"key":"Red Mask"},{"floor":24,"key":"Ancient Tea Set"}],"event_choices":[{"damage_healed":0.0,"max_hp_gain":0.0,"max_hp_loss":0.0,"gold_gain":0.0,"event_name":"Shining Light","player_choice":"Entered Light","floor":3.0,"gold_loss":0.0,"damage_taken":16.0,"cards_upgraded":["Strike_R","Hemokinesis"]},{"damage_healed":20.0,"max_hp_gain":0.0,"max_hp_loss":0.0,"gold_gain":0.0,"event_name":"The Cleric","player_choice":"Healed","floor":4.0,"gold_loss":35.0,"damage_taken":0.0},{"cards_removed":["Metallicize"],"damage_healed":0.0,"max_hp_gain":0.0,"max_hp_loss":0.0,"gold_gain":0.0,"event_name":"WeMeetAgain","player_choice":"Gave Card","floor":8.0,"gold_loss":0.0,"damage_taken":0.0,"relics_obtained":["Potion Belt"]},{"damage_healed":0.0,"max_hp_gain":0.0,"max_hp_loss":0.0,"gold_gain":0.0,"event_name":"Ghosts","player_choice":"Ignored","floor":20.0,"gold_loss":0.0,"damage_taken":0.0},{"damage_healed":0.0,"max_hp_gain":0.0,"max_hp_loss":0.0,"gold_gain":0.0,"event_name":"Masked Bandits","player_choice":"Fought Bandits","floor":21.0,"gold_loss":0.0,"damage_taken":0.0},{"damage_healed":0.0,"max_hp_gain":0.0,"max_hp_loss":0.0,"gold_gain":0.0,"event_name":"Drug Dealer","player_choice":"Obtain J.A.X.","floor":23.0,"gold_loss":0.0,"damage_taken":0.0,"cards_obtained":["J.A.X."]}],"is_beta":false,"boss_relics":[{"not_picked":["Busted Crown","Ectoplasm"],"picked":"Astrolabe"}],"items_purged_floors":[],"is_endless":false,"potions_floor_spawned":[2,5,13,14,24],"killed_by":"Shell Parasite","ascension_level":11}}