{"host":"h5acbxt0wmjo1kpm","time":1610001752,"event":{"mods":["2.2 Compatiblity","Act Like it!","AlwaysNeverKeys","Aspiration","Bard","Bartender","BaseMod","Better Third Choice","Colored Map","Elementarium","Gensokyo","GifTheSpireLib","Hallownest","Marisa????????","Menagerie","Minty Spire (QoL Compilation)","Permanent Neow","Potionbrewer","Relic Filter","Remilia??????","Replay The Spire","Robot Space Explorer","RumiaBox-????????","Shade Mod","Spicy Shops","StSLib","Strawberry Spire","The Blackbeard","The Dragon Tamer","The Gatherer","The Hayseed","The Problem Sleuth","The Servant 0.9.4","Wandering Minibosses","vexMod"],"gold_per_floor":[110,129,42,52,6,35,35,35,35,48,66,93,112,112,112,186,186,205,296,308,308,66,66,93,93,93,124,136,146,172,192,192,269,269,282,105,117,117,129,129,159,178,203,216,66,66,94,94,94,94,94,94,14,39,39],"floor_reached":56,"playtime":3515,"items_purged":["Decay"],"score":2236,"play_id":"f7c81139-bff4-4cdd-9a8d-3d3e2f3bb020","local_time":"20210106224232","is_ascension_mode":true,"campfire_choices":[{"data":"blackbeard:BeatUp","floor":8,"key":"SMITH"},{"data":"blackbeard:CatONineTails","floor":15,"key":"SMITH"},{"data":"blackbeard:CaptainsHat","floor":23,"key":"SMITH"},{"data":"Noxious Fumes","floor":25,"key":"SMITH"},{"data":"blackbeard:Cutlass","floor":32,"key":"SMITH"},{"data":"blackbeard:InfiniteBarrage","floor":40,"key":"SMITH"},{"floor":46,"key":"RECALL"},{"data":"Phantasmal Killer","floor":49,"key":"SMITH"},{"data":"blackbeard:PiratesWill","floor":52,"key":"SMITH"}],"circlet_count":0,"master_deck":["AscendersBane","blackbeard:IntimidatingStrike","blackbeard:BlackbeardDefend","blackbeard:BlackbeardDefend","blackbeard:Cutlass+1","blackbeard:Spear","blackbeard:BeatUp+1","Deflect","Dagger Spray","blackbeard:TerrorOfTheSeas","blackbeard:PiratesWill+1","blackbeard:CloakAndCannonball","blackbeard:CatONineTails+1","blackbeard:CaptainsHat+1","blackbeard:CloakAndCannonball","blackbeard:Anchor","Noxious Fumes+1","blackbeard:TacticalRetreat","blackbeard:PowerHungry","Phantasmal Killer+1","blackbeard:InfiniteBarrage+1","blackbeard:BlackbeardStrike","Blade Dance","wanderingMiniBosses:FinaleOfPromise","blackbeard:WoodenLeg","Cloak And Dagger+1","Decay","blackbeard:TacticalRetreat","Expertise","aspiration:Lunge+1","Tools of the Trade+1","Skewer+1","Quick Slash+1"],"relics":["blackbeard:LoadTheGoldenCannons","aspiration:Nostalgia","m_TsuchinokoRing","Omamori","blackbeard:Spearhead","ReplayTheSpireMod:Shallot","strawberrySpire:Treaders","PlanX","Gensokyo:Mercy","Replay:Grab Bag","Cursed Key","strawberrySpire:SolarisEssence","aspiration:SilentSkillbook","ReplayTheSpireMod:Lightbulb","Ring of Searing","MagicDraw3","Blood Vial","Replay:PocketPolymizer","Oddly Smooth Stone","StrikeDummy","Elementarium:ElementariumTrophy","Golden Egg","wanderingMiniBosses:Blackblade","blackbeard:PowderCan","Medical Kit","Choco_Feather","Hallownest:KingsIdolRelic","Replay:Baseball"],"acts_visited":["Gensokyo:Gensokyo","Elementarium:Elementarium","Hallownest:KingdomsEdge","TheEnding"],"potions_floor_usage":[16,16,39,50],"damage_taken":[{"damage":2,"enemies":"Gensokyo:Python","floor":1,"turns":4},{"damage":2,"enemies":"Gensokyo:Gryphon","floor":2,"turns":3},{"damage":0,"enemies":"Gensokyo:2_Kodama","floor":4,"turns":3},{"damage":42,"enemies":"Gensokyo:Cirno","floor":6,"turns":7},{"damage":0,"enemies":"Gensokyo:VengefulSpirit","floor":10,"turns":3},{"damage":0,"enemies":"Gensokyo:5_Fairies","floor":11,"turns":5},{"damage":29,"enemies":"Gensokyo:Mamizou","floor":12,"turns":7},{"damage":0,"enemies":"Gensokyo:LivingMonolith","floor":13,"turns":2},{"damage":9,"enemies":"Gensokyo:Kokoro","floor":16,"turns":6},{"damage":5,"enemies":"Elementarium:VoidCorruption","floor":18,"turns":6},{"damage":0,"enemies":"Elementarium:2_ELEMENTALS","floor":20,"turns":2},{"damage":0,"enemies":"Elementarium:WarGolem","floor":24,"turns":2},{"damage":0,"enemies":"Elementarium:FIRE_NOBILITY","floor":27,"turns":3},{"damage":2,"enemies":"Elementarium:VoidBeast","floor":28,"turns":2},{"damage":5,"enemies":"Elementarium:STONE_GOLEMS","floor":29,"turns":3},{"damage":0,"enemies":"Elementarium:ElementalPortal","floor":30,"turns":4},{"damage":5,"enemies":"Elementarium:CYCLONE_AND_ORB_OF_FIRE","floor":31,"turns":2},{"damage":0,"enemies":"Elementarium:GolemEmperor","floor":33,"turns":4},{"damage":15,"enemies":"Hallownest:3_Siblings","floor":35,"turns":4},{"damage":5,"enemies":"Hallownest:2_Littles","floor":37,"turns":4},{"damage":5,"enemies":"Hallownest:Shield_Sturdy","floor":39,"turns":3},{"damage":0,"enemies":"Hallownest:eliteCollector","floor":41,"turns":3},{"damage":0,"enemies":"Hallownest:2_Wing_and_1_Kings","floor":42,"turns":1},{"damage":5,"enemies":"Hallownest:Xero_Hu_Marmu","floor":44,"turns":2},{"damage":0,"enemies":"Hallownest:eliteHiveKnight","floor":47,"turns":2},{"damage":7,"enemies":"Hallownest:Radiance","floor":50,"turns":4},{"damage":14,"enemies":"Shield and Spear","floor":54,"turns":3},{"damage":30,"enemies":"The Heart","floor":55,"turns":5}],"seed_played":"6618374631873589347","potions_obtained":[{"floor":10,"key":"FairyPotion"},{"floor":12,"key":"BlessingOfTheForge"},{"floor":13,"key":"ColorlessPotion"},{"floor":16,"key":"Block Potion"},{"floor":18,"key":"potionbrewer:BoundlessPotion"},{"floor":44,"key":"Reflective Coating"}],"is_trial":false,"path_per_floor":["M","M","COS","M","$","E","?","R","T","M","M","E","M","?","R","B",null,"M","?","M","?","$","R","E","R","T","E","M","M","E","M","R","B",null,"M","$","M","?","M","R","E","M","T","M","$","R","E","?","R","B",null,"R","$","E","B",null],"character_chosen":"BLACKBEARD_CLASS","items_purchased":["Dagger Spray","MagicDraw3","Golden Egg","Medical Kit","Skewer"],"campfire_rested":0,"item_purchase_floors":[5,22,36,45,53],"current_hp_per_floor":[62,60,60,60,60,18,18,18,18,18,18,21,21,21,21,12,56,51,51,51,51,51,51,51,51,51,53,53,50,52,49,49,51,66,53,53,50,50,47,47,49,51,51,48,48,48,50,50,50,45,62,62,62,50,22],"gold":39,"neow_bonus":"NOSTALGIA","is_daily":false,"chose_seed":false,"campfire_upgraded":8,"win_rate":0.0,"timestamp":1610001752,"path_taken":["M","M","COS","M","?","E","?","R","T","M","M","E","?","?","R","BOSS","M","?","M","?","$","R","E","R","T","E","M","M","E","M","R","BOSS","M","$","M","?","?","R","E","M","T","M","$","R","E","?","R","BOSS","R","$","E","BOSS"],"items_purchased_type":["Card","Relic","Relic","Relic","Card"],"build_version":"2020-12-22","purchased_purges":1,"victory":true,"max_hp_per_floor":[71,71,71,71,71,71,71,71,71,71,71,71,71,71,71,71,71,71,71,71,71,71,71,71,71,71,71,71,71,71,71,71,71,71,71,71,71,68,68,68,68,68,68,68,68,68,68,68,68,68,68,68,68,68,68],"card_choices":[{"not_picked":["blackbeard:GoldenStrike","blackbeard:Sword"],"picked":"blackbeard:Spear","floor":1},{"not_picked":["blackbeard:RemoveScurvy","blackbeard:Dagger"],"picked":"blackbeard:BeatUp","floor":2},{"not_picked":["blackbeard:BeatUp","blackbeard:Sharpening"],"picked":"Deflect","floor":4},{"not_picked":["Outmaneuver","blackbeard:DoubleBottom"],"picked":"blackbeard:TerrorOfTheSeas","floor":6},{"not_picked":["blackbeard:Sharpening","Endless Agony"],"picked":"blackbeard:PiratesWill","floor":10},{"not_picked":["blackbeard:GoldenStrike","blackbeard:PiratesWill"],"picked":"Flying Knee","floor":11},{"not_picked":["blackbeard:CaptainsCabin","A Thousand Cuts"],"picked":"blackbeard:CloakAndCannonball","floor":12},{"not_picked":["Dagger Throw","blackbeard:BrownPants"],"picked":"blackbeard:CatONineTails","floor":13},{"not_picked":["blackbeard:BoostMorale","blackbeard:PowerHungry"],"picked":"blackbeard:CaptainsHat","floor":16},{"not_picked":["Acrobatics","blackbeard:BeatUp","blackbeard:DeadlyArsenal"],"picked":"blackbeard:CloakAndCannonball","floor":18},{"not_picked":["blackbeard:GoldenCannonball","Bouncing Flask","PiercingWail"],"picked":"blackbeard:Anchor","floor":19},{"not_picked":["ReplayTheSpireMod:Scrap Shanks","Unload","blackbeard:BeatUp","Sneak Up+1"],"picked":"SKIP","floor":20},{"not_picked":["blackbeard:Boarding","strawberrySpire:Insectonator","blackbeard:BlindAttacks"],"picked":"Noxious Fumes","floor":24},{"not_picked":["blackbeard:Bandana","Venomology","strawberrySpire:Insectonator","Masterful Stab"],"picked":"SKIP","floor":27},{"not_picked":["Flechettes","blackbeard:CannonBarrage","ReplayTheSpireMod:Tripwire","Cloak And Dagger"],"picked":"SKIP","floor":28},{"not_picked":["blackbeard:Scrap","blackbeard:BeatUp","blackbeard:Spear+1","Dagger Spray+1"],"picked":"SKIP","floor":29},{"not_picked":["Flechettes","blackbeard:CloakAndCannonball","Quick Slash","Reflex"],"picked":"SKIP","floor":30},{"not_picked":["blackbeard:GoldenDefense","blackbeard:DelayedPain","Deadly Poison"],"picked":"blackbeard:TacticalRetreat","floor":31},{"not_picked":["Grand Finale","ReplayTheSpireMod:Necrosis","blackbeard:MegaUpgrade"],"picked":"Phantasmal Killer","floor":33},{"not_picked":["ReplayTheSpireMod:Shiv Toss","Toxin Wave","blackbeard:GoldenDefense","blackbeard:PiratesWill"],"picked":"SKIP","floor":35},{"not_picked":["Quick Slash","Infinite Blades+1","strawberrySpire:SideSwipe"],"picked":"blackbeard:InfiniteBarrage","floor":37},{"not_picked":["Riddle With Holes","strawberrySpire:SpinKick","blackbeard:RearmingStrike"],"picked":"Blade Dance","floor":39},{"not_picked":[],"picked":"wanderingMiniBosses:FinaleOfPromise","floor":39},{"not_picked":["strawberrySpire:Pant","ReplayTheSpireMod:Tripwire","Dodge and Roll+1"],"picked":"Cloak And Dagger+1","floor":41},{"not_picked":["blackbeard:CloakAndCannonball","blackbeard:JollyRoger+1","Poisoned Stab+1","blackbeard:RearmingStrike"],"picked":"SKIP","floor":42},{"not_picked":["Toxin Wave","Grand Finale","Cloak And Dagger+1"],"picked":"blackbeard:TacticalRetreat","floor":44},{"not_picked":["blackbeard:Shrapnel","blackbeard:DoubleBottom+1","blackbeard:Sword","Blur"],"picked":"SKIP","floor":47},{"not_picked":["Eviscerate","Sucker Punch","blackbeard:Bandana"],"picked":"Quick Slash+1","floor":54}],"player_experience":2164661,"relics_obtained":[{"floor":6,"key":"blackbeard:Spearhead"},{"floor":9,"key":"ReplayTheSpireMod:Shallot"},{"floor":12,"key":"PlanX"},{"floor":19,"key":"ReplayTheSpireMod:Lightbulb"},{"floor":21,"key":"Ring of Searing"},{"floor":24,"key":"Blood Vial"},{"floor":26,"key":"Replay:PocketPolymizer"},{"floor":27,"key":"Oddly Smooth Stone"},{"floor":30,"key":"StrikeDummy"},{"floor":39,"key":"wanderingMiniBosses:Blackblade"},{"floor":41,"key":"blackbeard:PowderCan"},{"floor":47,"key":"Choco_Feather"},{"floor":54,"key":"Replay:Baseball"}],"event_choices":[],"is_beta":false,"boss_relics":[{"not_picked":["aspiration:ServantSkillbook","Kintsugi"],"picked":"Replay:Grab Bag"},{"not_picked":["vexMod:EndlessSickness","blackbeard:SoberMinded"],"picked":"Cursed Key"},{"not_picked":["vexMod:DeviousBotling","Busted Crown"],"picked":"strawberrySpire:SolarisEssence"},{"not_picked":["strawberrySpire:Dictionifier","aspiration:DefectSkillbook"],"picked":"aspiration:SilentSkillbook"},{"not_picked":["vexMod:BigBerry","SoulBox"],"picked":"blackbeard:LoadTheGoldenCannons"}],"items_purged_floors":[36],"is_endless":false,"potions_floor_spawned":[10,12,13,16,18,20,27,33,35,44,47],"ascension_level":15}}