{"host":"pzqipjs7wsinit61","time":1610050068,"event":{"mods":["BaseMod","Colored Map","Colored Powertips","Jorbs\u0027s Wanderer Trilogy","Minty Spire (QoL Compilation)","Replay The Spire","StSLib","everything is the same but u backflip on backflip","slay the spire mod where everything is the same but ironclad has a cowboy hat"],"gold_per_floor":[366,94,169,187,187,214,59,59,59,59,59,77,107,142,142,148,148],"floor_reached":16,"playtime":823,"items_purged":["Bash","Defend_R"],"score":106,"play_id":"a8c63ebe-5996-4511-a6fb-018a39a72262","local_time":"20210107150748","is_ascension_mode":false,"campfire_choices":[{"data":"Entrench","floor":8,"key":"SMITH"},{"data":"Body Slam","floor":10,"key":"SMITH"},{"floor":15,"key":"REST"}],"circlet_count":0,"master_deck":["Strike_R","Strike_R","Strike_R","Strike_R","Strike_R","Defend_R","Defend_R+1","Defend_R","Defend_G+1","Defend_G","Body Slam+1","Entrench+1","Iron Wave","Flame Barrier+1","True Grit"],"relics":["Burning Blood","Bronze Scales","ReplayTheSpireMod:TigerMarble","Counterbalance","Golden Idol","Replay:Bandana","Simple Rune"],"acts_visited":["Exordium"],"potions_floor_usage":[14],"damage_taken":[{"damage":0,"enemies":"Small Slimes","floor":1,"turns":5},{"damage":1,"enemies":"2 Louse","floor":4,"turns":3},{"damage":50,"enemies":"Gremlin Nob","floor":6,"turns":6},{"damage":0,"enemies":"Cultist","floor":12,"turns":4},{"damage":24,"enemies":"Lagavulin","floor":14,"turns":6},{"damage":42,"enemies":"Fading Forest","floor":16,"turns":8}],"seed_played":"-4919659511925728492","potions_obtained":[{"floor":1,"key":"Elixir"},{"floor":12,"key":"ColorlessPotion"}],"is_trial":false,"path_per_floor":["M","$","?","M","?","E","$","R","T","R","?","M","?","E","R","B"],"character_chosen":"IRONCLAD","items_purchased":["Entrench","Bronze Scales","Flame Barrier+1"],"campfire_rested":1,"item_purchase_floors":[2,2,7],"current_hp_per_floor":[80,80,69,74,74,30,30,30,30,30,30,36,36,18,40,0,0],"gold":148,"neow_bonus":"TWO_FIFTY_GOLD","is_daily":false,"chose_seed":false,"campfire_upgraded":2,"win_rate":0.0,"timestamp":1610050068,"path_taken":["M","$","?","M","?","E","$","R","T","R","?","M","?","E","R","BOSS"],"items_purchased_type":["Card","Relic","Card"],"build_version":"2020-12-22","purchased_purges":2,"victory":false,"max_hp_per_floor":[80,80,80,80,80,80,80,80,80,80,74,74,74,74,74,74,74],"card_choices":[{"not_picked":["True Grit","Thunderclap"],"picked":"Body Slam","floor":1},{"not_picked":["Cleave","Perfected Strike"],"picked":"Iron Wave","floor":4},{"not_picked":["Wild Strike","Havoc","ReplayTheSpireMod:LeadingStrike"],"picked":"SKIP","floor":6},{"not_picked":["ReplayTheSpireMod:Strike From Hell","Pummel"],"picked":"True Grit","floor":12},{"not_picked":["Clash","ReplayTheSpireMod:Corrosion Curse","Dark Embrace"],"picked":"SKIP","floor":14}],"player_experience":645335,"relics_obtained":[{"floor":6,"key":"ReplayTheSpireMod:TigerMarble"},{"floor":9,"key":"Counterbalance"},{"floor":14,"key":"Simple Rune"}],"event_choices":[{"damage_healed":0,"gold_gain":75,"player_choice":"Gather Gold","damage_taken":11,"max_hp_gain":0,"max_hp_loss":0,"event_name":"World of Goop","floor":3,"gold_loss":0},{"damage_healed":0,"gold_gain":0,"player_choice":"Lose Max HP","damage_taken":0,"relics_obtained":["Golden Idol"],"max_hp_gain":0,"max_hp_loss":6,"event_name":"Golden Idol","floor":11,"gold_loss":0},{"damage_healed":0,"gold_gain":30,"player_choice":"Searched \u00273\u0027 times","damage_taken":0,"relics_obtained":["Replay:Bandana"],"max_hp_gain":0,"max_hp_loss":0,"event_name":"Dead Adventurer","floor":13,"gold_loss":0}],"is_beta":false,"boss_relics":[],"items_purged_floors":[2,7],"is_endless":false,"potions_floor_spawned":[1,12],"killed_by":"Fading Forest","ascension_level":0}}