{"host":"6r341r9cz00j2qc1","time":1610031972,"event":{"mods":["BaseMod","Better Third Choice","Downfall","GungeonMod","Hermit","Lobotomy","LobotomyExtend","Minty Spire (QoL Compilation)","Replay The Spire","Shop Mod","StSLib"],"gold_per_floor":[549,127,127,127,402,412,436,361,361,361,379,393,393,428,441,540,640,565,575,587,587,601,621,621,631,631,631,631],"floor_reached":26,"playtime":2563,"items_purged":["Slimebound:Icky"],"score":258,"play_id":"09e9fd3c-753f-4563-aa82-b38b4dbadaa5","local_time":"20210107160612","is_ascension_mode":false,"campfire_choices":[{"data":"champ:Backstep","floor":8,"key":"SMITH"},{"data":"champ:ViciousMockery","floor":13,"key":"SMITH"},{"floor":18,"key":"RECALL"}],"circlet_count":0,"master_deck":["champ:Strike","champ:Strike","champ:Strike","champ:Defend","champ:Defend","champ:Defend","champ:Defend","champ:Execute","champ:Taunt","Slimebound:Icky","Slimebound:Icky","champ:BringItOn","champ:FlashCut+1","champ:FanOfKnives","champ:Backstep+1","Regret","champ:BringItOn","champ:PerfectedStrike","champ:ViciousMockery+1","champ:StanceDance","champ:FaceSlap","champ:Devastate","champ:BerserkersShout","champ:EndlessRage+1","champ:FocusedBerserking+1","champ:DefensiveStyle+1","champ:FanOfKnives"],"relics":["champ:ChampionCrown","downfall:HeartsMalice","Bag of Marbles","Lee\u0027s Waffle","LetterFromLob","downfall:HeartBlessingBlue","Omamori","Replay:Grab Bag","ReplayTheSpireMod:Onyx Gauntlets","Replay:Wanted Poster","SlaversCollar","downfall:HeartBlessingGreen","Necronomicon","DemoMod:PinkGuonStone"],"acts_visited":["Exordium","TheCity"],"potions_floor_usage":[16,16,16,22],"damage_taken":[{"damage":0,"enemies":"downfall:FleeingMerchant","floor":2,"turns":1},{"damage":0,"enemies":"Small Slimes","floor":3,"turns":1},{"damage":0,"enemies":"2 Louse","floor":4,"turns":1},{"damage":6,"enemies":"Cultist","floor":6,"turns":3},{"damage":5,"enemies":"Exordium Wildlife","floor":11,"turns":3},{"damage":15,"enemies":"2 Fungi Beasts","floor":12,"turns":3},{"damage":57,"enemies":"Gremlin Nob","floor":14,"turns":5},{"damage":14,"enemies":"Exordium Thugs","floor":15,"turns":4},{"damage":24,"enemies":"downfall:Ironclad","floor":16,"turns":13},{"damage":20,"enemies":"3 Byrds","floor":19,"turns":5},{"damage":30,"enemies":"Chosen","floor":20,"turns":4},{"damage":12,"enemies":"Snecko","floor":22,"turns":3},{"damage":20,"enemies":"Snake Plant","floor":23,"turns":2},{"damage":7,"enemies":"Sentry and Sphere","floor":25,"turns":4},{"damage":46,"enemies":"Chosen and Byrds","floor":26,"turns":4}],"seed_played":"-4542750992461676984","potions_obtained":[{"floor":6,"key":"Languid Potion"},{"floor":11,"key":"champ:OpenerPotion"},{"floor":12,"key":"AttackPotion"},{"floor":16,"key":"Adrenaline Potion"},{"floor":20,"key":"SteroidPotion"},{"floor":25,"key":"BlessingOfTheForge"}],"is_trial":false,"path_per_floor":["R","$","M","M","?","M","T","R","?","?","M","M","R","E","M","B",null,"R","M","M","?","M","M","T","M","M"],"character_chosen":"THE_CHAMP","items_purchased":["Bag of Marbles","champ:FlashCut+1","Lee\u0027s Waffle"],"campfire_rested":0,"item_purchase_floors":[2,2,2],"current_hp_per_floor":[90,97,97,97,97,96,96,106,106,106,106,96,96,42,33,14,107,107,92,76,60,51,31,38,37,0,0,0],"gold":631,"neow_bonus":"THREE_ENEMY_KILL","is_daily":false,"chose_seed":false,"campfire_upgraded":2,"win_rate":0.0,"timestamp":1610031972,"path_taken":["R","$","M","M","?","?","T","R","?","?","?","M","R","E","M","BOSS","R","M","M","?","M","M","T","M","M"],"items_purchased_type":["Relic","Card","Relic"],"build_version":"2020-12-22","purchased_purges":1,"victory":false,"max_hp_per_floor":[90,97,97,97,97,97,97,107,107,107,107,107,107,107,107,107,107,107,107,107,107,107,107,114,114,114,114,114],"card_choices":[{"not_picked":["champ:DefensiveShout","champ:RecklessLeap"],"picked":"champ:BringItOn","floor":2},{"not_picked":["champ:Backstep","champ:RapidStrikes"],"picked":"champ:FanOfKnives","floor":3},{"not_picked":["champ:BladeFlurry","champ:EnGarde"],"picked":"champ:Backstep","floor":4},{"not_picked":["champ:Duel","champ:Shatter"],"picked":"champ:BringItOn","floor":6},{"not_picked":["champ:SkillfulDodge","champ:Shatter"],"picked":"champ:PerfectedStrike","floor":11},{"not_picked":["champ:BladeFlurry","champ:RapidStrikes"],"picked":"champ:ViciousMockery","floor":12},{"not_picked":["champ:Circumvent","champ:DefensiveShout"],"picked":"champ:StanceDance","floor":14},{"not_picked":["champ:TornadoPunch","champ:IronFortress"],"picked":"champ:FaceSlap","floor":15},{"not_picked":["champ:Improvising","champ:SteelEdge"],"picked":"champ:Devastate","floor":16},{"not_picked":["champ:StanceDance","champ:DefensiveStyle"],"picked":"champ:BerserkersShout","floor":19},{"not_picked":["champ:GutPunch+1","champ:BladeFlurry+1"],"picked":"champ:EndlessRage+1","floor":20},{"not_picked":["champ:FightOn","champ:FocusedGladiator"],"picked":"champ:FocusedBerserking+1","floor":22},{"not_picked":["champ:BladeFlurry","champ:FocusedGladiator"],"picked":"champ:DefensiveStyle+1","floor":23},{"not_picked":["champ:CrookedStrike+1","champ:FightOn"],"picked":"champ:FanOfKnives","floor":25}],"player_experience":474328,"relics_obtained":[{"floor":3,"key":"LetterFromLob"},{"floor":14,"key":"Omamori"},{"floor":21,"key":"Necronomicon"},{"floor":24,"key":"DemoMod:PinkGuonStone"}],"event_choices":[],"is_beta":false,"boss_relics":[{"not_picked":["Snecko Eye","Honey Jar"],"picked":"Replay:Grab Bag"},{"not_picked":["Velvet Choker","Runic Dome"],"picked":"ReplayTheSpireMod:Onyx Gauntlets"},{"not_picked":["downfall:Hecktoplasm","ReplayTheSpireMod:DimensionalGlitch"],"picked":"Replay:Wanted Poster"},{"not_picked":["Replay:Drink Me","SacredBark"],"picked":"SlaversCollar"}],"items_purged_floors":[2],"is_endless":false,"potions_floor_spawned":[6,11,12,16,20,25],"killed_by":"Chosen and Byrds","ascension_level":0}}