{"host":"94aus4jnk6thj94q","time":1610024064,"event":{"mods":["BaseMod","Minty Spire (QoL Compilation)","Quick Restart","StSLib"],"gold_per_floor":[116,129,140,60,60,99,99,117,143,143,161,174,198,223,223,349,349,349,349],"floor_reached":18,"playtime":7313,"items_purged":[],"score":166,"play_id":"eed6e798-987f-446d-98f7-71f5c0690bf2","local_time":"20210107145424","is_ascension_mode":false,"campfire_choices":[{"floor":7.0,"key":"REST"},{"floor":10,"key":"RECALL"},{"floor":15,"key":"REST"}],"circlet_count":0,"master_deck":["Strike_G","Strike_G","Strike_G","Strike_G","Strike_G","Defend_G","Defend_G","Defend_G","Defend_G","Defend_G","Survivor","Neutralize","Tactician","All Out Attack","Leg Sweep","Dash","Injury","Outmaneuver","Caltrops"],"relics":["Velvet Choker","Golden Idol","Lantern","Happy Flower"],"acts_visited":["Exordium","TheCity"],"potions_floor_usage":[11,16],"damage_taken":[{"damage":0.0,"enemies":"Small Slimes","floor":1.0,"turns":4.0},{"damage":0.0,"enemies":"Cultist","floor":2.0,"turns":4.0},{"damage":0.0,"enemies":"Jaw Worm","floor":3.0,"turns":4.0},{"damage":8.0,"enemies":"Lagavulin","floor":6.0,"turns":10.0},{"damage":0,"enemies":"Large Slime","floor":8,"turns":7},{"damage":0,"enemies":"Exordium Wildlife","floor":11,"turns":3},{"damage":0,"enemies":"2 Fungi Beasts","floor":12,"turns":3},{"damage":13,"enemies":"Large Slime","floor":13,"turns":8},{"damage":0,"enemies":"Red Slaver","floor":14,"turns":4},{"damage":52,"enemies":"Hexaghost","floor":16,"turns":16},{"damage":33,"enemies":"Spheric Guardian","floor":18,"turns":6}],"seed_played":"20549139930465972","potions_obtained":[{"floor":1.0,"key":"EssenceOfSteel"},{"floor":2.0,"key":"SpeedPotion"},{"floor":8,"key":"CunningPotion"},{"floor":11,"key":"ColorlessPotion"},{"floor":13,"key":"Poison Potion"},{"floor":16,"key":"Explosive Potion"}],"is_trial":false,"path_per_floor":["M","M","M","$","?","E","R","M","T","R","M","M","M","M","R","B",null,"M"],"character_chosen":"THE_SILENT","items_purchased":["Dash"],"campfire_rested":2,"item_purchase_floors":[4],"current_hp_per_floor":[70,70,70,70,70,62,70,70,70,70,70,70,57,57,70,18,70,37,37],"gold":349,"neow_bonus":"BOSS_RELIC","is_daily":false,"chose_seed":false,"campfire_upgraded":0,"win_rate":0.0,"timestamp":1610024064,"path_taken":["M","M","M","$","?","E","R","M","T","R","M","M","M","M","R","BOSS","M"],"items_purchased_type":["Card"],"build_version":"2020-12-22","purchased_purges":0,"victory":false,"max_hp_per_floor":[70,70,70,70,70,70,70,70,70,70,70,70,70,70,70,70,70,70,70],"card_choices":[{"not_picked":["Dagger Throw","Blade Dance"],"picked":"Tactician","floor":1.0},{"not_picked":["PiercingWail","Sucker Punch"],"picked":"All Out Attack","floor":2.0},{"not_picked":["Prepared","Sucker Punch"],"picked":"Leg Sweep","floor":3.0},{"not_picked":["Blade Dance","Flying Knee","Dagger Spray"],"picked":"SKIP","floor":6.0},{"not_picked":["Blade Dance","Deadly Poison","Masterful Stab"],"picked":"SKIP","floor":8},{"not_picked":["Dagger Throw","Deflect"],"picked":"Outmaneuver","floor":11},{"not_picked":["Crippling Poison","Bane"],"picked":"Caltrops","floor":12},{"not_picked":["Quick Slash","Poisoned Stab","Masterful Stab"],"picked":"SKIP","floor":13},{"not_picked":["Dodge and Roll","Cloak And Dagger","Dagger Spray"],"picked":"SKIP","floor":14}],"player_experience":5732489,"relics_obtained":[{"floor":6.0,"key":"Lantern"},{"floor":9,"key":"Happy Flower"}],"event_choices":[{"damage_healed":0.0,"max_hp_gain":0.0,"max_hp_loss":0.0,"gold_gain":0.0,"event_name":"Golden Idol","player_choice":"Take Wound","floor":5.0,"gold_loss":0.0,"damage_taken":0.0,"relics_obtained":["Golden Idol"],"cards_obtained":["Injury"]}],"is_beta":false,"boss_relics":[{"not_picked":["Philosopher\u0027s Stone","Fusion Hammer","Runic Dome"]}],"items_purged_floors":[],"is_endless":false,"potions_floor_spawned":[1,2,8,11,13,16],"killed_by":"Spheric Guardian","ascension_level":0}}