{"host":"q2j4ef1ti78v4imq","time":1610029777,"event":{"mods":["AchievementEnabler","BaseMod","Better Altar","Better Match","Better Note","Better Sensory Stone","Better Skull","Better Third Choice","Block Reminder","Hermit","Minty Spire (QoL Compilation)","Relic Stats","Replay The Spire","Shade Mod","StSLib"],"gold_per_floor":[116,116,131,131,162,197,197,226,226,270,270,270,296,319,319,424,424,446,472,351,377,393,397,397],"floor_reached":23,"playtime":1054,"items_purged":["hermit:Strike_Hermit"],"score":267,"play_id":"9c714624-4d11-459b-b1bb-aa21f130e81a","local_time":"20210107142937","is_ascension_mode":true,"campfire_choices":[{"data":"hermit:RoundhouseKick","floor":7.0,"key":"SMITH"},{"data":"hermit:Determination","floor":12.0,"key":"SMITH"},{"data":"ReplayTheSpireMod:Faulty Equipment","floor":15.0,"key":"SMITH"}],"circlet_count":0,"master_deck":["hermit:Strike_Hermit+1","hermit:Strike_Hermit","hermit:Strike_Hermit","hermit:Defend_Hermit","hermit:Defend_Hermit","hermit:Defend_Hermit","hermit:Defend_Hermit","hermit:Snapshot","hermit:Covet","hermit:RoundhouseKick+1","hermit:Gestalt","hermit:Dive","hermit:Determination+1","hermit:Coalescence","hermit:HoleUp","hermit:Coalescence","hermit:Vantage","hermit:Reprieve","hermit:Determination+1","hermit:Snipe","hermit:Desperado+1","hermit:Gestalt"],"relics":["hermit:Momento","Replay:Bandana","Blood Vial","Ornamental Fan","Bottled Flame","Pen Nib","Painkiller Herb"],"acts_visited":["Exordium","TheCity"],"potions_floor_usage":[],"damage_taken":[{"damage":0.0,"enemies":"2 Louse","floor":1.0,"turns":2.0},{"damage":0.0,"enemies":"Cultist","floor":3.0,"turns":4.0},{"damage":0.0,"enemies":"Small Slimes","floor":5.0,"turns":3.0},{"damage":2.0,"enemies":"Lagavulin","floor":6.0,"turns":8.0},{"damage":1.0,"enemies":"Red Slaver","floor":8.0,"turns":3.0},{"damage":2.0,"enemies":"Gremlin Nob","floor":10.0,"turns":5.0},{"damage":9.0,"enemies":"2 Fungi Beasts","floor":13.0,"turns":2.0},{"damage":20.0,"enemies":"Large Slime","floor":14.0,"turns":5.0},{"damage":6.0,"enemies":"Slime Boss","floor":16.0,"turns":10.0},{"damage":13.0,"enemies":"Chosen","floor":18.0,"turns":6.0},{"damage":2.0,"enemies":"Spheric Guardian","floor":19.0,"turns":4.0},{"damage":16.0,"enemies":"Centurion and Healer","floor":21.0,"turns":6.0},{"damage":16,"enemies":"Snecko","floor":22,"turns":5},{"damage":52,"enemies":"Book of Stabbing","floor":23,"turns":4}],"seed_played":"-1857586291508431580","potions_obtained":[{"floor":2.0,"key":"FairyPotion"},{"floor":2.0,"key":"Toxic Potion"},{"floor":2.0,"key":"DuplicationPotion"},{"floor":6.0,"key":"Swift Potion"},{"floor":13.0,"key":"Dexterity Potion"}],"is_trial":false,"path_per_floor":["M","?","M","?","M","E","R","M","T","E","?","R","M","M","R","B",null,"?","?","T","?","?","E"],"character_chosen":"HERMIT","items_purchased":["hermit:Snipe"],"campfire_rested":0,"item_purchase_floors":[20],"current_hp_per_floor":[68,68,68,31,33,33,33,34,34,34,34,34,27,9,9,5,52,45,49,49,35,25,0,0],"gold":397,"neow_bonus":"THREE_RARE_CARDS","is_daily":false,"chose_seed":false,"campfire_upgraded":3,"win_rate":0.0,"timestamp":1610029777,"path_taken":["M","?","?","?","M","E","R","?","T","E","?","R","M","M","R","BOSS","?","?","T","?","?","E"],"items_purchased_type":["Card"],"build_version":"2020-12-22","purchased_purges":1,"victory":false,"max_hp_per_floor":[68,68,68,68,68,68,68,68,68,68,68,68,68,68,68,68,68,68,68,68,68,68,68,68],"relic_stats":{"Blood Vial":24,"counters":[14,67],"Ornamental Fan":[20],"Pen Nib":[5],"obtain_stats":[{"Blood Vial":4,"Replay:Bandana":4,"Bottled Flame":9,"Ornamental Fan":6,"Painkiller Herb":17,"Pen Nib":10,"hermit:Momento":0},{"Blood Vial":2,"Replay:Bandana":2,"Bottled Flame":5,"Ornamental Fan":4,"Painkiller Herb":9,"Pen Nib":6,"hermit:Momento":0},{"Blood Vial":6,"Replay:Bandana":6,"Bottled Flame":20,"Ornamental Fan":17,"Painkiller Herb":42,"Pen Nib":25,"hermit:Momento":0}]},"card_choices":[{"not_picked":["hermit:BlackWind","hermit:HighNoon"],"picked":"hermit:RoundhouseKick","floor":0.0},{"not_picked":["hermit:BodyArmor","hermit:NoHoldsBarred"],"picked":"hermit:Gestalt","floor":1.0},{"not_picked":["hermit:FlashPowder","hermit:Cheat"],"picked":"hermit:Dive","floor":3.0},{"not_picked":["hermit:TrackingShot","hermit:CursedWeapon","hermit:Midnight"],"picked":"SKIP","floor":5.0},{"not_picked":["hermit:DeadMansHand","hermit:Roulette"],"picked":"hermit:Determination","floor":6.0},{"not_picked":["hermit:Ricochet","hermit:Determination"],"picked":"hermit:Coalescence","floor":8.0},{"not_picked":["hermit:Snipe","hermit:Cheat"],"picked":"hermit:HoleUp","floor":10.0},{"not_picked":["hermit:Ricochet","hermit:Vantage"],"picked":"hermit:Coalescence","floor":13.0},{"not_picked":["hermit:BodyArmor","hermit:LowProfile"],"picked":"hermit:Vantage","floor":14.0},{"not_picked":["hermit:FatalDesire","hermit:FinalCanter"],"picked":"hermit:Reprieve","floor":16.0},{"not_picked":["hermit:HighCaliber","hermit:TakeCover","hermit:LuckOfTheDraw"],"picked":"SKIP","floor":18.0},{"not_picked":["hermit:HoleUp+1","hermit:Cheat+1"],"picked":"hermit:Determination+1","floor":19.0},{"not_picked":["hermit:Ricochet","hermit:SprayPray+1"],"picked":"hermit:Desperado+1","floor":21},{"not_picked":["hermit:ShadowCloak+1","hermit:Enervate"],"picked":"hermit:Gestalt","floor":22}],"player_experience":833509,"relics_obtained":[{"floor":6.0,"key":"Ornamental Fan"},{"floor":9.0,"key":"Bottled Flame"},{"floor":10.0,"key":"Pen Nib"}],"event_choices":[{"damage_healed":0.0,"max_hp_gain":0.0,"max_hp_loss":0.0,"gold_gain":0.0,"event_name":"Lab","player_choice":"Got Potions","floor":2.0,"gold_loss":0.0,"damage_taken":0.0},{"damage_healed":0.0,"max_hp_gain":0.0,"max_hp_loss":0.0,"gold_gain":0.0,"event_name":"betterSkull:BetterSkull","player_choice":"UP RE RE ","floor":4.0,"gold_loss":0.0,"damage_taken":43.0,"cards_upgraded":["hermit:Strike_Hermit"],"relics_obtained":["Replay:Bandana","Blood Vial"]}],"is_beta":false,"boss_relics":[{"not_picked":["Busted Crown","ChewingGum"],"picked":"Painkiller Herb"}],"items_purged_floors":[20],"is_endless":false,"potions_floor_spawned":[3,6,10,13,16,19],"killed_by":"Book of Stabbing","ascension_level":6}}