{"host":"684z1xpuwaoqmmh1","time":1610055464,"event":{"mods":["BaseMod","Downfall","Hermit","Jorbs\u0027s Wanderer Trilogy","Marisa????????","Minty Spire (QoL Compilation)","StSLib","The Hierophant","The Mystic"],"gold_per_floor":[110,128,128,53,75,112,112,112,139,139,139,164,180,217,217,222,222],"floor_reached":16,"playtime":579,"items_purged":["hermit:Defend_Hermit"],"score":176,"play_id":"d5a786c5-3ed2-41ec-b736-3ef7e8b5a1d9","local_time":"20210107233744","is_ascension_mode":true,"campfire_choices":[{"floor":7,"key":"REST"},{"floor":10,"key":"REST"},{"floor":15,"key":"REST"}],"circlet_count":0,"master_deck":["AscendersBane","hermit:Strike_Hermit","hermit:Strike_Hermit","hermit:Strike_Hermit","hermit:Defend_Hermit","hermit:Defend_Hermit","hermit:Defend_Hermit","hermit:Snapshot","hermit:Covet","hermit:Scavenge","hermit:BigShot","hermit:Midnight","hermit:Combo+1","Parasite","hermit:EyeOfTheStorm","hermit:BodyArmor"],"relics":["hermit:Momento","Lantern","Juzu Bracelet","Pen Nib","Sundial"],"acts_visited":["Exordium"],"potions_floor_usage":[6,6],"damage_taken":[{"damage":8,"enemies":"Small Slimes","floor":1,"turns":3},{"damage":1,"enemies":"Cultist","floor":2,"turns":4},{"damage":3,"enemies":"2 Louse","floor":5,"turns":4},{"damage":50,"enemies":"3 Sentries","floor":6,"turns":10},{"damage":5,"enemies":"Looter","floor":12,"turns":5},{"damage":10,"enemies":"Lots of Slimes","floor":13,"turns":5},{"damage":35,"enemies":"Lagavulin","floor":14,"turns":7},{"damage":50,"enemies":"The Guardian","floor":16,"turns":5}],"seed_played":"2388516249233693917","potions_obtained":[{"floor":1,"key":"Block Potion"},{"floor":2,"key":"champ:CounterPotion"}],"is_trial":false,"path_per_floor":["M","M","?","$","M","E","R","?","T","R","?","M","M","E","R","B"],"character_chosen":"HERMIT","items_purchased":[],"campfire_rested":3,"item_purchase_floors":[],"current_hp_per_floor":[60,59,59,59,56,6,28,28,28,50,68,63,53,18,40,0,0],"gold":222,"neow_bonus":"RANDOM_COMMON_RELIC","is_daily":false,"chose_seed":false,"campfire_upgraded":0,"win_rate":0.0,"timestamp":1610055464,"path_taken":["M","M","?","$","M","E","R","?","T","R","?","M","M","E","R","BOSS"],"items_purchased_type":[],"build_version":"2020-12-22","purchased_purges":1,"victory":false,"max_hp_per_floor":[75,75,75,75,75,75,75,75,75,75,75,75,75,75,75,75,75],"card_choices":[{"not_picked":["hermit:Dive","hermit:Deadeye"],"picked":"hermit:Scavenge","floor":1},{"not_picked":["hermit:Desperado","hermit:Cheat"],"picked":"hermit:BigShot","floor":2},{"not_picked":["hermit:Vantage","hermit:SprayPray"],"picked":"hermit:Midnight","floor":5},{"not_picked":["hermit:Brawl","hermit:ItchyTrigger"],"picked":"hermit:Combo","floor":6},{"not_picked":["hermit:Roulette","hermit:LuckOfTheDraw"],"picked":"hermit:EyeOfTheStorm","floor":12},{"not_picked":["hermit:NoHoldsBarred","hermit:LowProfile","hermit:Coalescence"],"picked":"SKIP","floor":13},{"not_picked":["hermit:SprayPray","hermit:Gestalt"],"picked":"hermit:BodyArmor","floor":14}],"player_experience":2422946,"relics_obtained":[{"floor":6,"key":"Juzu Bracelet"},{"floor":9,"key":"Pen Nib"},{"floor":14,"key":"Sundial"}],"event_choices":[{"cards_removed":["hermit:Strike_Hermit"],"damage_healed":0,"gold_gain":0,"player_choice":"Purged","damage_taken":0,"max_hp_gain":0,"max_hp_loss":0,"event_name":"Purifier","floor":3,"gold_loss":0},{"damage_healed":0,"gold_gain":0,"player_choice":"Grow","damage_taken":0,"max_hp_gain":0,"max_hp_loss":0,"event_name":"Living Wall","floor":8,"gold_loss":0,"cards_upgraded":["hermit:Combo"]},{"damage_healed":18,"gold_gain":0,"player_choice":"Healed and dodged fight","damage_taken":0,"max_hp_gain":0,"max_hp_loss":0,"event_name":"Mushrooms","floor":11,"gold_loss":0,"cards_obtained":["Parasite"]}],"is_beta":false,"boss_relics":[],"items_purged_floors":[4],"is_endless":false,"potions_floor_spawned":[1,2,5],"killed_by":"The Guardian","ascension_level":12}}