{"host":"ig7tc0uedzltt2sr","time":1610002802,"event":{"mods":["BaseMod","Better Twitch Integration","Block Reminder","Colored Map","Colored Powertips","Communication Mod","Current Relic Mod","GifTheSpireLib","HexUI Lib","Minty Spire (QoL Compilation)","Quick Restart","Random Character Button","Rare Cards Sparkle","Relic Sorter","Relic Stats","Slay the Relics Exporter","StSLib","SuperFastMode","Synergy Search","Twitch Decklist","Twitch Utils","everything is the same but u backflip on backflip","slay the spire mod where everything is the same but ironclad has a cowboy hat"],"gold_per_floor":[113,113,129,146,63,63,74,87,87,104,124,23,23,23],"floor_reached":13,"playtime":103,"items_purged":[],"score":79,"play_id":"0afa825a-0290-4916-a252-02464da14cb1","local_time":"20210106230002","is_ascension_mode":false,"campfire_choices":[{"floor":6,"key":"REST"}],"circlet_count":0,"master_deck":["Strike_R","Strike_R","Strike_R","Strike_R","Strike_R","Defend_R","Defend_R","Defend_R","Defend_R","Entrench","Twin Strike","Fiend Fire","Disarm","Combust","Disarm","Entrench"],"relics":["Burning Blood","NeowsBlessing","Blood Vial","Letter Opener"],"acts_visited":["Exordium"],"potions_floor_usage":[],"damage_taken":[{"damage":0,"enemies":"Cultist","floor":1,"turns":1},{"damage":0,"enemies":"Small Slimes","floor":3,"turns":2},{"damage":0,"enemies":"Jaw Worm","floor":4,"turns":1},{"damage":59,"enemies":"Large Slime","floor":7,"turns":21},{"damage":13,"enemies":"Blue Slaver","floor":8,"turns":7},{"damage":10,"enemies":"Looter","floor":10,"turns":3},{"damage":13,"enemies":"3 Louse","floor":11,"turns":5},{"damage":64,"enemies":"Gremlin Nob","floor":13,"turns":5}],"seed_played":"8167709415433344478","potions_obtained":[{"floor":1,"key":"BlessingOfTheForge"},{"floor":7,"key":"FairyPotion"},{"floor":10,"key":"BlessingOfTheForge"}],"is_trial":false,"path_per_floor":["M","?","M","M","?","R","M","M","T","M","M","$","E"],"character_chosen":"IRONCLAD","items_purchased":["SkillPotion","BlessingOfTheForge"],"campfire_rested":1,"item_purchase_floors":[12,12],"current_hp_per_floor":[80,73,79,80,80,80,27,22,22,20,15,15,0,0],"gold":23,"neow_bonus":"THREE_ENEMY_KILL","is_daily":false,"chose_seed":false,"campfire_upgraded":0,"win_rate":0.0,"timestamp":1610002802,"path_taken":["M","?","M","M","?","R","M","M","T","M","?","$","E"],"items_purchased_type":["Potion","Potion"],"build_version":"2020-12-22","purchased_purges":0,"victory":false,"max_hp_per_floor":[80,80,80,80,80,80,80,80,80,80,80,80,80,80],"relic_stats":{"Blood Vial":8,"counters":[8,45],"Letter Opener":[22],"obtain_stats":[{"Blood Vial":5,"NeowsBlessing":0,"Letter Opener":9,"Burning Blood":0},{"Blood Vial":3,"NeowsBlessing":0,"Letter Opener":5,"Burning Blood":0},{"Blood Vial":4,"NeowsBlessing":0,"Letter Opener":32,"Burning Blood":0}],"Burning Blood":31},"card_choices":[{"not_picked":["Searing Blow","Clash"],"picked":"Entrench","floor":1},{"not_picked":["True Grit","Carnage"],"picked":"Twin Strike","floor":3},{"not_picked":["Perfected Strike","Rage"],"picked":"Fiend Fire","floor":4},{"not_picked":["True Grit","Twin Strike"],"picked":"Disarm","floor":7},{"not_picked":["Heavy Blade","Body Slam"],"picked":"Combust","floor":8},{"not_picked":["Body Slam","Wild Strike"],"picked":"Disarm","floor":10},{"not_picked":["Warcry","Iron Wave"],"picked":"Entrench","floor":11}],"player_experience":1451980,"relics_obtained":[{"floor":9,"key":"Letter Opener"}],"event_choices":[{"cards_removed":["Bash"],"damage_healed":0,"gold_gain":0,"player_choice":"Card Removal","damage_taken":7,"max_hp_gain":0,"max_hp_loss":0,"event_name":"Golden Wing","floor":2,"gold_loss":0},{"damage_healed":0,"gold_gain":0,"player_choice":"Paid Gold","damage_taken":0,"relics_obtained":["Blood Vial"],"max_hp_gain":0,"max_hp_loss":0,"event_name":"WeMeetAgain","floor":5,"gold_loss":83}],"is_beta":false,"boss_relics":[],"items_purged_floors":[],"is_endless":false,"potions_floor_spawned":[1,7,10],"killed_by":"Gremlin Nob","ascension_level":0}}