{"host":"raaimkojny05jekw","time":1610018818,"event":{"mods":["AchievementEnabler","BaseMod","Colored Map","Colored Powertips","DeckTracker","Minty Spire (QoL Compilation)","Quick Restart","Rare Cards Sparkle","everything is the same but u backflip on backflip"],"gold_per_floor":[118,130,143,68,68,68,68,68,68,106,131,145,161,184,184,280,280,299,169,169,133,151,151,191,191,191,106,106,106],"floor_reached":28,"playtime":1056,"items_purged":["Strike_G"],"score":580,"play_id":"c87efd4f-99b9-47f0-a841-33d59b82ef94","local_time":"20210107202658","is_ascension_mode":true,"campfire_choices":[{"data":"Neutralize","floor":6,"key":"SMITH"},{"data":"Finisher","floor":8,"key":"SMITH"},{"data":"Terror","floor":15,"key":"SMITH"},{"data":"Infinite Blades","floor":23,"key":"SMITH"},{"data":"Tools of the Trade","floor":25,"key":"SMITH"}],"circlet_count":0,"master_deck":["AscendersBane","Strike_G","Strike_G","Defend_G","Defend_G","Defend_G","Defend_G","Defend_G","Survivor","Neutralize+1","Dash","Infinite Blades+1","Finisher+1","Venomology","Blade Dance","Deflect","Terror+1","A Thousand Cuts","Accuracy","Footwork+1","Well Laid Plans","Dagger Throw","Terror","Underhanded Strike","PiercingWail","Tools of the Trade+1"],"relics":["Ring of the Snake","NeowsBlessing","Golden Idol","Bag of Preparation","The Courier","HoveringKite","Orrery","Anchor","Shuriken","StrikeDummy"],"acts_visited":["Exordium","TheCity"],"potions_floor_usage":[10,10,12,12,12,13,14,16,18,18,21,22,22,24,24],"damage_taken":[{"damage":0,"enemies":"2 Louse","floor":1,"turns":1},{"damage":0,"enemies":"Jaw Worm","floor":2,"turns":1},{"damage":0,"enemies":"Small Slimes","floor":3,"turns":1},{"damage":18,"enemies":"Gremlin Nob","floor":10,"turns":4},{"damage":0,"enemies":"3 Louse","floor":11,"turns":3},{"damage":2,"enemies":"Exordium Wildlife","floor":12,"turns":3},{"damage":0,"enemies":"Looter","floor":13,"turns":3},{"damage":0,"enemies":"Blue Slaver","floor":14,"turns":5},{"damage":0,"enemies":"Hexaghost","floor":16,"turns":7},{"damage":6,"enemies":"3 Byrds","floor":18,"turns":5},{"damage":15,"enemies":"2 Thieves","floor":21,"turns":5},{"damage":8,"enemies":"Snake Plant","floor":22,"turns":5},{"damage":20,"enemies":"Slavers","floor":24,"turns":7},{"damage":34,"enemies":"Sentry and Sphere","floor":28,"turns":5}],"seed_played":"7443745908116771554","potions_obtained":[{"floor":1,"key":"PowerPotion"},{"floor":2,"key":"Weak Potion"},{"floor":11,"key":"EntropicBrew"},{"floor":21,"key":"FearPotion"}],"is_trial":false,"path_per_floor":["M","M","M","$","?","R","?","R","T","E","M","M","M","M","R","B",null,"M","$","?","M","M","R","E","R","T","?","M"],"character_chosen":"THE_SILENT","items_purchased":["Orrery"],"campfire_rested":0,"item_purchase_floors":[19],"current_hp_per_floor":[59,59,59,59,36,36,36,36,36,18,18,16,16,16,16,16,54,48,48,48,33,25,25,5,5,5,5,0,0],"gold":106,"neow_bonus":"THREE_ENEMY_KILL","is_daily":false,"chose_seed":false,"campfire_upgraded":5,"win_rate":0.0,"timestamp":1610018818,"path_taken":["M","M","M","$","?","R","?","R","T","E","M","M","M","M","R","BOSS","M","$","?","M","M","R","E","R","T","?","M"],"items_purchased_type":["Relic"],"build_version":"2020-12-22","purchased_purges":1,"victory":false,"max_hp_per_floor":[66,66,66,66,66,66,66,66,66,66,66,66,66,66,66,66,66,66,66,66,66,66,66,66,66,66,66,66,66],"card_choices":[{"not_picked":["Escape Plan","Sucker Punch"],"picked":"Dash","floor":1},{"not_picked":["PiercingWail","Well Laid Plans"],"picked":"Infinite Blades","floor":2},{"not_picked":["Deadly Poison","Setup"],"picked":"Finisher","floor":3},{"not_picked":["Skewer","Noxious Fumes"],"picked":"Venomology","floor":10},{"not_picked":["Reflex","Terror"],"picked":"Blade Dance","floor":11},{"not_picked":["Flechettes","Bane"],"picked":"Deflect","floor":12},{"not_picked":["Quick Slash","Deflect","Unload"],"picked":"SKIP","floor":13},{"not_picked":["Flechettes","Cloak And Dagger"],"picked":"Terror","floor":14},{"not_picked":["Bullet Time","Venomology"],"picked":"A Thousand Cuts","floor":16},{"not_picked":["Outmaneuver","Deflect+1"],"picked":"Accuracy","floor":18},{"not_picked":["Deadly Poison","Catalyst+1"],"picked":"Footwork+1","floor":19},{"not_picked":["Predator","Dagger Spray"],"picked":"Well Laid Plans","floor":19},{"not_picked":["Flying Knee","Caltrops"],"picked":"Dagger Throw","floor":19},{"not_picked":["Endless Agony+1","Quick Slash"],"picked":"PiercingWail","floor":21},{"not_picked":["Slice","Deflect","Underhanded Strike"],"picked":"SKIP","floor":22},{"not_picked":["Accuracy","Finisher"],"picked":"Tools of the Trade","floor":24}],"player_experience":732905,"relics_obtained":[{"floor":9,"key":"Bag of Preparation"},{"floor":10,"key":"The Courier"},{"floor":24,"key":"Anchor"},{"floor":26,"key":"Shuriken"}],"event_choices":[{"damage_healed":0,"gold_gain":0,"player_choice":"Take Damage","damage_taken":23,"relics_obtained":["Golden Idol"],"max_hp_gain":0,"max_hp_loss":0,"event_name":"Golden Idol","floor":5,"gold_loss":0},{"damage_healed":0,"gold_gain":0,"player_choice":"Ignored","damage_taken":0,"max_hp_gain":0,"max_hp_loss":0,"event_name":"Liars Game","floor":7,"gold_loss":0},{"damage_healed":0,"gold_gain":0,"cards_transformed":["Strike_G","Strike_G"],"player_choice":"Became Test Subject","damage_taken":0,"max_hp_gain":0,"max_hp_loss":0,"event_name":"Drug Dealer","floor":20,"gold_loss":0,"cards_obtained":["Terror","Underhanded Strike"]},{"damage_healed":0,"gold_gain":0,"player_choice":"Obtained Relic","damage_taken":0,"relics_obtained":["StrikeDummy"],"max_hp_gain":0,"max_hp_loss":0,"event_name":"Addict","floor":27,"gold_loss":85}],"is_beta":false,"boss_relics":[{"not_picked":["SacredBark","Tiny House"],"picked":"HoveringKite"}],"items_purged_floors":[4],"is_endless":false,"potions_floor_spawned":[1,2,11,16,21],"killed_by":"Sentry and Sphere","ascension_level":20}}