{"host":"dmdprxj8bosbz96f","time":1610061212,"event":{"mods":["AchievementEnabler","BaseMod","Colored Map","DeckTracker","Minty Spire (QoL Compilation)","Permanent Neow","Quick Restart","SuperFastMode","everything is the same but u backflip on backflip"],"gold_per_floor":[112,41,41,2,13,57,57,84,163,163,189,264,292,334,334,440,440,468,28,28,51,62,62,89,89,89,124,39,59,59,59,59,59,59],"floor_reached":33,"playtime":985,"items_purged":["Defend_G"],"score":366,"play_id":"cc4efeda-2423-4a06-82b5-34aa0e8a65b7","local_time":"20210108081332","is_ascension_mode":true,"campfire_choices":[{"floor":7,"key":"REST"},{"floor":10,"key":"REST"},{"floor":15,"key":"REST"},{"floor":23,"key":"REST"},{"floor":25,"key":"REST"},{"floor":30,"key":"REST"},{"floor":32,"key":"REST"}],"circlet_count":0,"master_deck":["Strike_G","Strike_G","Strike_G","Strike_G","Defend_G+1","Defend_G","Survivor","Neutralize","Corpse Explosion","Dagger Throw+1","Catalyst","Noxious Fumes","Crippling Poison","Bouncing Flask","Deadly Poison","Deflect","Deadly Poison","Well Laid Plans","Malaise","PiercingWail","Footwork","Dodge and Roll","Prepared","Tactician","PiercingWail"],"relics":["Ring of the Snake","CeramicFish","Bottled Tornado","Dead Branch","Empty Cage","ClockworkSouvenir","Tiny Chest","Juzu Bracelet","Pear","Pocketwatch","Oddly Smooth Stone","Shuriken"],"acts_visited":["Exordium","TheCity"],"potions_floor_usage":[13,14,22,22,29,33],"damage_taken":[{"damage":6,"enemies":"Jaw Worm","floor":1,"turns":5},{"damage":0,"enemies":"Small Slimes","floor":5,"turns":2},{"damage":28,"enemies":"3 Sentries","floor":6,"turns":6},{"damage":10,"enemies":"2 Louse","floor":8,"turns":2},{"damage":13,"enemies":"Red Slaver","floor":11,"turns":4},{"damage":3,"enemies":"3 Louse","floor":13,"turns":3},{"damage":10,"enemies":"Lagavulin","floor":14,"turns":5},{"damage":18,"enemies":"The Guardian","floor":16,"turns":6},{"damage":51,"enemies":"2 Thieves","floor":18,"turns":5},{"damage":4,"enemies":"Shell Parasite","floor":22,"turns":5},{"damage":14,"enemies":"Snake Plant","floor":24,"turns":5},{"damage":44,"enemies":"Book of Stabbing","floor":27,"turns":7},{"damage":0,"enemies":"3 Cultists","floor":29,"turns":3},{"damage":64,"enemies":"Collector","floor":33,"turns":9}],"seed_played":"6442138112311907520","potions_obtained":[{"floor":11,"key":"AttackPotion"},{"floor":13,"key":"Fruit Juice"},{"floor":16,"key":"Strength Potion"},{"floor":18,"key":"Weak Potion"},{"floor":27,"key":"DuplicationPotion"},{"floor":29,"key":"LiquidMemories"}],"is_trial":false,"path_per_floor":["M","$","?","$","M","E","R","M","T","R","M","?","M","E","R","B",null,"M","$","?","T","M","R","M","R","T","E","?","M","R","T","R","B"],"character_chosen":"THE_SILENT","items_purchased":["Catalyst","Noxious Fumes","Footwork","Dodge and Roll","ClockworkSouvenir","Tiny Chest"],"campfire_rested":7,"item_purchase_floors":[2,4,19,19,19,19],"current_hp_per_floor":[64,64,50,50,50,22,43,33,33,54,41,30,32,22,44,26,63,12,12,12,12,8,30,16,38,48,4,4,4,29,29,54,0,0],"gold":59,"neow_bonus":"ONE_RANDOM_RARE_CARD","is_daily":false,"chose_seed":false,"campfire_upgraded":0,"win_rate":0.0,"timestamp":1610061212,"path_taken":["M","$","?","$","M","E","R","M","T","R","M","?","M","E","R","BOSS","M","$","?","?","M","R","M","R","T","E","?","M","R","?","R","BOSS"],"items_purchased_type":["Card","Card","Card","Card","Relic","Relic"],"build_version":"2020-12-22","purchased_purges":1,"victory":false,"max_hp_per_floor":[70,70,70,70,70,70,70,70,70,70,70,70,75,75,75,75,75,75,75,75,75,75,75,75,75,85,85,85,85,85,85,85,85,85],"card_choices":[{"not_picked":["Outmaneuver","Dodge and Roll"],"picked":"Dagger Throw","floor":1},{"not_picked":["Well Laid Plans","Poisoned Stab"],"picked":"Crippling Poison","floor":5},{"not_picked":["Flying Knee","Terror"],"picked":"Bouncing Flask","floor":6},{"not_picked":["Prepared","Escape Plan"],"picked":"Deadly Poison","floor":8},{"not_picked":["Flying Knee","Catalyst"],"picked":"Deflect","floor":11},{"not_picked":["Quick Slash","Calculated Gamble"],"picked":"Deadly Poison","floor":13},{"not_picked":["Terror","All Out Attack"],"picked":"Well Laid Plans","floor":14},{"not_picked":["Envenom","A Thousand Cuts"],"picked":"Malaise","floor":16},{"not_picked":["Terror","Dagger Throw"],"picked":"PiercingWail","floor":18},{"not_picked":["Flying Knee","Dagger Spray","Concentrate"],"picked":"SKIP","floor":22},{"not_picked":["Sucker Punch","Quick Slash"],"picked":"Prepared","floor":24},{"not_picked":["Skewer","Finisher"],"picked":"Tactician","floor":27},{"not_picked":["Deadly Poison","Poisoned Stab"],"picked":"PiercingWail","floor":29}],"player_experience":172012,"relics_obtained":[{"floor":6,"key":"CeramicFish"},{"floor":9,"key":"Bottled Tornado"},{"floor":14,"key":"Dead Branch"},{"floor":21,"key":"Juzu Bracelet"},{"floor":26,"key":"Pear"},{"floor":27,"key":"Pocketwatch"},{"floor":31,"key":"Shuriken"}],"event_choices":[{"damage_healed":0,"gold_gain":0,"player_choice":"Entered Light","damage_taken":14,"max_hp_gain":0,"max_hp_loss":0,"event_name":"Shining Light","floor":3,"gold_loss":0,"cards_upgraded":["Dagger Throw","Defend_G"]},{"damage_healed":0,"gold_gain":75,"player_choice":"Gather Gold","damage_taken":11,"max_hp_gain":0,"max_hp_loss":0,"event_name":"World of Goop","floor":12,"gold_loss":0},{"cards_removed":["Strike_G"],"damage_healed":0,"gold_gain":0,"player_choice":"Elegance","damage_taken":0,"max_hp_gain":0,"max_hp_loss":0,"event_name":"Back to Basics","floor":20,"gold_loss":0},{"damage_healed":0,"gold_gain":0,"player_choice":"Obtained Relic","damage_taken":0,"relics_obtained":["Oddly Smooth Stone"],"max_hp_gain":0,"max_hp_loss":0,"event_name":"Addict","floor":28,"gold_loss":85}],"is_beta":false,"boss_relics":[{"not_picked":["SlaversCollar","Black Star"],"picked":"Empty Cage"}],"items_purged_floors":[19],"is_endless":false,"potions_floor_spawned":[11,13,16,18,27,29],"killed_by":"Collector","ascension_level":5}}