{"host":"d8hh7rr4yzitjeuj","time":1610021055,"event":{"mods":["2.2 Compatiblity","AchievementEnabler","Act Like it!","BaseMod","Colored Map","Colored Powertips","Highlight Path","Keyboard Shortcuts","Minty Spire (QoL Compilation)","Permanent Neow","Quick Restart","StSLib","SuperFastMode"],"gold_per_floor":[111,127,138,153,170,198,163,163,163,196,215,226,11,30,30,107,107,125,139,139,189,139,165,176,186,186,218,218,218,218,248,248,248,248],"floor_reached":33,"playtime":951,"items_purged":["Strike_R"],"score":598,"play_id":"40025be2-3c29-4bb8-b195-40e38b3bca2f","local_time":"20210107210415","is_ascension_mode":true,"campfire_choices":[{"data":"Immolate","floor":8.0,"key":"SMITH"},{"data":"Body Slam","floor":15.0,"key":"SMITH"},{"data":"Barricade","floor":28.0,"key":"SMITH"},{"data":"True Grit","floor":30.0,"key":"SMITH"},{"floor":32,"key":"REST"}],"circlet_count":0,"master_deck":["AscendersBane","Strike_R","Strike_R","Strike_R","Strike_R","Defend_R+1","Defend_R+1","Defend_R+1","Defend_R","Bash+1","Blood for Blood","Shrug It Off","Second Wind","Shockwave","Immolate+1","Headbutt","Battle Trance","Evolve","Flame Barrier","Body Slam+1","Impervious","True Grit+1","Dual Wield+1","Necronomicurse","Impervious","Pommel Strike","Barricade+1","Decay","Dark Embrace"],"relics":["Burning Blood","Smiling Mask","Mercury Hourglass","War Paint","Lee\u0027s Waffle","SacredBark","Necronomicon","Question Card","Bottled Flame","Red Mask","The Courier"],"acts_visited":["Exordium","TheCity"],"potions_floor_usage":[33,33],"damage_taken":[{"damage":9.0,"enemies":"Jaw Worm","floor":1.0,"turns":4.0},{"damage":14.0,"enemies":"2 Louse","floor":2.0,"turns":3.0},{"damage":8.0,"enemies":"Small Slimes","floor":3.0,"turns":4.0},{"damage":11.0,"enemies":"3 Louse","floor":4.0,"turns":5.0},{"damage":21.0,"enemies":"Exordium Thugs","floor":5.0,"turns":4.0},{"damage":26.0,"enemies":"Gremlin Nob","floor":6.0,"turns":4.0},{"damage":30.0,"enemies":"Lagavulin","floor":10.0,"turns":5.0},{"damage":0.0,"enemies":"2 Fungi Beasts","floor":11.0,"turns":1.0},{"damage":0.0,"enemies":"3 Louse","floor":12.0,"turns":2.0},{"damage":18.0,"enemies":"Exordium Wildlife","floor":14.0,"turns":3.0},{"damage":26.0,"enemies":"Slime Boss","floor":16.0,"turns":8.0},{"damage":4.0,"enemies":"Shell Parasite","floor":18.0,"turns":8.0},{"damage":6.0,"enemies":"3 Byrds","floor":19.0,"turns":1.0},{"damage":27.0,"enemies":"Book of Stabbing","floor":23.0,"turns":4.0},{"damage":0.0,"enemies":"3 Cultists","floor":24.0,"turns":2.0},{"damage":0.0,"enemies":"Cultist and Chosen","floor":25.0,"turns":5.0},{"damage":0.0,"enemies":"Masked Bandits","floor":27.0,"turns":1.0},{"damage":37.0,"enemies":"Gremlin Leader","floor":31.0,"turns":8.0},{"damage":52,"enemies":"Champ","floor":33,"turns":6}],"seed_played":"1934454579440098001","potions_obtained":[{"floor":1.0,"key":"BlessingOfTheForge"},{"floor":2.0,"key":"BlessingOfTheForge"},{"floor":5.0,"key":"ColorlessPotion"},{"floor":6.0,"key":"LiquidBronze"},{"floor":11.0,"key":"PowerPotion"},{"floor":25.0,"key":"GamblersBrew"},{"floor":31,"key":"DuplicationPotion"}],"is_trial":false,"path_per_floor":["M","M","M","M","M","E","?","R","T","E","M","M","$","M","R","B",null,"M","M","?","?","?","E","M","M","T","?","R","?","R","E","R","B"],"character_chosen":"IRONCLAD","items_purchased":["Lee\u0027s Waffle"],"campfire_rested":1,"item_purchase_floors":[13],"current_hp_per_floor":[65,57,55,50,35,15,33,33,33,9,15,21,82,70,70,50,74,76,76,55,55,55,34,40,46,46,52,52,52,52,21,45,0,0],"gold":248,"neow_bonus":"UPGRADE_CARD","is_daily":false,"chose_seed":false,"campfire_upgraded":4,"win_rate":0.0,"timestamp":1610021055,"path_taken":["M","M","M","M","M","E","?","R","T","E","M","M","$","M","R","BOSS","M","M","?","?","?","E","M","?","T","?","R","?","R","E","R","BOSS"],"items_purchased_type":["Relic"],"build_version":"2020-12-22","purchased_purges":1,"victory":false,"max_hp_per_floor":[75,75,75,75,75,75,75,75,75,75,75,75,82,82,82,82,82,82,82,82,82,82,82,82,82,82,82,82,82,82,82,82,82,82],"card_choices":[{"not_picked":["Sword Boomerang","Warcry"],"picked":"Blood for Blood","floor":1.0},{"not_picked":["Iron Wave","Inflame"],"picked":"Shrug It Off","floor":2.0},{"not_picked":["Seeing Red","Heavy Blade"],"picked":"Second Wind","floor":3.0},{"not_picked":["Rupture","Perfected Strike"],"picked":"Shockwave","floor":4.0},{"not_picked":["True Grit","Havoc"],"picked":"Immolate","floor":5.0},{"not_picked":["Perfected Strike","Heavy Blade"],"picked":"Headbutt","floor":6.0},{"not_picked":["Intimidate","Carnage"],"picked":"Battle Trance","floor":10.0},{"not_picked":["Body Slam","Dropkick"],"picked":"Evolve","floor":11.0},{"not_picked":["Thunderclap","Flex"],"picked":"Flame Barrier","floor":12.0},{"not_picked":["Twin Strike","Seeing Red"],"picked":"Body Slam","floor":14.0},{"not_picked":["Juggernaut","Immolate"],"picked":"Impervious","floor":16.0},{"not_picked":["Disarm","Evolve"],"picked":"True Grit","floor":18.0},{"not_picked":["Perfected Strike","Anger"],"picked":"Dual Wield","floor":19.0},{"not_picked":["Carnage","Seeing Red"],"picked":"Impervious","floor":23.0},{"not_picked":["Anger","Rage","Iron Wave+1"],"picked":"Pommel Strike","floor":24.0},{"not_picked":["Iron Wave","Pummel+1","Flex","Dropkick"],"picked":"SKIP","floor":25.0},{"not_picked":["Cleave","Searing Blow","Body Slam"],"picked":"Barricade","floor":27.0},{"not_picked":["Inflame","Disarm+1","Rampage"],"picked":"Dark Embrace","floor":31}],"player_experience":1424130,"relics_obtained":[{"floor":6.0,"key":"Smiling Mask"},{"floor":9.0,"key":"Mercury Hourglass"},{"floor":10.0,"key":"War Paint"},{"floor":20.0,"key":"Necronomicon"},{"floor":23.0,"key":"Question Card"},{"floor":26.0,"key":"Bottled Flame"},{"floor":27.0,"key":"Red Mask"},{"floor":31,"key":"The Courier"}],"event_choices":[{"damage_healed":18.0,"max_hp_gain":0.0,"max_hp_loss":0.0,"gold_gain":0.0,"event_name":"The Cleric","player_choice":"Healed","floor":7.0,"gold_loss":35.0,"damage_taken":0.0},{"damage_healed":0.0,"max_hp_gain":0.0,"max_hp_loss":0.0,"gold_gain":0.0,"event_name":"Cursed Tome","player_choice":"Obtained Book","floor":20.0,"gold_loss":0.0,"damage_taken":21.0},{"damage_healed":0.0,"max_hp_gain":0.0,"max_hp_loss":0.0,"gold_gain":50.0,"event_name":"Nest","player_choice":"Stole From Cult","floor":21.0,"gold_loss":0.0,"damage_taken":0.0},{"damage_healed":0.0,"max_hp_gain":0.0,"max_hp_loss":0.0,"gold_gain":0.0,"event_name":"Designer","player_choice":"Upgraded Two","floor":22.0,"gold_loss":50.0,"damage_taken":0.0,"cards_upgraded":["Dual Wield","Defend_R"]},{"damage_healed":0.0,"max_hp_gain":0.0,"max_hp_loss":0.0,"gold_gain":0.0,"event_name":"Masked Bandits","player_choice":"Fought Bandits","floor":27.0,"gold_loss":0.0,"damage_taken":0.0},{"damage_healed":0.0,"max_hp_gain":0.0,"max_hp_loss":0.0,"gold_gain":0.0,"event_name":"Forgotten Altar","player_choice":"Smashed Altar","floor":29.0,"gold_loss":0.0,"damage_taken":0.0,"cards_obtained":["Decay"]}],"is_beta":false,"boss_relics":[{"not_picked":["Coffee Dripper","Runic Pyramid"],"picked":"SacredBark"}],"items_purged_floors":[13],"is_endless":false,"potions_floor_spawned":[1,2,5,6,11,16,25,31],"killed_by":"Champ","ascension_level":20}}