{"host":"cv77zuuuekizn3ic","time":1610010674,"event":{"mods":["AchievementEnabler","BaseMod","Marisa£®ÏF”Í°°ƒß¿Ì…≥£©","Minty Spire (QoL Compilation)","StSLib","Waifu the Spire","everything is the same but u backflip on backflip","slay the spire mod where everything is the same but ironclad has a cowboy hat"],"gold_per_floor":[112,54,54,4,4,37,56,56,137,172,190,190,210,242,242,316,316,330,2,2,2,20,20,38,38,38],"floor_reached":25,"playtime":773,"items_purged":["Strike_R"],"score":488,"play_id":"9d40ce83-4d5d-444c-ba14-eefa81551797","local_time":"20210107171114","is_ascension_mode":true,"campfire_choices":[{"data":"Bludgeon","floor":8.0,"key":"SMITH"},{"data":"Armaments","floor":12.0,"key":"SMITH"},{"data":"Barricade","floor":15.0,"key":"SMITH"},{"data":"Dark Embrace","floor":23,"key":"SMITH"}],"circlet_count":0,"master_deck":["AscendersBane","Strike_R","Strike_R","Strike_R","Strike_R","Defend_R","Defend_R","Defend_R","Defend_R","Bash","Armaments+1","Body Slam","Clash","Bludgeon+1","Intimidate","Flex+1","Barricade+1","Impervious+1","Evolve","Dark Embrace+1","Exhume+1","Second Wind+1"],"relics":["Burning Blood","NeowsBlessing","Turnip","Toxic Egg 2","Pear","Unceasing Top","Runic Dome","Membership Card"],"acts_visited":["Exordium","TheCity"],"potions_floor_usage":[24,25],"damage_taken":[{"damage":0.0,"enemies":"Small Slimes","floor":1.0,"turns":1.0},{"damage":0.0,"enemies":"Gremlin Nob","floor":6.0,"turns":1.0},{"damage":0.0,"enemies":"Cultist","floor":7.0,"turns":1.0},{"damage":12.0,"enemies":"Lagavulin","floor":10.0,"turns":5.0},{"damage":14.0,"enemies":"Jaw Worm","floor":11.0,"turns":4.0},{"damage":9.0,"enemies":"Large Slime","floor":13.0,"turns":5.0},{"damage":17.0,"enemies":"3 Sentries","floor":14.0,"turns":8.0},{"damage":23.0,"enemies":"Slime Boss","floor":16.0,"turns":10.0},{"damage":17.0,"enemies":"Shell Parasite","floor":18.0,"turns":6.0},{"damage":6,"enemies":"Spheric Guardian","floor":22,"turns":4},{"damage":18,"enemies":"Centurion and Healer","floor":24,"turns":5},{"damage":27,"enemies":"Gremlin Leader","floor":25,"turns":4}],"seed_played":"-3678470036474095299","potions_obtained":[{"floor":1.0,"key":"Weak Potion"},{"floor":6.0,"key":"Explosive Potion"},{"floor":14.0,"key":"PowerPotion"},{"floor":16.0,"key":"DuplicationPotion"},{"floor":22,"key":"SpeedPotion"}],"is_trial":false,"path_per_floor":["M","$","?","$","?","E","M","R","T","E","M","R","M","E","R","B",null,"M","$","?","?","M","R","M","E"],"character_chosen":"IRONCLAD","items_purchased":["Body Slam","Clash","Membership Card","Dark Embrace","Exhume+1"],"campfire_rested":0,"item_purchase_floors":[2,4,19,19,19],"current_hp_per_floor":[74,74,74,74,74,75,75,75,75,79,71,71,68,57,57,40,74,63,63,38,38,38,38,26,0,0],"gold":38,"neow_bonus":"THREE_ENEMY_KILL","is_daily":false,"chose_seed":false,"campfire_upgraded":4,"win_rate":0.0,"timestamp":1610010674,"path_taken":["M","$","?","$","?","E","M","R","T","E","M","R","?","E","R","BOSS","M","$","?","?","M","R","M","E"],"items_purchased_type":["Card","Card","Relic","Card","Card"],"build_version":"2020-12-22","purchased_purges":1,"victory":false,"max_hp_per_floor":[75,75,75,75,75,75,75,75,75,85,85,85,85,85,85,85,85,85,85,90,90,90,90,90,90,90],"card_choices":[{"not_picked":["Reckless Charge","Pummel"],"picked":"Armaments","floor":1.0},{"not_picked":["Rampage","Perfected Strike"],"picked":"Intimidate","floor":6.0},{"not_picked":["Sentinel","Blood for Blood","Warcry"],"picked":"SKIP","floor":7.0},{"not_picked":["Armaments+1","Flame Barrier+1"],"picked":"Flex+1","floor":10.0},{"not_picked":["Wild Strike","Rupture","Bludgeon"],"picked":"SKIP","floor":11.0},{"not_picked":["Warcry+1","Wild Strike","Anger"],"picked":"SKIP","floor":13.0},{"not_picked":["Warcry+1","Anger"],"picked":"Barricade","floor":14.0},{"not_picked":["Barricade","Juggernaut"],"picked":"Impervious+1","floor":16.0},{"not_picked":["Clash","Hemokinesis"],"picked":"Evolve","floor":18.0},{"not_picked":["Entrench+1","Thunderclap"],"picked":"Second Wind+1","floor":22},{"not_picked":["Combust","Armaments+1","Intimidate+1"],"picked":"SKIP","floor":24}],"player_experience":768990,"relics_obtained":[{"floor":6.0,"key":"Turnip"},{"floor":9.0,"key":"Toxic Egg 2"},{"floor":10.0,"key":"Pear"},{"floor":14.0,"key":"Unceasing Top"}],"event_choices":[{"damage_healed":0.0,"max_hp_gain":0.0,"max_hp_loss":0.0,"gold_gain":0.0,"event_name":"The Cleric","player_choice":"Leave","floor":3.0,"gold_loss":0.0,"damage_taken":0.0},{"damage_healed":0.0,"max_hp_gain":0.0,"max_hp_loss":0.0,"gold_gain":0.0,"event_name":"Match and Keep!","player_choice":"1 cards matched","floor":5.0,"gold_loss":0.0,"damage_taken":0.0,"cards_obtained":["Bludgeon"]},{"damage_healed":0.0,"max_hp_gain":5.0,"max_hp_loss":0.0,"gold_gain":0.0,"event_name":"Forgotten Altar","player_choice":"Shed Blood","floor":20.0,"gold_loss":0.0,"damage_taken":30.0}],"is_beta":false,"boss_relics":[{"not_picked":["Mark of Pain","Tiny House"],"picked":"Runic Dome"}],"items_purged_floors":[19],"is_endless":false,"potions_floor_spawned":[1,6,14,16,22],"killed_by":"Gremlin Leader","ascension_level":20}}