{"host":"hnfelxnirsihwvcb","time":1610061315,"event":{"mods":["BaseMod","Colored Map","DeckTracker","Highlight Path","Minty Spire (QoL Compilation)","Quick Restart","Relic Sorter","Relic Stats","Shop Mod","StSLib","SuperFastMode"],"gold_per_floor":[110,123,123,136,147,147,63,63,63,82,108,108,133,149,149,247,247,261,261,277,294,69,69,87,116,193,213,213,223,251,97,97,200,200,216,71,0,0,11,61,61,71,116,116,128,157,176,207,207,207],"floor_reached":51,"playtime":3639,"items_purged":[],"score":1389,"play_id":"d684a4a1-d209-4ef3-993b-1bfd9fa13183","local_time":"20210108001515","daily_mods":["SealedDeck","Vintage","Uncertain Future","Binary"],"is_ascension_mode":true,"campfire_choices":[{"data":"Backstab","floor":6,"key":"SMITH"},{"data":"Cloak And Dagger","floor":8,"key":"SMITH"},{"floor":15,"key":"REST"},{"data":"1","floor":23,"key":"LIFT"},{"data":"Blade Dance","floor":28,"key":"SMITH"},{"data":"2","floor":32,"key":"LIFT"},{"data":"3","floor":41,"key":"LIFT"},{"data":"Leg Sweep","floor":44,"key":"SMITH"},{"data":"Acrobatics","floor":49,"key":"SMITH"}],"circlet_count":0,"master_deck":["AscendersBane","Acrobatics+1","PiercingWail+1","Deadly Poison+1","Deadly Poison+1","Deflect","Infinite Blades+1","Blade Dance+1","Cloak And Dagger+1","Backstab+1","Caltrops","Good Instincts","Leg Sweep+1"],"relics":["Ring of the Snake","Busted Crown","Blue Candle","War Paint","Matryoshka","Bronze Scales","Omamori","Singing Bowl","Pantograph","Bag of Preparation","Girya","Oddly Smooth Stone","Calling Bell","Snake Skull","Meat on the Bone","Ice Cream","Kunai","TungstenRod","CeramicFish","Eternal Feather","TwistedFunnel","StrikeDummy","Mummified Hand","Darkstone Periapt","Ninja Scroll","Bottled Flame","Letter Opener","Nunchaku","Ancient Tea Set","Cursed Key","Bottled Lightning","PreservedInsect","Red Mask","Bag of Marbles","Incense Burner","Bottled Tornado","Strawberry","Anchor","Pen Nib","Blood Vial","White Beast Statue"],"acts_visited":["Exordium","TheCity","TheBeyond"],"potions_floor_usage":[11,16,50],"damage_taken":[{"damage":0,"enemies":"2 Louse","floor":1,"turns":2},{"damage":0,"enemies":"Cultist","floor":2,"turns":3},{"damage":0,"enemies":"Small Slimes","floor":4,"turns":2},{"damage":1,"enemies":"Blue Slaver","floor":5,"turns":2},{"damage":0,"enemies":"Large Slime","floor":10,"turns":3},{"damage":16,"enemies":"3 Sentries","floor":11,"turns":6},{"damage":18,"enemies":"Gremlin Nob","floor":13,"turns":3},{"damage":1,"enemies":"Looter","floor":14,"turns":2},{"damage":5,"enemies":"Hexaghost","floor":16,"turns":5},{"damage":0,"enemies":"Shell Parasite","floor":18,"turns":3},{"damage":0,"enemies":"Chosen","floor":20,"turns":3},{"damage":0,"enemies":"Centurion and Healer","floor":21,"turns":5},{"damage":0,"enemies":"Chosen and Byrds","floor":24,"turns":3},{"damage":0,"enemies":"Slavers","floor":25,"turns":4},{"damage":0,"enemies":"Snecko","floor":27,"turns":3},{"damage":0,"enemies":"Sentry and Sphere","floor":29,"turns":3},{"damage":0,"enemies":"Book of Stabbing","floor":30,"turns":3},{"damage":0,"enemies":"Automaton","floor":33,"turns":5},{"damage":0,"enemies":"3 Darklings","floor":35,"turns":2},{"damage":0,"enemies":"3 Shapes","floor":39,"turns":2},{"damage":0,"enemies":"Mind Bloom Boss Battle","floor":40,"turns":2},{"damage":0,"enemies":"Writhing Mass","floor":42,"turns":3},{"damage":0,"enemies":"4 Shapes","floor":45,"turns":2},{"damage":0,"enemies":"Reptomancer","floor":46,"turns":3},{"damage":0,"enemies":"3 Darklings","floor":47,"turns":2},{"damage":0,"enemies":"Giant Head","floor":48,"turns":4},{"damage":2,"enemies":"Time Eater","floor":50,"turns":8}],"seed_played":"2931092200171817240","potions_obtained":[{"floor":4,"key":"Block Potion"},{"floor":5,"key":"GamblersBrew"},{"floor":11,"key":"DistilledChaos"},{"floor":14,"key":"Fire Potion"},{"floor":18,"key":"Dexterity Potion"},{"floor":20,"key":"Explosive Potion"},{"floor":25,"key":"CultistPotion"},{"floor":29,"key":"GhostInAJar"}],"is_trial":true,"path_per_floor":["M","M","?","M","M","R","$","R","T","M","E","?","E","M","R","B",null,"M","?","M","M","$","R","M","E","T","M","R","M","E","$","R","B",null,"M","$","?","?","M","?","R","M","T","R","M","E","M","E","R","B",null],"character_chosen":"THE_SILENT","items_purchased":["Good Instincts","TwistedFunnel","Leg Sweep","Ancient Tea Set","PreservedInsect"],"campfire_rested":1,"item_purchase_floors":[7,22,22,31,36],"current_hp_per_floor":[63,63,63,63,62,62,62,62,62,62,46,32,14,13,34,54,66,66,66,66,66,66,70,70,70,70,70,70,70,70,70,70,70,70,70,70,70,70,70,70,70,70,77,77,77,77,77,77,77,75],"gold":207,"neow_bonus":"","is_daily":false,"chose_seed":false,"campfire_upgraded":5,"win_rate":0.0,"timestamp":1610061315,"path_taken":["M","M","?","?","M","R","$","R","T","M","E","?","E","M","R","BOSS","M","?","M","M","?","R","M","E","T","M","R","?","E","$","R","BOSS","M","$","?","?","M","?","R","M","T","R","M","E","M","E","R","BOSS"],"items_purchased_type":["Card","Relic","Card","Relic","Relic"],"build_version":"2020-12-22","purchased_purges":0,"victory":true,"max_hp_per_floor":[70,70,70,70,70,70,70,70,70,70,70,70,70,70,70,70,70,70,70,70,70,70,70,70,70,70,70,70,70,70,70,70,70,70,70,70,70,70,70,70,70,70,77,77,77,77,77,77,77,77],"relic_stats":{"Darkstone Periapt":0,"Singing Bowl":0,"counters":[27,88],"Blue Candle":[0],"CeramicFish":9,"Eternal Feather":4,"Snake Skull":[99],"PreservedInsect":189,"Pen Nib":[6],"Bag of Preparation":[16],"Letter Opener":[279],"War Paint":["Deadly Poison","PiercingWail"],"Cursed Key":1,"Blood Vial":0,"Nunchaku":[17],"Busted Crown":20,"Mummified Hand":[27],"Bronze Scales":[211],"Pantograph":25,"Kunai":[70],"obtain_stats":[{"Ice Cream":17,"TwistedFunnel":22,"Darkstone Periapt":26,"Singing Bowl":9,"CeramicFish":20,"Snake Skull":17,"Bag of Preparation":11,"Incense Burner":40,"Bottled Tornado":42,"Ancient Tea Set":31,"Cursed Key":34,"Blood Vial":47,"Nunchaku":30,"Matryoshka":4,"Mummified Hand":25,"Ninja Scroll":26,"Pantograph":10,"Strawberry":43,"Red Mask":37,"Kunai":18,"Ring of the Snake":0,"Girya":13,"Blue Candle":1,"Oddly Smooth Stone":14,"Eternal Feather":21,"PreservedInsect":36,"Pen Nib":46,"Omamori":9,"Letter Opener":29,"War Paint":2,"White Beast Statue":48,"Calling Bell":17,"Bottled Flame":27,"Anchor":45,"Busted Crown":0,"Bronze Scales":5,"Bag of Marbles":39,"Bottled Lightning":35,"StrikeDummy":24,"TungstenRod":19,"Meat on the Bone":17},{"Ice Cream":9,"TwistedFunnel":12,"Darkstone Periapt":14,"Singing Bowl":4,"CeramicFish":11,"Snake Skull":9,"Bag of Preparation":6,"Incense Burner":21,"Bottled Tornado":22,"Ancient Tea Set":17,"Cursed Key":18,"Blood Vial":25,"Nunchaku":17,"Matryoshka":3,"Mummified Hand":14,"Ninja Scroll":14,"Pantograph":5,"Strawberry":22,"Red Mask":19,"Kunai":10,"Ring of the Snake":0,"Girya":7,"Blue Candle":1,"Oddly Smooth Stone":8,"Eternal Feather":12,"PreservedInsect":19,"Pen Nib":24,"Omamori":4,"Letter Opener":16,"War Paint":2,"White Beast Statue":26,"Calling Bell":9,"Bottled Flame":15,"Anchor":23,"Busted Crown":0,"Bronze Scales":4,"Bag of Marbles":20,"Bottled Lightning":19,"StrikeDummy":13,"TungstenRod":10,"Meat on the Bone":9},{"Ice Cream":28,"TwistedFunnel":39,"Darkstone Periapt":46,"Singing Bowl":9,"CeramicFish":34,"Snake Skull":28,"Bag of Preparation":18,"Incense Burner":66,"Bottled Tornado":69,"Ancient Tea Set":55,"Cursed Key":60,"Blood Vial":76,"Nunchaku":55,"Matryoshka":7,"Mummified Hand":46,"Ninja Scroll":46,"Pantograph":12,"Strawberry":69,"Red Mask":62,"Kunai":31,"Ring of the Snake":0,"Girya":21,"Blue Candle":2,"Oddly Smooth Stone":23,"Eternal Feather":39,"PreservedInsect":62,"Pen Nib":74,"Omamori":9,"Letter Opener":52,"War Paint":5,"White Beast Statue":80,"Calling Bell":28,"Bottled Flame":49,"Anchor":71,"Busted Crown":0,"Bronze Scales":9,"Bag of Marbles":64,"Bottled Lightning":62,"StrikeDummy":42,"TungstenRod":31,"Meat on the Bone":28}],"TungstenRod":2,"Ring of the Snake":[54],"Meat on the Bone":0},"card_choices":[],"player_experience":790724,"relics_obtained":[{"floor":1,"key":"Blue Candle"},{"floor":2,"key":"War Paint"},{"floor":4,"key":"Matryoshka"},{"floor":5,"key":"Bronze Scales"},{"floor":9,"key":"Omamori"},{"floor":9,"key":"Singing Bowl"},{"floor":10,"key":"Pantograph"},{"floor":11,"key":"Bag of Preparation"},{"floor":13,"key":"Girya"},{"floor":14,"key":"Oddly Smooth Stone"},{"floor":17,"key":"Snake Skull"},{"floor":17,"key":"Meat on the Bone"},{"floor":17,"key":"Ice Cream"},{"floor":18,"key":"Kunai"},{"floor":20,"key":"CeramicFish"},{"floor":21,"key":"Eternal Feather"},{"floor":24,"key":"StrikeDummy"},{"floor":25,"key":"Mummified Hand"},{"floor":26,"key":"Darkstone Periapt"},{"floor":26,"key":"Ninja Scroll"},{"floor":27,"key":"Bottled Flame"},{"floor":29,"key":"Letter Opener"},{"floor":30,"key":"Nunchaku"},{"floor":35,"key":"Bottled Lightning"},{"floor":39,"key":"Bag of Marbles"},{"floor":40,"key":"Incense Burner"},{"floor":42,"key":"Bottled Tornado"},{"floor":43,"key":"Strawberry"},{"floor":45,"key":"Anchor"},{"floor":46,"key":"Pen Nib"},{"floor":47,"key":"Blood Vial"},{"floor":48,"key":"White Beast Statue"}],"event_choices":[{"damage_healed":0,"gold_gain":0,"player_choice":"Ignored","damage_taken":0,"max_hp_gain":0,"max_hp_loss":0,"event_name":"Purifier","floor":3,"gold_loss":0},{"damage_healed":0,"gold_gain":0,"player_choice":"Entered Light","damage_taken":14,"max_hp_gain":0,"max_hp_loss":0,"event_name":"Shining Light","floor":12,"gold_loss":0,"cards_upgraded":["Infinite Blades","Deadly Poison"]},{"damage_healed":0,"gold_gain":0,"player_choice":"Gave Potion","damage_taken":0,"relics_obtained":["TungstenRod"],"max_hp_gain":0,"max_hp_loss":0,"event_name":"WeMeetAgain","floor":19,"gold_loss":0},{"damage_healed":0,"gold_gain":0,"player_choice":"Paid","damage_taken":0,"relics_obtained":["Red Mask"],"max_hp_gain":0,"max_hp_loss":0,"event_name":"Tomb of Lord Red Mask","floor":37,"gold_loss":71},{"damage_healed":0,"gold_gain":0,"player_choice":"Ignored","damage_taken":0,"max_hp_gain":0,"max_hp_loss":0,"event_name":"Mysterious Sphere","floor":38,"gold_loss":0},{"damage_healed":0,"gold_gain":0,"player_choice":"Fight","damage_taken":0,"max_hp_gain":0,"max_hp_loss":0,"event_name":"MindBloom","floor":40,"gold_loss":0}],"is_beta":false,"boss_relics":[{"not_picked":["Philosopher\u0027s Stone","Fusion Hammer"],"picked":"Calling Bell"},{"not_picked":["Astrolabe","Velvet Choker"],"picked":"Cursed Key"}],"items_purged_floors":[],"is_endless":false,"potions_floor_spawned":[4,5,11,14,18,20,25,29,30,39,42,45,46,47],"ascension_level":10}}