{"host":"vknm03unwrfz4wfe","time":1610028536,"event":{"mods":["Act Like it!","BaseMod","CapriCore","Downfall","Friendly Minions","Lobotomy","Minty Spire (QoL Compilation)","Prisma Mod","Reimu¡]³Õ???¡^","Remilia¡]Á¢¦Ì²ú?¡^","StSLib","SuperFastMode","The Animator","The Cursed","The Hayseed","The Runesmith","The Servant 0.9.4","WarShipGirlsR/??¤Ö¤kR mod","Yakumo Yukari mod","Yuyuko"],"gold_per_floor":[238,238,238,256,256,288,288,313,313,265,277,292,307,70,70,170,170,190,190,201,217,235,265,265,265,320,351,361,204,204,214,214,315,315,330,330,343,362,712,737,747,747,772,772,872,904,923,936,936,936,936,936,358,386,386],"floor_reached":56,"playtime":2266,"items_purged":[],"score":1484,"play_id":"000ef885-3fbc-4cce-92fc-df63da7a5bcd","local_time":"20210107220856","is_ascension_mode":false,"campfire_choices":[{"floor":7,"key":"REST"},{"floor":15,"key":"REST"},{"floor":25,"key":"REST"},{"floor":32,"key":"RECALL"},{"floor":44,"key":"REST"},{"floor":49,"key":"REST"},{"floor":52,"key":"REST"}],"circlet_count":0,"master_deck":["AT_purpleEX","AT_purpleEX","AT_purpleEX","Defend_purpleEX","Defend_purpleEX","Defend_purpleEX","Observe_purple_1","Observe_purple_2","MeetDecomposer_purple","Charmbait_purple","DimensionStaggered_purple","Shallow_ocean_purpleEX","Shallow_ocean_purpleEX","Fantasy_PerpetualMotionMachine_purple+1","Boundary_ObjectiveBoundary_purple","Umbrella_purple","WorldDissolvedintheRealm_purple","MeetDecomposer_purple","PurpleNeedle_purple","CommonSense_AntiCommonSense_purple","ProofOfUnderstanding_purple","Line_surface_state_purple","DimensionStaggered_purple","OmniscientAndOmnipotent_Monster_purple","MNeedle_purple","Line_surface_state_purple+1","SfantasyHide_purple+1","Mirror_FormAndEmptin_purple+1","MetroBOOM_purple","Fancifulhole_purple","CurseOfTheBell","Shallow_ocean_purpleEX","Line_surface_state_purple+1","Erosivefilter_purple+1","Line_surface_state_purple","Mirror_FormAndEmptin_purple+1","DimensionStaggered_purple","Mirror_FormAndEmptin_purple","DarkRealmRedLine_purple+1","Shallow_ocean_purpleEX+1","ExternalForce_HighSpeedFlying_purple","EighthInstrument_OneDividesIntoTwo_purple+1","CommonSense_AntiCommonSense_purple","Magnetism","Photoelasticity_Doppler_Effect_purple","Line_surface_state_purple+1"],"relics":["Boundary_crack","Memoryfragments_purpleEX","Shuriken","Orichalcum","Mummified Hand","Fusion Hammer","Torii","MutagenicStrength","Dream Catcher","Ancient Tea Set","Runesmith:AutoHammer","Calling Bell","Lantern","Letter Opener","Ice Cream","Old Coin","Gremlin Horn","Strawberry","Blood Vial","Lee\u0027s Waffle","Centennial Puzzle"],"acts_visited":["Exordium","TheCity","TheBeyond","TheEnding"],"potions_floor_usage":[6,16,16,33,50,50,50,50,50,55,55,55],"damage_taken":[{"damage":8,"enemies":"Jaw Worm","floor":1,"turns":5},{"damage":0,"enemies":"Cultist","floor":4,"turns":4},{"damage":31,"enemies":"3 Sentries","floor":6,"turns":9},{"damage":21,"enemies":"Gremlin Nob","floor":8,"turns":4},{"damage":0,"enemies":"Small Slimes","floor":11,"turns":2},{"damage":1,"enemies":"Gremlin Gang","floor":12,"turns":2},{"damage":0,"enemies":"Looter","floor":13,"turns":4},{"damage":16,"enemies":"Hexaghost","floor":16,"turns":6},{"damage":0,"enemies":"Spheric Guardian","floor":18,"turns":2},{"damage":8,"enemies":"Shell Parasite","floor":20,"turns":4},{"damage":25,"enemies":"Chosen and Byrds","floor":21,"turns":6},{"damage":0,"enemies":"Snake Plant","floor":22,"turns":3},{"damage":13,"enemies":"Gremlin Leader","floor":23,"turns":4},{"damage":8,"enemies":"Book of Stabbing","floor":27,"turns":4},{"damage":0,"enemies":"Centurion and Healer","floor":28,"turns":2},{"damage":0,"enemies":"Shelled Parasite and Fungi","floor":31,"turns":2},{"damage":9,"enemies":"Champ","floor":33,"turns":6},{"damage":0,"enemies":"3 Darklings","floor":35,"turns":1},{"damage":0,"enemies":"3 Shapes","floor":37,"turns":1},{"damage":0,"enemies":"Jaw Worm Horde","floor":38,"turns":1},{"damage":24,"enemies":"Mind Bloom Boss Battle","floor":39,"turns":4},{"damage":0,"enemies":"Giant Head","floor":40,"turns":5},{"damage":0,"enemies":"Sphere and 2 Shapes","floor":41,"turns":1},{"damage":0,"enemies":"Reptomancer","floor":46,"turns":3},{"damage":0,"enemies":"3 Darklings","floor":47,"turns":1},{"damage":16,"enemies":"Maw","floor":48,"turns":5},{"damage":1,"enemies":"Donu and Deca","floor":50,"turns":5},{"damage":0,"enemies":"Shield and Spear","floor":54,"turns":1},{"damage":75,"enemies":"The Heart","floor":55,"turns":7}],"seed_played":"8969599958119614692","potions_obtained":[{"floor":4,"key":"champ:CounterPotion"},{"floor":8,"key":"MagicPotion:ReiMu"},{"floor":11,"key":"MagicPotion:ReiMu"},{"floor":12,"key":"PowerPotion"},{"floor":21,"key":"EntropicBrew"},{"floor":23,"key":"Energy Potion"},{"floor":31,"key":"Regen Potion"},{"floor":37,"key":"Fire Potion"},{"floor":48,"key":"PowerPotion"}],"is_trial":false,"path_per_floor":["M","?","?","M","T","E","R","E","T","$","M","M","M","$","R","B",null,"M","?","M","M","M","E","?","R","T","E","M","$","?","M","R","B",null,"M","?","M","M","?","E","M","?","T","R","?","E","M","M","R","B",null,"R","$","E","B",null],"character_chosen":"Youkari","items_purchased":["Shallow_ocean_purpleEX","WorldDissolvedintheRealm_purple","MeetDecomposer_purple","PurpleNeedle_purple","CommonSense_AntiCommonSense_purple","Runesmith:AutoHammer","Lee\u0027s Waffle","CommonSense_AntiCommonSense_purple","Magnetism","Energy Potion","Photoelasticity_Doppler_Effect_purple","Weak Potion"],"campfire_rested":6,"item_purchase_floors":[10,14,14,14,14,29,53,53,53,53,53,53],"current_hp_per_floor":[65,45,45,46,46,15,36,16,16,16,17,17,20,20,41,28,70,70,70,64,41,43,33,33,54,54,51,54,54,54,56,56,67,70,70,67,67,70,51,55,58,58,65,77,77,77,77,66,77,77,77,77,84,84,23],"gold":386,"neow_bonus":"HUNDRED_GOLD","is_daily":false,"chose_seed":false,"campfire_upgraded":0,"win_rate":0.0,"timestamp":1610028536,"path_taken":["M","?","?","?","?","E","R","E","T","?","M","M","?","$","R","BOSS","M","?","?","M","M","E","?","R","T","E","M","$","?","M","R","BOSS","M","?","?","M","?","E","M","?","T","R","?","E","M","M","R","BOSS","R","$","E","BOSS"],"items_purchased_type":["Card","Card","Card","Card","Card","Relic","Relic","Card","Card","Potion","Card","Potion"],"build_version":"2020-12-22","purchased_purges":0,"victory":true,"max_hp_per_floor":[70,70,70,70,70,70,70,70,70,70,70,70,70,70,70,70,70,70,70,70,70,70,70,70,70,70,70,70,70,70,70,70,70,70,70,70,70,70,70,70,70,70,77,77,77,77,77,77,77,77,77,77,84,84,84],"card_choices":[{"not_picked":["Realm_recovery_purpleEX","StretchesForeverDream_purple"],"picked":"MeetDecomposer_purple","floor":1},{"not_picked":["AdvanceAttack_purple","StateDuplicate_purple"],"picked":"Charmbait_purple","floor":4},{"not_picked":["OpenedBox_purple","WangLiang_OokamiKakushi_purple"],"picked":"DimensionStaggered_purple","floor":6},{"not_picked":["Yakumo_Ran_purple","StateDuplicate_purple"],"picked":"Shallow_ocean_purpleEX","floor":8},{"not_picked":["SharpContractionReality_purple","Realm_recovery_purpleEX"],"picked":"Fantasy_PerpetualMotionMachine_purple","floor":11},{"not_picked":["RuptureOfTimeAndSpace_purple","Mirror_Drifter_purple"],"picked":"Boundary_ObjectiveBoundary_purple","floor":12},{"not_picked":["Boundary_LifeAndDeath_purple","PurpleNeedle_purple"],"picked":"Umbrella_purple","floor":13},{"not_picked":["Computing_the_future_purpleEX","WasteWire_Metro_purple"],"picked":"ProofOfUnderstanding_purple","floor":16},{"not_picked":["Bait_HighSpeedFlying_purple","StretchesForeverDream_purple"],"picked":"Line_surface_state_purple","floor":18},{"not_picked":["Erosivefilter_purple+1","Mirror_FormAndEmptin_purple"],"picked":"DimensionStaggered_purple","floor":20},{"not_picked":["RuleDissolution_purple","WatchEChange_purple"],"picked":"OmniscientAndOmnipotent_Monster_purple","floor":21},{"not_picked":["Erosivefilter_purple","StateDuplicate_purple"],"picked":"MNeedle_purple","floor":22},{"not_picked":["SharpContractionReality_purple+1","Mirror_Drifter_purple"],"picked":"Line_surface_state_purple+1","floor":23},{"not_picked":["Mirror_FormAndEmptin_purple","Boundary_DynamicStaticEquilibrium_purple"],"picked":"SfantasyHide_purple+1","floor":27},{"not_picked":["WatchEChange_purple","AdvanceAttack_purple"],"picked":"Mirror_FormAndEmptin_purple+1","floor":28},{"not_picked":["Boundary_LifeAndDeath_purple","Mirror_FourBoundary_purple"],"picked":"MetroBOOM_purple","floor":31},{"not_picked":["Mirror_TwoAndThreeElementRealm_purple","Human_Monster_Realm_purple"],"picked":"Fancifulhole_purple","floor":33},{"not_picked":["Line_surface_state_purple","MeetDecomposer_purple+1"],"picked":"Shallow_ocean_purpleEX","floor":35},{"not_picked":["Realm_recovery_purpleEX+1","Nest_LightFlightworm_purple","Boundary_DynamicStaticEquilibrium_purple"],"picked":"SKIP","floor":37},{"not_picked":["RuptureOfTimeAndSpace_purple+1","Mirror_FormAndEmptin_purple+1"],"picked":"Line_surface_state_purple+1","floor":38},{"not_picked":["RuleDissolution_purple+1","ExistenceContinue_purple"],"picked":"Erosivefilter_purple+1","floor":39},{"not_picked":["WangLiang_LineAndCurveDreams_purple","MNeedle_purple+1"],"picked":"Line_surface_state_purple","floor":40},{"not_picked":["MeetDecomposer_purple+1","SfantasyHide_purple"],"picked":"Mirror_FormAndEmptin_purple+1","floor":41},{"not_picked":["Boundary_DynamicStaticEquilibrium_purple+1","AdvanceAttack_purple"],"picked":"DimensionStaggered_purple","floor":44},{"not_picked":["Worldmountain_purple+1","Boundary_DynamicStaticEquilibrium_purple"],"picked":"Mirror_FormAndEmptin_purple","floor":46},{"not_picked":["ExistenceContinue_purple","Boundary_LightAndDark_purple"],"picked":"DarkRealmRedLine_purple+1","floor":47},{"not_picked":["WangLiang_LineAndCurveDreams_purple","OmniscientAndOmnipotent_Monster_purple+1"],"picked":"Shallow_ocean_purpleEX+1","floor":48},{"not_picked":["OmniscientAndOmnipotent_Monster_purple+1","AdvanceAttack_purple+1"],"picked":"ExternalForce_HighSpeedFlying_purple","floor":49},{"not_picked":["Bait_HighSpeedFlying_purple","Line_surface_state_purple"],"picked":"EighthInstrument_OneDividesIntoTwo_purple+1","floor":52},{"not_picked":["DarkRealmRedLine_purple+1","AdvanceAttack_purple"],"picked":"Line_surface_state_purple+1","floor":54}],"player_experience":240929,"relics_obtained":[{"floor":6,"key":"Shuriken"},{"floor":8,"key":"Orichalcum"},{"floor":9,"key":"Mummified Hand"},{"floor":23,"key":"Torii"},{"floor":26,"key":"Dream Catcher"},{"floor":27,"key":"Ancient Tea Set"},{"floor":34,"key":"Lantern"},{"floor":34,"key":"Letter Opener"},{"floor":34,"key":"Ice Cream"},{"floor":39,"key":"Old Coin"},{"floor":40,"key":"Gremlin Horn"},{"floor":43,"key":"Strawberry"},{"floor":46,"key":"Blood Vial"},{"floor":54,"key":"Centennial Puzzle"}],"event_choices":[{"cards_removed":["AT_purpleEX"],"damage_healed":0,"gold_gain":0,"player_choice":"Offered Basic","damage_taken":0,"max_hp_gain":0,"max_hp_loss":0,"event_name":"Bonfire Elementals","floor":3,"gold_loss":0},{"damage_healed":0,"gold_gain":0,"player_choice":"Upgraded","damage_taken":0,"max_hp_gain":0,"max_hp_loss":0,"event_name":"Upgrade Shrine","floor":19,"gold_loss":0,"cards_upgraded":["Fantasy_PerpetualMotionMachine_purple"]},{"damage_healed":0,"gold_gain":0,"player_choice":"Inject Mutagens","damage_taken":0,"relics_obtained":["MutagenicStrength"],"max_hp_gain":0,"max_hp_loss":0,"event_name":"Drug Dealer","floor":24,"gold_loss":0},{"damage_healed":0,"gold_gain":0,"player_choice":"Ignored","damage_taken":0,"max_hp_gain":0,"max_hp_loss":0,"event_name":"Vampires","floor":30,"gold_loss":0},{"damage_healed":0,"gold_gain":0,"player_choice":"Punched","damage_taken":3,"max_hp_gain":0,"max_hp_loss":0,"event_name":"Designer","floor":36,"gold_loss":0},{"damage_healed":0,"gold_gain":0,"player_choice":"Fight","damage_taken":0,"max_hp_gain":0,"max_hp_loss":0,"event_name":"MindBloom","floor":39,"gold_loss":0},{"cards_removed":["Defend_purpleEX"],"damage_healed":0,"gold_gain":0,"player_choice":"Removed Skill","damage_taken":0,"max_hp_gain":0,"max_hp_loss":0,"event_name":"Falling","floor":42,"gold_loss":0},{"damage_healed":0,"gold_gain":100,"player_choice":"Pray","damage_taken":0,"max_hp_gain":0,"max_hp_loss":0,"event_name":"Golden Shrine","floor":45,"gold_loss":0}],"is_beta":false,"boss_relics":[{"not_picked":["Tiny House","Velvet Choker"],"picked":"Fusion Hammer"},{"not_picked":["Runesmith:UraniumAnvil","Snecko Eye"],"picked":"Calling Bell"}],"items_purged_floors":[],"is_endless":false,"potions_floor_spawned":[4,8,11,12,21,23,27,28,31,37,39,40,48],"ascension_level":0}}