{"host":"d107yck46y3a78tv","time":1610041067,"event":{"mods":["ATMod(°¢èªMod)","Act Like it!","Aspiration","Bard","BaseMod","CapriCore","Colored Map","Gensokyo","Marisa£¨ìFÓê¡¡Ä§ÀíÉ³£©","Minty Spire (QoL Compilation)","Quick Restart","Relic Stats","StSLib","The Runesmith","The Servant 0.9.4"],"gold_per_floor":[111,136,166,184,66,106,120,150,150,150,390,390,422,422,422,547,547,585,585,275,275,275],"floor_reached":21,"playtime":1447,"items_purged":[],"score":191,"play_id":"8da76b2b-efaa-4dca-b5ee-db3ec305a222","local_time":"20210108013747","is_ascension_mode":false,"campfire_choices":[{"data":"SprinkleStarSeal","floor":10,"key":"SMITH"},{"data":"BigCrunch","floor":12,"key":"SMITH"},{"data":"WitchOfGreed","floor":15,"key":"SMITH"}],"circlet_count":0,"master_deck":["Strike_MRS","Strike_MRS","Strike_MRS","Strike_MRS","Defend_MRS","Defend_MRS","Defend_MRS","Defend_MRS","MasterSpark","UpSweep","AT_FamilyPortrait","WitchOfGreed+1","GravityBeat","SprinkleStarSeal+1","DoubleSpark","BigCrunch+1","AbsoluteMagnitude","Gensokyo:LockedMedkit","Gensokyo:ScrapIron","Gensokyo:Kunekune"],"relics":["BewitchedHakkero","AT_ATBox","AT_Kusabimaru","Ancient Tea Set","Lizard Tail","Ornamental Fan","aspiration:HiddenCompartment","AT_BellowingDragoncrestRing","Gensokyo:RedStar"],"acts_visited":["Gensokyo:Gensokyo","Gensokyo:Gensokyoer"],"potions_floor_usage":[6,6,7,16,16],"damage_taken":[{"damage":10,"enemies":"Gensokyo:Gryphon","floor":1,"turns":4},{"damage":10,"enemies":"Gensokyo:3_Fairies","floor":2,"turns":6},{"damage":1,"enemies":"Gensokyo:Python","floor":3,"turns":3},{"damage":9,"enemies":"Gensokyo:Kitsune","floor":4,"turns":2},{"damage":13,"enemies":"Gensokyo:Mamizou","floor":6,"turns":7},{"damage":0,"enemies":"Gensokyo:LivingMonolith","floor":7,"turns":2},{"damage":6,"enemies":"Gensokyo:VengefulSpirit","floor":8,"turns":4},{"damage":10,"enemies":"Gensokyo:Aya","floor":11,"turns":4},{"damage":0,"enemies":"Gensokyo:Python_and_Kodama","floor":13,"turns":3},{"damage":32,"enemies":"Gensokyo:Yukari","floor":16,"turns":6},{"damage":34,"enemies":"Gensokyo:3_Dogs","floor":18,"turns":7},{"damage":0,"enemies":"Gensokyo:AngelMirror","floor":21,"turns":1}],"seed_played":"-3017106674196157217","potions_obtained":[{"floor":2,"key":"FearPotion"},{"floor":3,"key":"Regen Potion"},{"floor":3,"key":"DistilledChaos"},{"floor":6,"key":"Fruit Juice"},{"floor":6,"key":"BottledSpark"},{"floor":7,"key":"Dexterity Potion"},{"floor":16,"key":"AttackPotion"}],"is_trial":false,"path_per_floor":["M","M","M","M","COS","E","M","M","T","R","E","R","M","T","R","B",null,"M","?","COS","M"],"character_chosen":"MARISA","items_purchased":[],"campfire_rested":0,"item_purchase_floors":[],"current_hp_per_floor":[72,62,61,52,52,54,59,53,53,53,43,43,43,43,43,11,87,53,53,53,53,53],"gold":275,"neow_bonus":"TEN_PERCENT_HP_BONUS","is_daily":false,"chose_seed":false,"campfire_upgraded":3,"win_rate":0.0,"timestamp":1610041067,"path_taken":["M","M","M","M","COS","E","?","?","T","R","E","R","M","?","R","BOSS","M","?","COS","M"],"items_purchased_type":[],"build_version":"2020-12-22","purchased_purges":0,"victory":false,"max_hp_per_floor":[82,82,82,82,82,82,87,87,87,87,87,87,87,87,87,87,87,87,87,87,87,87],"relic_stats":{"Lizard Tail":0,"counters":[12,49],"Ornamental Fan":[40],"obtain_stats":[{"Lizard Tail":8,"AT_ATBox":0,"AT_Kusabimaru":6,"AT_BellowingDragoncrestRing":14,"Ornamental Fan":9,"MiniHakkero":0,"BewitchedHakkero":17,"Ancient Tea Set":8,"aspiration:HiddenCompartment":11,"Gensokyo:RedStar":19},{"Lizard Tail":7,"AT_ATBox":0,"AT_Kusabimaru":5,"AT_BellowingDragoncrestRing":9,"Ornamental Fan":7,"MiniHakkero":0,"BewitchedHakkero":10,"Ancient Tea Set":7,"aspiration:HiddenCompartment":8,"Gensokyo:RedStar":11},{"Lizard Tail":27,"AT_ATBox":0,"AT_Kusabimaru":22,"AT_BellowingDragoncrestRing":35,"Ornamental Fan":28,"MiniHakkero":0,"BewitchedHakkero":41,"Ancient Tea Set":26,"aspiration:HiddenCompartment":32,"Gensokyo:RedStar":48}]},"card_choices":[{"not_picked":["LuminesStrike","MysteriousBeam"],"picked":"WitchOfGreed","floor":1},{"not_picked":["DC","SporeBomb"],"picked":"GravityBeat","floor":2},{"not_picked":["WitchLeyline","DC"],"picked":"SprinkleStarSeal","floor":3},{"not_picked":["AlicesGift","IllusionStar"],"picked":"DoubleSpark","floor":4},{"not_picked":["WitchLeyline","StarlightTyphoon","LuminesStrike"],"picked":"SKIP","floor":6},{"not_picked":["GalacticHalo","SporeBomb","CollectingQuirk"],"picked":"SKIP","floor":7},{"not_picked":["MagicChant","DoubleSpark","EnergyFlow"],"picked":"SKIP","floor":8},{"not_picked":["GrandCross","IllusionStar"],"picked":"BigCrunch","floor":11},{"not_picked":["IllusionStar","UnstableBomb","ShootingEcho"],"picked":"SKIP","floor":13},{"not_picked":["EscapeVelocity","BlazingStar"],"picked":"AbsoluteMagnitude","floor":16},{"not_picked":["MagicAbsorber","GalacticHalo","6A"],"picked":"SKIP","floor":18}],"player_experience":1033,"relics_obtained":[{"floor":6,"key":"AT_Kusabimaru"},{"floor":9,"key":"Ornamental Fan"},{"floor":11,"key":"aspiration:HiddenCompartment"},{"floor":14,"key":"AT_BellowingDragoncrestRing"}],"event_choices":[],"is_beta":false,"boss_relics":[{"not_picked":["Empty Cage","AT_TrinityForce"],"picked":"BewitchedHakkero"}],"items_purged_floors":[],"is_endless":false,"potions_floor_spawned":[3,6,7,11],"killed_by":"Gensokyo:AngelMirror","ascension_level":0}}