{"host":"v0vmrynbtd2rjg7e","time":1610000816,"event":{"mods":["BaseMod","Downfall","Minty Spire (QoL Compilation)","Shop Mod","StSLib"],"gold_per_floor":[99,115,135,146,246,51,51,51,61,61,76,226,226,244,264,364,364,364,364,364,364,364,6,6,6,6,6,6,6,0,0,0,0,0,0],"floor_reached":33,"playtime":2367,"items_purged":[],"score":245,"play_id":"1a8c2851-183b-4578-b509-5e0ff865a755","local_time":"20210107142656","is_ascension_mode":false,"campfire_choices":[{"data":"hexamod:Sear","floor":1,"key":"SMITH"},{"data":"hexamod:BurningTouch","floor":10,"key":"SMITH"},{"data":"hexamod:GhostflameBarrier","floor":13,"key":"SMITH"},{"data":"hexamod:SearingWound","floor":18,"key":"SMITH"}],"circlet_count":0,"master_deck":["hexamod:Sear+1","hexamod:Float","hexamod:BurningTouch+1","hexamod:Hexaguard","hexamod:RainOfEmbers","hexamod:GhostflameBarrier+1","hexamod:HauntingEcho","Adrenaline","sneckomod:UnknownCommonSkill","Slimebound:Icky","CrushJoints","hexamod:GhostflameBarrier","hexamod:SearingWound+1","expansioncontent:Chronoboost","Guardian:Incinerate","True Grit","hexamod:AdvancingGuard+1","hexamod:PhantomCloak","hexamod:NightmareStrike","hexamod:CouncilsJustice","hexamod:CouncilsJustice","hexamod:CouncilsJustice","Ghostly","Ghostly","Ghostly","hexamod:ExtraCrispy","hexamod:GhostShield","hexamod:NightmareGuise","hexamod:SecondSeal","hexamod:ChargedBarrage"],"relics":["hexamod:SpiritBrand","Gambling Chip","downfall:Hecktoplasm","MerchantsRug","Pear","downfall:RedIOU"],"acts_visited":["Exordium","TheCity"],"potions_floor_usage":[15,16,25,25,33],"damage_taken":[{"damage":1,"enemies":"2 Louse","floor":2,"turns":3},{"damage":0,"enemies":"Jaw Worm","floor":3,"turns":3},{"damage":0,"enemies":"Cultist","floor":4,"turns":3},{"damage":0,"enemies":"downfall:FleeingMerchant","floor":6,"turns":4},{"damage":3,"enemies":"Exordium Wildlife","floor":9,"turns":4},{"damage":13,"enemies":"Large Slime","floor":11,"turns":6},{"damage":4,"enemies":"2 Fungi Beasts","floor":14,"turns":4},{"damage":12,"enemies":"Gremlin Gang","floor":15,"turns":4},{"damage":45,"enemies":"downfall:Watcher","floor":16,"turns":12},{"damage":0,"enemies":"Chosen","floor":19,"turns":3},{"damage":23,"enemies":"Spheric Guardian","floor":20,"turns":6},{"damage":32,"enemies":"3 Cultists","floor":22,"turns":6},{"damage":9,"enemies":"downfall:FleeingMerchant","floor":23,"turns":4},{"damage":6,"enemies":"Centurion and Healer","floor":25,"turns":8},{"damage":0,"enemies":"Snecko","floor":27,"turns":4},{"damage":9,"enemies":"Shelled Parasite and Fungi","floor":28,"turns":3},{"damage":1,"enemies":"Snake Plant","floor":29,"turns":5},{"damage":0,"enemies":"downfall:FleeingMerchant","floor":30,"turns":4},{"damage":5,"enemies":"Snecko","floor":32,"turns":6},{"damage":16,"enemies":"downfall:Ironclad","floor":33,"turns":4}],"seed_played":"4886846950741252386","potions_obtained":[{"floor":4,"key":"GamblersBrew"},{"floor":9,"key":"Block Potion"},{"floor":14,"key":"Regen Potion"},{"floor":15,"key":"SpeedPotion"},{"floor":22,"key":"AttackPotion"},{"floor":25,"key":"Fruit Juice"},{"floor":28,"key":"Fire Potion"}],"is_trial":false,"path_per_floor":["R","M","M","M","?","$","T","?","M","R","M","?","R","M","M","B",null,"R","M","M","?","M","$","T","M","?","M","M","M","$","?","M","B"],"character_chosen":"THE_SPIRIT","items_purchased":["hexamod:HauntingEcho","PrismaticShard","hexamod:PhantomCloak","MerchantsRug","Oddly Smooth Stone"],"campfire_rested":0,"item_purchase_floors":[6,6,23,23,23],"current_hp_per_floor":[77,76,76,76,76,76,76,76,73,73,60,60,60,56,53,8,77,77,77,54,54,22,13,23,22,22,22,13,12,12,12,7,0,0,0],"gold":0,"neow_bonus":"TEN_PERCENT_HP_BONUS","is_daily":false,"chose_seed":false,"campfire_upgraded":4,"win_rate":0.0,"timestamp":1610000816,"path_taken":["R","M","M","M","?","$","T","?","M","R","M","?","R","M","M","BOSS","R","M","M","?","M","$","T","?","?","M","M","M","$","?","M","BOSS"],"items_purchased_type":["Card","Relic","Card","Relic","Relic"],"build_version":"2020-12-22","purchased_purges":0,"victory":false,"max_hp_per_floor":[77,77,77,77,77,77,77,77,77,77,77,77,77,77,77,77,77,77,77,77,77,77,77,87,92,46,46,46,46,46,46,46,46,46,46],"card_choices":[{"not_picked":["hexamod:Again","hexamod:RainOfEmbers"],"picked":"hexamod:BurningTouch","floor":2},{"not_picked":["hexamod:CatchUp","hexamod:FastForward"],"picked":"hexamod:Hexaguard","floor":3},{"not_picked":["hexamod:BurningTouch","hexamod:SwordOfDarkness"],"picked":"hexamod:RainOfEmbers","floor":4},{"not_picked":["hexamod:DynamicBlow","hexamod:SpectersWail"],"picked":"hexamod:GhostflameBarrier","floor":6},{"not_picked":["Intimidate","champ:DefensiveShout"],"picked":"Adrenaline","floor":9},{"not_picked":["Slimebound:SlimeSpikes","Slimebound:SlimeBarrage"],"picked":"sneckomod:UnknownCommonSkill","floor":11},{"not_picked":["hexamod:NightmareGuise","Deep Breath"],"picked":"CrushJoints","floor":14},{"not_picked":["champ:RecklessLeap","expansioncontent:DefensiveMode"],"picked":"hexamod:GhostflameBarrier","floor":15},{"not_picked":["Slimebound:DuplicatedForm","Slimebound:SlimeSlap"],"picked":"hexamod:SearingWound","floor":16},{"not_picked":["All Out Attack","JustLucky"],"picked":"expansioncontent:Chronoboost","floor":19},{"not_picked":["champ:EnragedBash","Slimebound:SplitMire+1"],"picked":"Guardian:Incinerate","floor":20},{"not_picked":["champ:Haymaker","ThirdEye"],"picked":"True Grit","floor":22},{"not_picked":["PiercingWail","Guardian:SentryBeam"],"picked":"hexamod:AdvancingGuard+1","floor":23},{"not_picked":["hexamod:ShieldOfDarkness","hexamod:EmpoweringStance"],"picked":"hexamod:NightmareStrike","floor":25},{"not_picked":["hexamod:HeatCrush","hexamod:FastForward"],"picked":"hexamod:ExtraCrispy","floor":27},{"not_picked":["hexamod:GhostLash","hexamod:InspiringFlames"],"picked":"hexamod:GhostShield","floor":28},{"not_picked":["hexamod:FastForward","hexamod:SpectersWail+1"],"picked":"hexamod:NightmareGuise","floor":29},{"not_picked":["hexamod:SwordOfDarkness","hexamod:ShieldOfDarkness"],"picked":"hexamod:SecondSeal","floor":30},{"not_picked":["hexamod:PhantomFireball","hexamod:RainOfEmbers"],"picked":"hexamod:ChargedBarrage","floor":32}],"player_experience":24466,"relics_obtained":[{"floor":7,"key":"Gambling Chip"},{"floor":24,"key":"Pear"}],"event_choices":[],"is_beta":false,"boss_relics":[{"not_picked":["Fusion Hammer","Sozu"],"picked":"downfall:Hecktoplasm"}],"items_purged_floors":[],"is_endless":false,"potions_floor_spawned":[4,9,14,15,22,25,28],"killed_by":"downfall:Ironclad","ascension_level":0}}