{"host":"k4et7hlhlqy8fuoz","time":1610048749,"event":{"mods":["2.2 Compatiblity","AchievementEnabler","BaseMod","Colored Map","DeckTracker","Highlight Path","Minty Spire (QoL Compilation)","Random Character Button","Rare Cards Sparkle"],"gold_per_floor":[109,109,129,27,202,202,202,133,187,202,202,212,212,239,239,339,339,323,323,339,339,438,438,3,3,49,49,149,149,164,27,27,27,27],"floor_reached":33,"playtime":1704,"items_purged":["Regret","Doubt"],"score":254,"play_id":"356c0970-c47f-4416-84d5-e656feadc014","local_time":"20210107204549","is_ascension_mode":false,"campfire_choices":[{"data":"Zap","floor":6.0,"key":"SMITH"},{"data":"Dualcast","floor":13.0,"key":"SMITH"},{"floor":15.0,"key":"REST"},{"floor":23,"key":"REST"},{"data":"Defragment","floor":25,"key":"SMITH"},{"data":"Ghostly","floor":29,"key":"SMITH"},{"data":"Buffer","floor":32,"key":"SMITH"}],"circlet_count":0,"master_deck":["Strike_B","Strike_B","Strike_B","Strike_B","Defend_B","Defend_B","Defend_B","Zap+1","Dualcast+1","Jack Of All Trades","Tempest","Iron Wave","Streamline","Hologram","Melter","Conserve Battery","Rip and Tear","Buffer+1","Coolheaded","Defragment+1","Recycle","Ghostly+1","Ghostly","Ghostly","Ghostly","Ghostly","Doom and Gloom","BootSequence+1","Compile Driver+1","Undo"],"relics":["Cracked Core","Oddly Smooth Stone","Blood Vial","Anchor","MealTicket","SlaversCollar","PreservedInsect","Happy Flower","Toy Ornithopter","Incense Burner","Darkstone Periapt"],"acts_visited":["Exordium","TheCity"],"potions_floor_usage":[33,33,33],"damage_taken":[{"damage":0.0,"enemies":"2 Louse","floor":1.0,"turns":5.0},{"damage":6.0,"enemies":"Cultist","floor":3.0,"turns":3.0},{"damage":3.0,"enemies":"Jaw Worm","floor":10.0,"turns":2.0},{"damage":0.0,"enemies":"Blue Slaver","floor":12.0,"turns":2.0},{"damage":62.0,"enemies":"The Guardian","floor":16.0,"turns":11.0},{"damage":21,"enemies":"2 Thieves","floor":18,"turns":4},{"damage":26,"enemies":"3 Byrds","floor":20,"turns":4},{"damage":4,"enemies":"Colosseum Slavers","floor":28,"turns":4},{"damage":3,"enemies":"Colosseum Nobs","floor":28,"turns":6},{"damage":8,"enemies":"Snake Plant","floor":30,"turns":7},{"damage":54,"enemies":"Collector","floor":33,"turns":7}],"seed_played":"1348318522808302673","potions_obtained":[{"floor":10.0,"key":"Strength Potion"},{"floor":12.0,"key":"FearPotion"},{"floor":18,"key":"CultistPotion"},{"floor":20,"key":"Explosive Potion"},{"floor":30,"key":"BlessingOfTheForge"}],"is_trial":false,"path_per_floor":["M","?","M","$","?","R","?","?","T","M","?","M","R","T","R","B",null,"M","?","M","?","?","R","$","R","T","$","?","R","M","$","R","B"],"character_chosen":"DEFECT","items_purchased":["Hologram","Melter","PreservedInsect","Happy Flower","Doom and Gloom","Undo"],"campfire_rested":2,"item_purchase_floors":[4,4,24,24,24,31],"current_hp_per_floor":[75,75,69,69,69,69,69,69,69,68,68,70,70,70,75,13,75,54,54,30,30,30,37,37,37,37,37,32,32,26,37,37,0,0],"gold":27,"neow_bonus":"RANDOM_COLORLESS","is_daily":false,"chose_seed":false,"campfire_upgraded":5,"win_rate":0.0,"timestamp":1610048749,"path_taken":["M","?","?","$","?","R","?","?","T","?","?","M","R","?","R","BOSS","M","?","M","?","?","R","$","R","T","$","?","R","?","$","R","BOSS"],"items_purchased_type":["Card","Card","Relic","Relic","Card","Card"],"build_version":"2020-12-22","purchased_purges":2,"victory":false,"max_hp_per_floor":[75,75,75,75,75,75,75,75,75,75,75,75,75,75,75,75,75,75,75,75,37,37,37,37,37,37,37,37,37,37,37,37,37,37],"card_choices":[{"not_picked":["Purity","Trip"],"picked":"Jack Of All Trades","floor":0.0},{"not_picked":["Self Repair","Go for the Eyes"],"picked":"Tempest","floor":1.0},{"not_picked":["FTL","Scrape"],"picked":"Streamline","floor":3.0},{"not_picked":["Steam","Skim"],"picked":"Conserve Battery","floor":10.0},{"not_picked":["Steam Power","FTL"],"picked":"Rip and Tear","floor":12.0},{"not_picked":["Thunder Strike","Seek"],"picked":"Buffer","floor":16.0},{"not_picked":["Rebound","Hello World+1"],"picked":"Coolheaded","floor":18},{"not_picked":["Aggregate+1","Blizzard"],"picked":"Recycle","floor":20},{"not_picked":["Steam","Coolheaded+1"],"picked":"BootSequence+1","floor":28},{"not_picked":["Go for the Eyes","Tempest+1"],"picked":"Compile Driver+1","floor":30}],"player_experience":95107,"relics_obtained":[{"floor":9.0,"key":"Anchor"},{"floor":14.0,"key":"MealTicket"},{"floor":26,"key":"Toy Ornithopter"},{"floor":28,"key":"Incense Burner"},{"floor":28,"key":"Darkstone Periapt"}],"event_choices":[{"cards_removed":["Defend_B"],"damage_healed":0.0,"max_hp_gain":0.0,"max_hp_loss":0.0,"gold_gain":0.0,"event_name":"NoteForYourself","player_choice":"Took Card","floor":2.0,"gold_loss":0.0,"damage_taken":0.0,"cards_obtained":["Iron Wave"]},{"damage_healed":0.0,"max_hp_gain":0.0,"max_hp_loss":0.0,"gold_gain":175.0,"event_name":"Liars Game","player_choice":"AGREE","floor":5.0,"gold_loss":0.0,"damage_taken":0.0,"cards_obtained":["Doubt"]},{"damage_healed":0.0,"max_hp_gain":0.0,"max_hp_loss":0.0,"gold_gain":0.0,"event_name":"Big Fish","player_choice":"Box","floor":7.0,"gold_loss":0.0,"damage_taken":0.0,"relics_obtained":["Oddly Smooth Stone"],"cards_obtained":["Regret"]},{"damage_healed":0.0,"max_hp_gain":0.0,"max_hp_loss":0.0,"gold_gain":0.0,"event_name":"WeMeetAgain","player_choice":"Paid Gold","floor":8.0,"gold_loss":69.0,"damage_taken":0.0,"relics_obtained":["Blood Vial"]},{"damage_healed":0.0,"max_hp_gain":0.0,"max_hp_loss":0.0,"gold_gain":0.0,"event_name":"The Cleric","player_choice":"Leave","floor":11.0,"gold_loss":0.0,"damage_taken":0.0},{"damage_healed":0,"gold_gain":0,"player_choice":"Read","damage_taken":0,"max_hp_gain":0,"max_hp_loss":0,"event_name":"The Library","floor":19,"gold_loss":0,"cards_obtained":["Defragment"]},{"damage_healed":0,"gold_gain":0,"player_choice":"Became a Ghost","damage_taken":0,"max_hp_gain":0,"max_hp_loss":38,"event_name":"Ghosts","floor":21,"gold_loss":0,"cards_obtained":["Ghostly","Ghostly","Ghostly","Ghostly","Ghostly"]},{"damage_healed":0,"gold_gain":99,"player_choice":"Stole From Cult","damage_taken":0,"max_hp_gain":0,"max_hp_loss":0,"event_name":"Nest","floor":22,"gold_loss":0},{"damage_healed":0,"gold_gain":0,"player_choice":"Fight","damage_taken":0,"max_hp_gain":0,"max_hp_loss":0,"event_name":"Colosseum","floor":28,"gold_loss":0},{"damage_healed":0,"gold_gain":0,"player_choice":"Fought Nobs","damage_taken":0,"max_hp_gain":0,"max_hp_loss":0,"event_name":"Colosseum","floor":28,"gold_loss":0}],"is_beta":false,"boss_relics":[{"not_picked":["Philosopher\u0027s Stone","Sozu"],"picked":"SlaversCollar"}],"items_purged_floors":[24,31],"is_endless":false,"potions_floor_spawned":[10,12,18,20,28,30],"killed_by":"Collector","ascension_level":0}}