{"host":"r6da5kb9dzaaglw2","time":1610015344,"event":{"mods":["AchievementEnabler","BaseMod","Colored Powertips","Duelist Mod","GifTheSpireLib","Minty Spire (QoL Compilation)","StSLib"],"gold_per_floor":[141,241,258,278,278,313,313,347,371,390,422,422,257,322,322,423,423,435,435,350,336,336,361,371,406,476,22,55,68,68,83,83,183,183,195,195,74,74,74,74,107,107,107,124,105,105,105,123,123,123,123,123,123,153,153],"floor_reached":56,"playtime":6290,"items_purged":["theDuelist:ToonWorld","theDuelist:SummoningCurse"],"score":1449,"play_id":"c0a848dd-03d8-4350-ac47-8707f0b1afb5","local_time":"20210107112904","is_ascension_mode":false,"campfire_choices":[{"floor":7,"key":"RECALL"},{"floor":12,"key":"REST"},{"data":"theDuelist:MagicCylinder","floor":15,"key":"SMITH"},{"floor":32,"key":"DIG"},{"floor":40,"key":"DIG"},{"floor":47,"key":"DIG"},{"floor":49,"key":"DIG"},{"floor":52,"key":"DIG"}],"circlet_count":0,"master_deck":["theDuelist:WingedKuribohLv10+1","theDuelist:ToonDarkMagicianGirl","theDuelist:ToonSummonedSkull+1","theDuelist:ToonDarkMagicianGirl","theDuelist:TrapHole+1","theDuelist:ToonAncientGear+1","theDuelist:ToonDefense+2","theDuelist:Nameless:Power:SpiralSpearStrike","theDuelist:CastleWalls","theDuelist:ToonMermaid","theDuelist:MagicCylinder+1","theDuelist:OrbMetronome+1","theDuelist:GracefulCharity+1","theDuelist:ToonGoblin+1","theDuelist:Sparks","theDuelist:ToonAncientGear","theDuelist:CastleWalls","theDuelist:Sparks","theDuelist:ToonBarrelDragon","theDuelist:ToonCannonSoldier","theDuelist:Sparks"],"relics":["theDuelist:MillenniumPuzzle","theDuelist:CardPoolRelic","theDuelist:CardPoolBasicRelic","theDuelist:BoosterPackPoolRelic","theDuelist:CardPoolAddRelic","theDuelist:CardPoolMinusRelic","theDuelist:CardPoolSaveRelic","theDuelist:CardPoolOptionsRelic","theDuelist:ZoneToken","Red Skull","theDuelist:BoosterPackHealer","Toxic Egg 2","Akabeko","Black Star","Gremlin Horn","theDuelist:MillenniumArmor","theDuelist:MillenniumRing","Centennial Puzzle","Omamori","Bronze Scales","InkBottle","Shovel","Magic Flower","PreservedInsect","theDuelist:MillenniumPeriapt","Busted Crown","Bronze Scales","theDuelist:ToonRelic","Toy Ornithopter","Champion Belt","theDuelist:DuelistLetterOpener","Letter Opener","theDuelist:ArmorPlateE","theDuelist:MonsterEggRelic","theDuelist:ArmorPlateD","HornCleat","Mummified Hand","Turnip","theDuelist:GiftAnubis"],"acts_visited":["Exordium","TheCity","TheBeyond","TheEnding"],"potions_floor_usage":[8,14,23,24,55],"damage_taken":[{"damage":3,"enemies":"Cultist","floor":1,"turns":3},{"damage":4,"enemies":"Small Slimes","floor":3,"turns":3},{"damage":7,"enemies":"Jaw Worm","floor":4,"turns":3},{"damage":19,"enemies":"Lagavulin","floor":6,"turns":5},{"damage":6,"enemies":"3 Sentries","floor":8,"turns":5},{"damage":4,"enemies":"Blue Slaver","floor":10,"turns":3},{"damage":15,"enemies":"Lagavulin","floor":11,"turns":5},{"damage":6,"enemies":"Gremlin Nob","floor":14,"turns":3},{"damage":13,"enemies":"Slime Boss","floor":16,"turns":8},{"damage":2,"enemies":"Spheric Guardian","floor":18,"turns":1},{"damage":11,"enemies":"2 Thieves","floor":21,"turns":4},{"damage":6,"enemies":"Gremlin Leader","floor":23,"turns":7},{"damage":8,"enemies":"Centurion and Healer","floor":24,"turns":6},{"damage":16,"enemies":"Slavers","floor":25,"turns":6},{"damage":0,"enemies":"Book of Stabbing","floor":28,"turns":6},{"damage":0,"enemies":"Chosen and Byrds","floor":29,"turns":5},{"damage":0,"enemies":"Snake Plant","floor":31,"turns":4},{"damage":0,"enemies":"Automaton","floor":33,"turns":6},{"damage":0,"enemies":"3 Shapes","floor":35,"turns":4},{"damage":1,"enemies":"Giant Head","floor":41,"turns":8},{"damage":0,"enemies":"3 Darklings","floor":44,"turns":4},{"damage":0,"enemies":"Transient","floor":48,"turns":5},{"damage":0,"enemies":"Time Eater","floor":50,"turns":10},{"damage":0,"enemies":"Shield and Spear","floor":54,"turns":4},{"damage":9,"enemies":"The Heart","floor":55,"turns":8}],"seed_played":"-8658544923841031839","potions_obtained":[{"floor":1,"key":"Explosive Potion"},{"floor":3,"key":"theDuelist:FireBottle"},{"floor":10,"key":"SteroidPotion"},{"floor":14,"key":"BloodPotion"},{"floor":21,"key":"theDuelist:LavaBottle"},{"floor":23,"key":"theDuelist:SummonFuryPotion"},{"floor":25,"key":"FearPotion"},{"floor":29,"key":"theDuelist:GiftPotion"},{"floor":33,"key":"theDuelist:BottledKuriboh"}],"is_trial":false,"path_per_floor":["M","?","M","M","?","E","R","E","T","M","E","R","$","?","R","B",null,"M","?","?","M","?","E","M","E","T","$","E","M","?","M","R","B",null,"M","?","?","?","T","R","E","$","T","M","$","T","R","M","R","B",null,"R","$","E","B",null],"character_chosen":"THE_DUELIST","items_purchased":["theDuelist:ToonAncientGear+1","theDuelist:ToonCannonSoldier","Shovel","theDuelist:ToonGoblin+1","theDuelist:ArmorPlateE"],"campfire_rested":1,"item_purchase_floors":[13,13,27,27,45],"current_hp_per_floor":[77,77,73,66,60,41,41,35,35,31,16,40,40,34,34,21,80,78,78,78,71,71,65,57,41,41,41,41,41,41,45,45,45,80,80,80,80,80,80,80,79,79,79,79,79,79,79,79,79,79,80,80,80,80,71],"gold":153,"neow_bonus":"UPGRADE_CARD","is_daily":false,"chose_seed":false,"campfire_upgraded":1,"win_rate":0.0,"timestamp":1610015344,"path_taken":["M","?","?","?","?","E","R","E","T","M","E","R","$","?","R","BOSS","M","?","?","?","?","E","M","E","T","?","E","M","?","M","R","BOSS","M","?","?","?","?","R","E","?","T","?","$","?","R","?","R","BOSS","R","$","E","BOSS"],"items_purchased_type":["Card","Card","Relic","Card","Relic"],"build_version":"2020-12-22","purchased_purges":2,"victory":true,"max_hp_per_floor":[80,80,80,80,80,80,80,80,80,80,80,80,80,80,80,80,80,80,80,80,80,80,80,80,80,80,80,80,80,80,80,80,80,80,80,80,80,80,80,80,80,80,80,80,80,80,80,80,80,80,80,80,80,80,80],"card_choices":[{"not_picked":["theDuelist:SpellShatteringArrow","theDuelist:CheerfulCoffin","theDuelist:FlyingSaucer","theDuelist:RedEyesToon"],"picked":"SKIP","floor":1},{"not_picked":["theDuelist:ToonDarkMagician","theDuelist:ToonGeminiElf","theDuelist:ToonMaskedSorcerer","theDuelist:Mathematician"],"picked":"theDuelist:ToonDarkMagicianGirl","floor":3},{"not_picked":["theDuelist:ToonDarkMagician","theDuelist:ToonGeminiElf","theDuelist:RainbowKuriboh","theDuelist:RainbowOverdragon"],"picked":"theDuelist:ToonDarkMagicianGirl","floor":4},{"not_picked":["theDuelist:BlackPendant","theDuelist:GilfordLegend","theDuelist:PotDichotomy","theDuelist:PreventRat","theDuelist:BattleOx"],"picked":"SKIP","floor":6},{"not_picked":["theDuelist:BlueEyesToon","theDuelist:ToonDarkMagician","theDuelist:ToonSummonedSkull"],"picked":"SKIP","floor":8},{"not_picked":["theDuelist:SpellShatteringArrow","theDuelist:MangaRyuRan","theDuelist:RedEyesToon","theDuelist:ToonMermaid","theDuelist:ToonSummonedSkull"],"picked":"SKIP","floor":10},{"not_picked":["theDuelist:AncientGearFist","theDuelist:FeatherShot","theDuelist:ToonTable+1","theDuelist:SwordsConcealing"],"picked":"theDuelist:GracefulCharity+1","floor":11},{"not_picked":["theDuelist:FeatherShot","theDuelist:Blockman","theDuelist:OrbMetronome+1","theDuelist:YellowBelliedOni"],"picked":"theDuelist:MagicCylinder","floor":14},{"not_picked":["theDuelist:Blockman","theDuelist:RainbowJar","theDuelist:SmashingGround","theDuelist:YamiForm"],"picked":"theDuelist:OrbMetronome+1","floor":16},{"not_picked":["theDuelist:ForbiddenLance","theDuelist:PotGenerosity","theDuelist:Raigeki","theDuelist:SlotMachine+1"],"picked":"theDuelist:WingedKuribohLv10+1","floor":18},{"not_picked":["theDuelist:SpellShatteringArrow","theDuelist:RedEyesToon","theDuelist:FlyingSaucer+1","theDuelist:CheerfulCoffin+1","theDuelist:TrapHole"],"picked":"SKIP","floor":21},{"not_picked":["theDuelist:MangaRyuRan","theDuelist:FlyingSaucer+1","theDuelist:ToonMermaid","theDuelist:RedEyesToon","theDuelist:ToonMask"],"picked":"SKIP","floor":23},{"not_picked":["theDuelist:ToonMermaid","theDuelist:CheerfulCoffin+1","theDuelist:ToonAncientGear+1","theDuelist:SpellShatteringArrow","theDuelist:ToonSummonedSkull+1"],"picked":"SKIP","floor":24},{"not_picked":["theDuelist:RedEyesToon","theDuelist:CheerfulCoffin+1","theDuelist:FlyingSaucer+1","theDuelist:SpellShatteringArrow+1","theDuelist:ToonAncientGear+1"],"picked":"SKIP","floor":25},{"not_picked":["theDuelist:Fissure","theDuelist:GiantSoldierSteel+1","theDuelist:BlueBloodedOni+1","theDuelist:HammerShot","theDuelist:WormWarlord"],"picked":"SKIP","floor":28},{"not_picked":["theDuelist:SpellShatteringArrow","theDuelist:MangaRyuRan+1","theDuelist:RedEyesToon","theDuelist:ToonMermaid+1","theDuelist:ComicHand"],"picked":"SKIP","floor":29},{"not_picked":["theDuelist:Hinotama","theDuelist:LightningDarts","theDuelist:BlueBloodedOni+1","theDuelist:HarpieFeather+1","theDuelist:PotAvarice+1"],"picked":"SKIP","floor":31},{"not_picked":["theDuelist:FlyingSaucer+1","theDuelist:ToonMermaid"],"picked":"theDuelist:ToonDefense+2","floor":35},{"not_picked":["theDuelist:SpellShatteringArrow+1","theDuelist:RedEyesToon+1"],"picked":"theDuelist:ToonBarrelDragon","floor":41},{"not_picked":["theDuelist:ToonMermaid","theDuelist:CheerfulCoffin+1","theDuelist:ToonAncientGear+1"],"picked":"SKIP","floor":44},{"not_picked":["theDuelist:RedEyesToon+1","theDuelist:ToonMermaid","theDuelist:ToonBarrelDragon"],"picked":"SKIP","floor":48},{"not_picked":["theDuelist:ToonBriefcase+1","theDuelist:ToonCannonSoldier+1","theDuelist:ToonKingdom+1"],"picked":"theDuelist:TrapHole+1","floor":54}],"player_experience":462016,"relics_obtained":[{"floor":6,"key":"Red Skull"},{"floor":8,"key":"theDuelist:BoosterPackHealer"},{"floor":11,"key":"Toxic Egg 2"},{"floor":14,"key":"Akabeko"},{"floor":23,"key":"theDuelist:MillenniumRing"},{"floor":23,"key":"Centennial Puzzle"},{"floor":25,"key":"Omamori"},{"floor":25,"key":"Bronze Scales"},{"floor":26,"key":"InkBottle"},{"floor":28,"key":"Magic Flower"},{"floor":28,"key":"PreservedInsect"},{"floor":32,"key":"theDuelist:MillenniumPeriapt"},{"floor":39,"key":"theDuelist:ToonRelic"},{"floor":40,"key":"Toy Ornithopter"},{"floor":41,"key":"Champion Belt"},{"floor":41,"key":"theDuelist:DuelistLetterOpener"},{"floor":43,"key":"Letter Opener"},{"floor":46,"key":"theDuelist:MonsterEggRelic"},{"floor":47,"key":"theDuelist:ArmorPlateD"},{"floor":49,"key":"HornCleat"},{"floor":52,"key":"Mummified Hand"},{"floor":54,"key":"Turnip"},{"floor":54,"key":"theDuelist:GiftAnubis"}],"event_choices":[{"damage_healed":0,"gold_gain":100,"player_choice":"Pray","damage_taken":0,"max_hp_gain":0,"max_hp_loss":0,"event_name":"Golden Shrine","floor":2,"gold_loss":0},{"damage_healed":0,"gold_gain":0,"player_choice":"Dig - random Duelist relic","duelist":true,"damage_taken":0,"max_hp_gain":0,"max_hp_loss":0,"event_name":"Aknamkanon\u0027s Tomb","floor":5,"gold_loss":0},{"damage_healed":0,"gold_gain":0,"player_choice":"Searched \u00271\u0027 times","damage_taken":0,"max_hp_gain":0,"max_hp_loss":0,"event_name":"Dead Adventurer","floor":14,"gold_loss":0},{"damage_healed":0,"gold_gain":0,"player_choice":"Leave","duelist":true,"damage_taken":0,"max_hp_gain":0,"max_hp_loss":0,"event_name":"Tomb of the Nameless","floor":19,"gold_loss":0},{"damage_healed":0,"gold_gain":0,"player_choice":"Obtained Relic","damage_taken":0,"relics_obtained":["Gremlin Horn"],"max_hp_gain":0,"max_hp_loss":0,"event_name":"Addict","floor":20,"gold_loss":85},{"damage_healed":0,"gold_gain":0,"player_choice":"Took item - Received: Millennium Armor","duelist":true,"damage_taken":0,"max_hp_gain":0,"max_hp_loss":0,"event_name":"Millennium Items","floor":22,"gold_loss":0},{"damage_healed":0,"gold_gain":0,"player_choice":"Ignored","damage_taken":0,"max_hp_gain":0,"max_hp_loss":0,"event_name":"Vampires","floor":30,"gold_loss":0},{"cards_removed":["theDuelist:MangaRyuRan"],"damage_healed":0,"gold_gain":0,"player_choice":"Removed Attack","damage_taken":0,"max_hp_gain":0,"max_hp_loss":0,"event_name":"Falling","floor":36,"gold_loss":0},{"damage_healed":0,"gold_gain":0,"player_choice":"Duplicated Relic - Bronze Scales","duelist":true,"damage_taken":0,"max_hp_gain":0,"max_hp_loss":0,"event_name":"Relic Duplicator","floor":37,"gold_loss":0},{"power_reward":4,"total_magic_score":72,"gold_gain":0,"duelist":true,"damage_taken":0,"relics_obtained":[],"points":6,"max_hp_gain":0,"max_hp_loss":0,"spent_points":{"magic":1,"greed":0,"war":0,"power":4,"hunger":1},"event_name":"Nameless Tomb","floor":38,"gold_loss":0,"cards_obtained":["theDuelist:Nameless:Power:SpiralSpearStrike"]}],"is_beta":false,"boss_relics":[{"not_picked":["Tiny House","theDuelist:HauntedRelic"],"picked":"Black Star"},{"not_picked":["Mark of Pain","Runic Dome"],"picked":"Busted Crown"}],"items_purged_floors":[13,27],"is_endless":false,"potions_floor_spawned":[1,3,10,14,21,23,25,29,33,48],"ascension_level":0}}