{"host":"h5acbxt0wmjo1kpm","time":1610010536,"event":{"mods":["2.2 Compatiblity","Act Like it!","AlwaysNeverKeys","Aspiration","Bard","Bartender","BaseMod","Better Third Choice","Colored Map","Elementarium","Gensokyo","GifTheSpireLib","Hallownest","Marisa????????","Menagerie","Minty Spire (QoL Compilation)","Permanent Neow","Potionbrewer","Relic Filter","Remilia??????","Replay The Spire","Robot Space Explorer","RumiaBox-????????","Shade Mod","Spicy Shops","StSLib","Strawberry Spire","The Blackbeard","The Dragon Tamer","The Gatherer","The Hayseed","The Problem Sleuth","The Servant 0.9.4","Wandering Minibosses","vexMod"],"gold_per_floor":[111,111,127,127,52,52,52,85,85,125,140,140,175,111,111,216,216,228,242,232,250,250,250,302,302,302,312,312,312,312,346,346,442,442,460,460,460,460,460,460,512,512,559,559,559,294,334,347,347,347,347,347,141,195,215,215],"floor_reached":55,"playtime":4401,"items_purged":["Strike_Bartender","Strike_Bartender"],"score":1100,"play_id":"f2a236fd-f6a7-42a1-ae52-3b6fb0835413","local_time":"20210107010856","is_ascension_mode":true,"campfire_choices":[{"data":"Fading_Blow","floor":6.0,"key":"SMITH"},{"data":"Fading_Blow","floor":12.0,"key":"SMITH"},{"floor":15,"key":"REST"},{"data":"Elementarium:GildedForm","floor":23,"key":"SMITH"},{"floor":25,"key":"REST"},{"data":"OpoOpo_Form","floor":28,"key":"SMITH"},{"data":"High_Tide","floor":30,"key":"SMITH"},{"floor":32,"key":"REST"},{"data":"Gensokyo:GreaterSplit","floor":40,"key":"SMITH"},{"data":"Fading_Blow","floor":44,"key":"SMITH"},{"floor":49,"key":"RECALL"},{"data":"OpoOpo_Form","floor":52,"key":"SMITH"}],"circlet_count":0,"master_deck":["AscendersBane","Strike_Bartender","Defend_Bartender","Defend_Bartender","Defend_Bartender","Defend_Bartender","Somersault","Fading_Blow+1","Fading_Blow+1","High_Tide+1","Momentum+1","Snap_Punch","Dolphin_Blow+1","Elementarium:GildedEssence+1","Elementarium:GildedForm+1","OpoOpo_Form+1","RockBreaker+","Perfect_Balance+1","Butterfly_Float+1","Fading_Blow+1","wanderingMiniBosses:FinaleOfPromise","Gensokyo:GreaterSplit+1","Greased_Lightning+1","Moonsault_Kick","Poisoned Strike","OpoOpo_Form+1","Gensokyo:UnlikelyAid+1","Rope_A_Dope","Bouncer+1"],"relics":["Sneakers","aspiration:DSix","Pear","Bag of Preparation","Hallownest:DreamNailRelic","Hallownest:BankAccountRelic","Replay:Rubber Ducky","Mercury Hourglass","Silver_Glasses","Replay:WaspNest","Elementarium:ElementariumTrophy","vexMod:ImprovementManual","wanderingMiniBosses:Blackblade","ReplayTheSpireMod:Ring of Exchange","Juzu Bracelet","Oddly Smooth Stone","Pocketwatch"],"acts_visited":["Hallownest:Greenpath","Elementarium:Elementarium","Gensokyo:Gensokyoest","TheEnding"],"potions_floor_usage":[19,21,33,35,41],"damage_taken":[{"damage":0.0,"enemies":"Hallownest:monsterHuskWarrior","floor":1.0,"turns":5.0},{"damage":10.0,"enemies":"Hallownest:2_Tiktiks_and_1_Crawlid","floor":3.0,"turns":8.0},{"damage":9.0,"enemies":"Hallownest:eliteVengeflyKing","floor":8.0,"turns":19.0},{"damage":0.0,"enemies":"Hallownest:2_MossCreeps","floor":11.0,"turns":7.0},{"damage":22.0,"enemies":"Hallownest:eliteMossKnight","floor":13.0,"turns":12.0},{"damage":18,"enemies":"Hallownest:BossFalseKnight","floor":16,"turns":10},{"damage":3,"enemies":"Elementarium:VoidCorruption","floor":18,"turns":6},{"damage":28,"enemies":"Elementarium:Cyclone","floor":19,"turns":8},{"damage":0,"enemies":"Elementarium:RubyGolem","floor":21,"turns":6},{"damage":33,"enemies":"Elementarium:ElementalPortal","floor":24,"turns":11},{"damage":3,"enemies":"Elementarium:STONE_GOLEMS","floor":27,"turns":5},{"damage":13,"enemies":"Elementarium:3_ELEMENTALS","floor":31,"turns":3},{"damage":21,"enemies":"Elementarium:PHOENIXES","floor":33,"turns":12},{"damage":0,"enemies":"Gensokyo:3_Bats","floor":35,"turns":3},{"damage":10,"enemies":"Gensokyo:Kasen","floor":41,"turns":6},{"damage":0,"enemies":"Gensokyo:Kasen","floor":47,"turns":7},{"damage":0,"enemies":"Gensokyo:3_Boulders","floor":48,"turns":3},{"damage":0,"enemies":"Gensokyo:Shinki","floor":50,"turns":6},{"damage":15,"enemies":"Shield and Spear","floor":54,"turns":5},{"damage":51,"enemies":"The Heart","floor":55,"turns":5}],"seed_played":"-7739898010084441089","potions_obtained":[{"floor":1.0,"key":"Fire Potion"},{"floor":13,"key":"Strength Potion"},{"floor":16,"key":"ColorlessPotion"},{"floor":19,"key":"Energy Potion"},{"floor":33,"key":"SneckoOil"},{"floor":35,"key":"SkillPotion"},{"floor":54,"key":"SneckoOil"}],"is_trial":false,"path_per_floor":["M","?","M","?","?","R","?","E","T","$","M","R","E","$","R","B",null,"M","M","?","M","?","R","E","R","T","M","R","?","R","M","R","B",null,"M","?","?","?","?","R","E","?","T","R","?","$","?","M","R","B",null,"R","$","E","B"],"character_chosen":"BARTENDER","items_purchased":["Snap_Punch","Poisoned Strike","OpoOpo_Form","Rope_A_Dope"],"campfire_rested":3,"item_purchase_floors":[14,46,46,53],"current_hp_per_floor":[73,73,63,54,54,54,54,45,45,45,45,45,23,23,47,29,67,64,36,36,36,36,36,3,24,24,21,21,21,21,8,29,8,55,55,55,55,55,55,55,45,45,45,45,52,52,52,52,52,52,66,66,66,51,0,0],"gold":215,"neow_bonus":"DSIX","is_daily":false,"chose_seed":false,"campfire_upgraded":8,"win_rate":0.0,"timestamp":1610010536,"path_taken":["M","?","?","?","?","R","?","E","T","$","?","R","E","$","R","BOSS","M","?","?","?","?","R","E","R","T","?","R","?","R","M","R","BOSS","M","?","?","?","?","R","E","?","T","R","?","$","?","M","R","BOSS","R","$","E","BOSS"],"items_purchased_type":["Card","Card","Card","Card"],"build_version":"2020-12-22","purchased_purges":2,"victory":false,"max_hp_per_floor":[80,80,80,80,80,80,80,80,80,80,80,80,80,80,80,80,80,80,80,80,80,71,71,71,71,71,71,71,71,71,71,71,71,71,71,71,71,71,71,71,71,71,71,71,71,71,71,71,71,71,71,71,71,71,71,71],"card_choices":[{"not_picked":["Glare","Dancing_Jab"],"picked":"Fading_Blow","floor":1.0},{"not_picked":["Scowl","Ripple"],"picked":"Fading_Blow","floor":3.0},{"not_picked":["Windup","Vortex"],"picked":"High_Tide","floor":8.0},{"not_picked":["On_The_House","Torment","Fading_Blow"],"picked":"SKIP","floor":11.0},{"not_picked":["Free_Pour","Ripple"],"picked":"Momentum","floor":13},{"not_picked":["Windup","Form_Shift"],"picked":"Dolphin_Blow","floor":16},{"not_picked":["Dancing_Jab","Free_Pour","On_The_House"],"picked":"SKIP","floor":18},{"not_picked":["Dancing_Jab","Press_Forward+1","Hook"],"picked":"SKIP","floor":19},{"not_picked":["Foot_Thrust+1","Tornado_Kick","Glare"],"picked":"SKIP","floor":21},{"not_picked":["Feint","Combo_Master"],"picked":"OpoOpo_Form","floor":24},{"not_picked":["Scowl","Stick_and_Move"],"picked":"RockBreaker+","floor":27},{"not_picked":["Foot_Thrust","Free_Pour"],"picked":"Perfect_Balance","floor":31},{"not_picked":["Spirits_Within","Liquid_Armor"],"picked":"Butterfly_Float","floor":33},{"not_picked":["Sucker_Punch","Ripple"],"picked":"Fading_Blow","floor":35},{"not_picked":[],"picked":"wanderingMiniBosses:FinaleOfPromise","floor":35},{"not_picked":["Fight_Dirty","Bitters+1"],"picked":"Greased_Lightning+1","floor":41},{"not_picked":["Gensokyo:RainbowDanmaku+1","Gensokyo:HouraiInAPot+1"],"picked":"Gensokyo:UnlikelyAid+1","floor":47},{"not_picked":["Snap_Punch+1","Insight_B","Meteodrive"],"picked":"SKIP","floor":48},{"not_picked":["Liquid_Armor","ThreeSidedStar"],"picked":"Bouncer+1","floor":54}],"player_experience":2172045,"relics_obtained":[{"floor":1.0,"key":"Pear"},{"floor":1.0,"key":"Bag of Preparation"},{"floor":8.0,"key":"Replay:Rubber Ducky"},{"floor":13,"key":"Mercury Hourglass"},{"floor":24,"key":"Replay:WaspNest"},{"floor":35,"key":"wanderingMiniBosses:Blackblade"},{"floor":39,"key":"ReplayTheSpireMod:Ring of Exchange"},{"floor":41,"key":"Juzu Bracelet"},{"floor":43,"key":"Oddly Smooth Stone"},{"floor":54,"key":"Pocketwatch"}],"event_choices":[{"damage_healed":0,"gold_gain":0,"player_choice":"Toss","damage_taken":0,"max_hp_gain":0,"max_hp_loss":0,"event_name":"Elementarium:OnrushingOffering","floor":20,"gold_loss":10,"cards_obtained":["Elementarium:GildedEssence"]},{"damage_healed":0,"gold_gain":0,"player_choice":"Dive in","damage_taken":0,"max_hp_gain":0,"max_hp_loss":9,"event_name":"Elementarium:FountainOfGold","floor":22,"gold_loss":0,"cards_obtained":["Elementarium:GildedForm"]},{"cards_removed":["Strike_Bartender"],"damage_healed":0,"gold_gain":0,"player_choice":"Burn","damage_taken":0,"max_hp_gain":0,"max_hp_loss":0,"event_name":"Elementarium:LostScrolls","floor":29,"gold_loss":0}],"is_beta":false,"boss_relics":[{"not_picked":["aspiration:ServantSkillbook","aspiration:PoetsPen_weak"],"picked":"Silver_Glasses"},{"not_picked":["EasyGame_NEW","vexMod:BigBerry"],"picked":"vexMod:ImprovementManual"}],"items_purged_floors":[53,53],"is_endless":false,"potions_floor_spawned":[1,13,16,19,21,33,35,54],"killed_by":"The Heart","ascension_level":10}}