{"host":"J","time":1610040585,"event":{"mods":["BaseMod","Better Third Choice","Minty Spire (QoL Compilation)","StSLib"],"gold_per_floor":[114,114,124,124,135,135,168,168,191,191,341,341,5,40,40,117,117,134,150,150,167,11,39,39,65,112,112,135,145,180,204,204,204,204],"floor_reached":33,"playtime":1128,"items_purged":["Doubt","Strike_G"],"score":726,"play_id":"50029985-df88-47fe-bca7-7b305dc28e96","local_time":"20210107182945","is_ascension_mode":true,"campfire_choices":[{"data":"Neutralize","floor":6,"key":"SMITH"},{"floor":8,"key":"REST"},{"data":"Skewer","floor":10,"key":"SMITH"},{"data":"Footwork","floor":15,"key":"SMITH"},{"floor":24,"key":"REST"},{"floor":27,"key":"REST"},{"floor":32,"key":"DIG"}],"circlet_count":0,"master_deck":["AscendersBane","Strike_G+1","Strike_G","Strike_G+1","Strike_G","Defend_G","Defend_G","Defend_G","Defend_G","Defend_G","Survivor","Neutralize+1","Skewer+1","Blade Dance","Outmaneuver","Terror","Leg Sweep","Accuracy","Adrenaline","Footwork+1","Die Die Die","Flying Knee","PiercingWail","Blur","Dagger Throw","Escape Plan","Reflex+1","Footwork","Concentrate"],"relics":["Ring of the Snake","WarpedTongs","Vajra","Whetstone","Shovel","HoveringKite","Bird Faced Urn","CeramicFish","Anchor","Peace Pipe","Oddly Smooth Stone"],"acts_visited":["Exordium","TheCity"],"potions_floor_usage":[14,14,23,30,30],"damage_taken":[{"damage":0,"enemies":"Cultist","floor":1,"turns":4},{"damage":4,"enemies":"2 Louse","floor":3,"turns":3},{"damage":11,"enemies":"Small Slimes","floor":5,"turns":3},{"damage":41,"enemies":"Gremlin Nob","floor":7,"turns":4},{"damage":4,"enemies":"3 Sentries","floor":14,"turns":5},{"damage":0,"enemies":"The Guardian","floor":16,"turns":10},{"damage":14,"enemies":"2 Thieves","floor":18,"turns":4},{"damage":14,"enemies":"Spheric Guardian","floor":19,"turns":5},{"damage":0,"enemies":"Centurion and Healer","floor":21,"turns":6},{"damage":20,"enemies":"Gremlin Leader","floor":23,"turns":9},{"damage":31,"enemies":"Slavers","floor":25,"turns":7},{"damage":0,"enemies":"Snake Plant","floor":28,"turns":6},{"damage":0,"enemies":"Snecko","floor":29,"turns":5},{"damage":8,"enemies":"Gremlin Leader","floor":30,"turns":5},{"damage":10,"enemies":"Shelled Parasite and Fungi","floor":31,"turns":8},{"damage":33,"enemies":"Collector","floor":33,"turns":5}],"seed_played":"7056023414458222691","potions_obtained":[{"floor":5,"key":"Explosive Potion"},{"floor":7,"key":"SneckoOil"},{"floor":21,"key":"SkillPotion"},{"floor":25,"key":"LiquidMemories"},{"floor":28,"key":"Fire Potion"},{"floor":29,"key":"SteroidPotion"},{"floor":30,"key":"Swift Potion"},{"floor":31,"key":"AttackPotion"}],"is_trial":false,"path_per_floor":["M","?","M","?","M","R","E","R","T","R","?","?","$","E","R","B",null,"M","M","?","M","$","E","R","E","T","R","M","M","E","M","R","B"],"character_chosen":"THE_SILENT","items_purchased":["Accuracy","Adrenaline","Dagger Throw"],"campfire_rested":3,"item_purchase_floors":[13,13,22],"current_hp_per_floor":[59,59,55,60,49,49,8,29,29,29,29,29,29,25,25,25,60,46,32,32,32,32,12,33,6,6,27,31,35,29,25,25,0,0],"gold":204,"neow_bonus":"THREE_CARDS","is_daily":false,"chose_seed":false,"campfire_upgraded":3,"win_rate":0.0,"timestamp":1610040585,"path_taken":["M","?","?","?","M","R","E","R","T","R","?","?","$","E","R","BOSS","M","M","?","?","$","E","R","E","T","R","M","M","E","M","R","BOSS"],"items_purchased_type":["Card","Card","Card"],"build_version":"2020-12-18","purchased_purges":2,"victory":false,"max_hp_per_floor":[66,66,66,71,71,71,71,71,71,71,71,71,71,71,71,71,71,71,71,71,71,71,71,71,71,71,71,71,71,71,71,71,71,71],"card_choices":[{"not_picked":["Deflect","Outmaneuver"],"picked":"Skewer","floor":0},{"not_picked":["Infinite Blades","Bane"],"picked":"Blade Dance","floor":1},{"not_picked":["Cloak And Dagger","Underhanded Strike"],"picked":"Outmaneuver","floor":3},{"not_picked":["Flying Knee","Slice"],"picked":"Terror","floor":5},{"not_picked":["Backflip","Dagger Throw"],"picked":"Leg Sweep","floor":7},{"not_picked":["Dodge and Roll","Adrenaline"],"picked":"Footwork","floor":14},{"not_picked":["Glass Knife","A Thousand Cuts"],"picked":"Die Die Die","floor":16},{"not_picked":["Well Laid Plans","Quick Slash"],"picked":"Flying Knee","floor":18},{"not_picked":["Dodge and Roll","Underhanded Strike"],"picked":"PiercingWail","floor":19},{"not_picked":["Sucker Punch","Deadly Poison"],"picked":"Blur","floor":21},{"not_picked":["Flying Knee+1","Dagger Throw"],"picked":"Escape Plan","floor":23},{"not_picked":["Skewer","Dash","Accuracy"],"picked":"SKIP","floor":25},{"not_picked":["Deadly Poison","Backstab"],"picked":"Reflex+1","floor":28},{"not_picked":["Outmaneuver","Endless Agony+1","Skewer"],"picked":"SKIP","floor":29},{"not_picked":["A Thousand Cuts","Quick Slash"],"picked":"Footwork","floor":30},{"not_picked":["Prepared","Deflect"],"picked":"Concentrate","floor":31}],"player_experience":1074183,"relics_obtained":[{"floor":7,"key":"Vajra"},{"floor":9,"key":"Whetstone"},{"floor":14,"key":"Shovel"},{"floor":23,"key":"Bird Faced Urn"},{"floor":25,"key":"CeramicFish"},{"floor":26,"key":"Anchor"},{"floor":30,"key":"Peace Pipe"},{"floor":32,"key":"Oddly Smooth Stone"}],"event_choices":[{"damage_healed":0,"gold_gain":0,"player_choice":"Rummage","damage_taken":0,"relics_obtained":["WarpedTongs"],"max_hp_gain":0,"max_hp_loss":0,"event_name":"Accursed Blacksmith","floor":2,"gold_loss":0,"cards_obtained":["Pain"]},{"damage_healed":0,"gold_gain":0,"player_choice":"Donut","damage_taken":0,"max_hp_gain":5,"max_hp_loss":0,"event_name":"Big Fish","floor":4,"gold_loss":0},{"damage_healed":0,"gold_gain":150,"player_choice":"AGREE","damage_taken":191,"max_hp_gain":0,"max_hp_loss":0,"event_name":"betterThird:BetterSerpent","floor":11,"gold_loss":0},{"cards_removed":["Pain"],"damage_healed":0,"gold_gain":0,"player_choice":"Forget","damage_taken":0,"max_hp_gain":0,"max_hp_loss":0,"event_name":"Living Wall","floor":12,"gold_loss":0},{"damage_healed":0,"gold_gain":0,"player_choice":"0 cards matched","damage_taken":0,"max_hp_gain":0,"max_hp_loss":0,"event_name":"Match and Keep!","floor":20,"gold_loss":0,"cards_obtained":[]}],"is_beta":true,"boss_relics":[{"not_picked":["Busted Crown","Velvet Choker"],"picked":"HoveringKite"}],"items_purged_floors":[13,22],"is_endless":false,"potions_floor_spawned":[5,7,21,25,28,29,30,31],"killed_by":"Collector","ascension_level":20}}