{"host":"61xbmbtf5zrn7rzc","time":1610057365,"event":{"mods":["BaseMod","Challenge The Spire","Downfall","Hubris","Minty Spire (QoL Compilation)","Replay The Spire","StSLib","SuperFastMode","The Marked"],"gold_per_floor":[99,374,128,143,160,160,185,215,215,215,234,159,159,44,59,154,154,154,170,189,189,209,194,219,236,253,284,284,294,320,320,339,441,441,366,378,391,437,437,449,449,449,449,394,419,440,463,463,484,484],"floor_reached":51,"playtime":1851,"items_purged":["Regret","Regret","theMarked:UnarmedFury"],"score":841,"play_id":"66cbfa91-8104-431b-a1c8-38070f10f9bb","local_time":"20210107170925","is_ascension_mode":false,"campfire_choices":[{"data":"theMarked:SoldierOfQuellstein","floor":1,"key":"SMITH"},{"data":"theMarked:Opportunist","floor":6,"key":"SMITH"},{"floor":10,"key":"RECALL"},{"floor":12,"key":"REST"},{"data":"theMarked:Abjuration","floor":18,"key":"SMITH"},{"data":"theMarked:Panic","floor":35,"key":"SMITH"}],"circlet_count":0,"master_deck":["theMarked:SoldierOfQuellstein+1","theMarked:StartUp+1","theMarked:HeightenedSenses","theMarked:EmpowerWeapon","theMarked:WardOff","theMarked:Abjuration+1","theMarked:Seal+1","Slimebound:Tackle+1","Slimebound:Tackle+1","Slimebound:Tackle+1","theMarked:WardOff","hubris:Despair","theMarked:AttractMetal","theMarked:Panic+1","theMarked:Aftermath","theMarked:SwordAndMagic","theMarked:MysticalArsenal+1","hubris:Greed","hubris:Greed","theMarked:WardOff+1","theMarked:Opportunist","theMarked:AttractMetal+1","Writhe","hubris:Greed"],"relics":["theMarked:ArtifactOfAir","hubris:ToyBattleship","Blue Doll","Pen Nib","Vajra","downfall:HeartBlessingRed","Bag of Preparation","Replay:Grab Bag","Cursed Key","hubris:RunicObelisk","hubris:ScarierMask","hubris:SlimyHat","Ring of Hypnosis","Ring of Searing","Nunchaku","Pandora\u0027s Box","downfall:HeartBlessingBlue","Girya","Smiling Mask","hubris:Icosahedron","Meat on the Bone","Replay:Baseball"],"acts_visited":["Exordium","TheCity","TheBeyond"],"potions_floor_usage":[8,16,30,33,50,50,50],"damage_taken":[{"damage":5,"enemies":"downfall:FleeingMerchant","floor":3,"turns":4},{"damage":1,"enemies":"Jaw Worm","floor":4,"turns":3},{"damage":1,"enemies":"Cultist","floor":5,"turns":3},{"damage":24,"enemies":"Gremlin Nob","floor":8,"turns":4},{"damage":8,"enemies":"Small Slimes","floor":11,"turns":3},{"damage":10,"enemies":"downfall:FleeingMerchant","floor":14,"turns":4},{"damage":2,"enemies":"Blue Slaver","floor":15,"turns":3},{"damage":19,"enemies":"downfall:Ironclad","floor":16,"turns":8},{"damage":0,"enemies":"3 Byrds","floor":19,"turns":4},{"damage":2,"enemies":"Shell Parasite","floor":20,"turns":3},{"damage":0,"enemies":"Snecko","floor":22,"turns":2},{"damage":12,"enemies":"downfall:FleeingMerchant","floor":23,"turns":4},{"damage":0,"enemies":"3 Cultists","floor":25,"turns":4},{"damage":0,"enemies":"Cultist and Chosen","floor":26,"turns":2},{"damage":14,"enemies":"Book of Stabbing","floor":27,"turns":4},{"damage":0,"enemies":"Centurion and Healer","floor":29,"turns":3},{"damage":0,"enemies":"Gremlin Leader","floor":30,"turns":4},{"damage":0,"enemies":"Shelled Parasite and Fungi","floor":32,"turns":2},{"damage":41,"enemies":"downfall:Watcher","floor":33,"turns":5},{"damage":19,"enemies":"3 Darklings","floor":36,"turns":3},{"damage":4,"enemies":"Orb Walker","floor":37,"turns":2},{"damage":0,"enemies":"2 Orb Walkers","floor":38,"turns":2},{"damage":8,"enemies":"Maw","floor":40,"turns":5},{"damage":34,"enemies":"downfall:FleeingMerchant","floor":44,"turns":3},{"damage":6,"enemies":"3 Darklings","floor":45,"turns":4},{"damage":3,"enemies":"4 Shapes","floor":46,"turns":3},{"damage":11,"enemies":"Spire Growth","floor":47,"turns":3},{"damage":19,"enemies":"Maw","floor":49,"turns":6},{"damage":11,"enemies":"downfall:Defect","floor":50,"turns":5}],"seed_played":"-8993241060860185807","potions_obtained":[{"floor":5,"key":"AttackPotion"},{"floor":11,"key":"PowerPotion"},{"floor":15,"key":"Explosive Potion"},{"floor":22,"key":"GamblersBrew"},{"floor":25,"key":"Strength Potion"},{"floor":27,"key":"ColorlessPotion"},{"floor":32,"key":"GamblersBrew"},{"floor":45,"key":"BlessingOfTheForge"},{"floor":46,"key":"SkillPotion"},{"floor":49,"key":"Regen Potion"}],"is_trial":false,"path_per_floor":["R","?","$","M","M","R","T","E","?","R","M","R","?","$","M","B",null,"R","M","M","?","M","$","T","M","M","E","?","M","E","?","M","B",null,"R","M","M","?","?","M","T","?","?","$","M","M","M","T","M","B",null],"character_chosen":"THE_DEFAULT","items_purchased":["Blue Doll","Meat on the Bone","theMarked:WardOff+1","theMarked:Opportunist"],"campfire_rested":1,"item_purchase_floors":[3,44,44,44],"current_hp_per_floor":[70,70,65,64,63,63,63,39,39,39,31,52,52,42,40,21,70,70,70,68,68,68,56,56,56,56,42,42,42,42,42,42,1,70,80,61,57,57,57,49,49,70,70,36,42,39,40,40,33,39],"gold":484,"neow_bonus":"RANDOM_COMMON_RELIC","is_daily":false,"chose_seed":false,"campfire_upgraded":4,"win_rate":0.0,"timestamp":1610057365,"path_taken":["R","?","$","?","M","R","T","E","?","R","M","R","?","$","M","BOSS","R","M","M","?","M","$","T","M","M","E","?","M","E","?","M","BOSS","R","M","M","?","?","M","T","?","?","$","M","M","?","?","M","BOSS"],"items_purchased_type":["Relic","Relic","Card","Card"],"build_version":"2020-12-22","purchased_purges":3,"victory":true,"max_hp_per_floor":[70,70,70,70,70,70,70,70,70,70,70,70,70,70,70,70,70,70,70,70,70,70,70,70,70,70,70,70,70,70,70,70,70,70,80,80,80,80,80,80,80,70,70,70,70,70,70,70,70,70],"card_choices":[{"not_picked":["theMarked:PowerFlow","theMarked:GodGivenPower","theMarked:TwofoldDefense"],"picked":"SKIP","floor":3},{"not_picked":["theMarked:HeightenedSenses","theMarked:TwofoldDefense"],"picked":"theMarked:Opportunist","floor":4},{"not_picked":["theMarked:Static","theMarked:KeepCalmAndFightOn","theMarked:WastefulAttack"],"picked":"SKIP","floor":5},{"not_picked":["theMarked:Parkour","theMarked:Improvise"],"picked":"theMarked:StartUp","floor":8},{"not_picked":["theMarked:SelfDefenseTraining","theMarked:WastefulAttack"],"picked":"theMarked:HeightenedSenses","floor":11},{"not_picked":["theMarked:WastefulDefense","theMarked:UnarmedFury"],"picked":"theMarked:EmpowerWeapon","floor":14},{"not_picked":["theMarked:Standoff","theMarked:GodGivenPower"],"picked":"theMarked:WardOff","floor":15},{"not_picked":["theMarked:DispelDoubt","theMarked:BindingBlade"],"picked":"theMarked:Abjuration","floor":16},{"not_picked":["theMarked:BanishingStrike","theMarked:WastefulAttack+1"],"picked":"theMarked:Seal+1","floor":19},{"not_picked":["theMarked:RogueSparks","theMarked:ShockingTouch","theMarked:RepellingDischarge"],"picked":"SKIP","floor":20},{"not_picked":["theMarked:Improvise","theMarked:ChainLightning","theMarked:ResourceFulStrike"],"picked":"SKIP","floor":22},{"not_picked":["theMarked:BanishingStrike+1","theMarked:Aftermath"],"picked":"theMarked:WardOff","floor":23},{"not_picked":["theMarked:SelfDefenseTraining","theMarked:TwofoldDefense","theMarked:Improvise"],"picked":"SKIP","floor":25},{"not_picked":["theMarked:LightningStrikesTwice+1","theMarked:Electrify","theMarked:HeightenedSenses"],"picked":"SKIP","floor":26},{"not_picked":["theMarked:Polarize","theMarked:MaelstromOfLightning","theMarked:KeepCalmAndFightOn+1"],"picked":"SKIP","floor":27},{"not_picked":["theMarked:ElementalBlade+1","theMarked:HeightenedSenses","theMarked:Frustration"],"picked":"SKIP","floor":29},{"not_picked":["theMarked:WastefulAttack","theMarked:DeterminationOfTheMarked","theMarked:ElectricStrings+1"],"picked":"SKIP","floor":30},{"not_picked":["theMarked:Generate","theMarked:StartUp"],"picked":"theMarked:AttractMetal","floor":32},{"not_picked":["theMarked:Overcharge","theMarked:EmpowerWeapon+1","theMarked:Improvise+1"],"picked":"SKIP","floor":36},{"not_picked":["theMarked:Static+1","theMarked:MaelstromOfLightning+1","theMarked:EmpowerWeapon+1"],"picked":"SKIP","floor":37},{"not_picked":["theMarked:Reabsorb+1","theMarked:WastefulDefense"],"picked":"theMarked:MysticalArsenal+1","floor":40},{"not_picked":["theMarked:ResourceFulStrike+1","theMarked:Indomitable+1","theMarked:Frustration"],"picked":"SKIP","floor":44},{"not_picked":["theMarked:Electrocute","theMarked:EmpowerWeapon","theMarked:HeightenedSenses"],"picked":"SKIP","floor":45},{"not_picked":["theMarked:BanishingStrike","theMarked:Frustration"],"picked":"theMarked:AttractMetal+1","floor":46},{"not_picked":["theMarked:Opportunist","theMarked:HeightenedSenses+1","theMarked:EmpowerWeapon"],"picked":"SKIP","floor":47},{"not_picked":["theMarked:ContemptForTheProud","theMarked:Standoff+1","theMarked:Aftermath"],"picked":"SKIP","floor":49}],"player_experience":157734,"relics_obtained":[{"floor":7,"key":"Pen Nib"},{"floor":8,"key":"Vajra"},{"floor":27,"key":"hubris:SlimyHat"},{"floor":28,"key":"Ring of Hypnosis"},{"floor":28,"key":"Ring of Searing"},{"floor":30,"key":"Nunchaku"},{"floor":38,"key":"Girya"},{"floor":41,"key":"Smiling Mask"},{"floor":48,"key":"Replay:Baseball"}],"event_choices":[{"damage_healed":0,"gold_gain":0,"player_choice":"Grow","damage_taken":0,"max_hp_gain":0,"max_hp_loss":0,"event_name":"Living Wall","floor":9,"gold_loss":0,"cards_upgraded":["theMarked:StartUp"]},{"damage_healed":0,"gold_gain":0,"player_choice":"Box","damage_taken":0,"relics_obtained":["Bag of Preparation"],"max_hp_gain":0,"max_hp_loss":0,"event_name":"Big Fish","floor":13,"gold_loss":0,"cards_obtained":["Regret"]},{"damage_healed":0,"gold_gain":0,"player_choice":"Fight","damage_taken":0,"max_hp_gain":0,"max_hp_loss":0,"event_name":"Mysterious Sphere","floor":38,"gold_loss":0},{"cards_removed":["theMarked:Opportunist"],"damage_healed":0,"gold_gain":0,"player_choice":"Removed Power","damage_taken":0,"max_hp_gain":0,"max_hp_loss":0,"event_name":"Falling","floor":39,"gold_loss":0}],"is_beta":false,"boss_relics":[{"not_picked":["Calling Bell","Abe\u0027s Treasure"],"picked":"Replay:Grab Bag"},{"not_picked":["Philosopher\u0027s Stone","ReplayTheSpireMod:DimensionalGlitch"],"picked":"Cursed Key"},{"not_picked":["Replay:Bronze Core","ChewingGum"],"picked":"hubris:RunicObelisk"},{"not_picked":["hubris:HollowSoul","theMarked:BronzeBlade"],"picked":"hubris:ScarierMask"},{"not_picked":["hubris:Stopwatch","Astrolabe"],"picked":"Pandora\u0027s Box"}],"items_purged_floors":[3,14,44],"is_endless":false,"potions_floor_spawned":[5,11,15,22,25,27,32,45,46,49],"ascension_level":0}}