{"host":"c3lc60y5x60jlt1y","time":1610018710,"event":{"mods":["AchievementEnabler","BaseMod","Bestiary","Colored Map","Minty Spire (QoL Compilation)","Quick Restart","StSLib","ojb\u0027s Info Mod"],"gold_per_floor":[217,72,42,56,70,104,104,122,146,160,173,186,200,233,233,332,332,352,352,372,388,403,403,403,403],"floor_reached":24,"playtime":2271,"items_purged":["Strike_B"],"score":225,"play_id":"9d55dc06-3e1c-450f-ae4c-b10c539bca1a","local_time":"20210107132510","is_ascension_mode":true,"campfire_choices":[{"data":"Buffer","floor":7.0,"key":"SMITH"},{"floor":15.0,"key":"REST"},{"data":"Hyperbeam","floor":23,"key":"SMITH"}],"circlet_count":0,"master_deck":["Strike_B","Strike_B","Strike_B","Defend_B","Defend_B","Defend_B","Defend_B","Zap","Dualcast","Doom and Gloom","Aggregate","Sweeping Beam","Core Surge","Buffer+1","Lockon","Loop","Reinforced Body","Self Repair","Amplify","Steam Power","FTL","Hyperbeam+1","Undo+1","Echo Form"],"relics":["Cracked Core","Omamori","Dream Catcher","Tiny Chest","Inserter","Mummified Hand"],"acts_visited":["Exordium","TheCity"],"potions_floor_usage":[24],"damage_taken":[{"damage":1.0,"enemies":"Cultist","floor":1.0,"turns":3.0},{"damage":5.0,"enemies":"2 Louse","floor":4.0,"turns":3.0},{"damage":1.0,"enemies":"Jaw Worm","floor":5.0,"turns":3.0},{"damage":39.0,"enemies":"Lagavulin","floor":6.0,"turns":6.0},{"damage":9.0,"enemies":"3 Louse","floor":8.0,"turns":2.0},{"damage":1.0,"enemies":"2 Fungi Beasts","floor":10.0,"turns":3.0},{"damage":7.0,"enemies":"Blue Slaver","floor":11.0,"turns":4.0},{"damage":11.0,"enemies":"Exordium Wildlife","floor":12.0,"turns":2.0},{"damage":0.0,"enemies":"2 Fungi Beasts","floor":13.0,"turns":2.0},{"damage":18.0,"enemies":"3 Sentries","floor":14.0,"turns":6.0},{"damage":43.0,"enemies":"The Guardian","floor":16.0,"turns":10.0},{"damage":0,"enemies":"Chosen","floor":18,"turns":5},{"damage":39,"enemies":"Shell Parasite","floor":20,"turns":7},{"damage":2,"enemies":"Snecko","floor":21,"turns":7},{"damage":28,"enemies":"Snake Plant","floor":22,"turns":7},{"damage":34,"enemies":"Slavers","floor":24,"turns":4}],"seed_played":"6482141613668953467","potions_obtained":[{"floor":1.0,"key":"Dexterity Potion"},{"floor":3.0,"key":"ColorlessPotion"},{"floor":3.0,"key":"FairyPotion"},{"floor":5.0,"key":"Energy Potion"},{"floor":6.0,"key":"AttackPotion"},{"floor":8.0,"key":"FocusPotion"},{"floor":12.0,"key":"EntropicBrew"},{"floor":16,"key":"Block Potion"},{"floor":18,"key":"BlessingOfTheForge"},{"floor":21,"key":"SteroidPotion"}],"is_trial":false,"path_per_floor":["M","$","?","M","M","E","R","M","T","M","M","M","M","E","R","B",null,"M","?","M","M","M","R","E"],"character_chosen":"DEFECT","items_purchased":["Aggregate"],"campfire_rested":1,"item_purchase_floors":[2],"current_hp_per_floor":[74,74,74,69,68,29,29,20,20,19,12,1,1,20,42,29,75,75,75,43,48,27,27,0,0],"gold":403,"neow_bonus":"HUNDRED_GOLD","is_daily":false,"chose_seed":false,"campfire_upgraded":2,"win_rate":0.0,"timestamp":1610018710,"path_taken":["M","?","?","M","M","E","R","M","T","M","?","M","M","E","R","BOSS","BOSS","M","?","M","M","M","R","E"],"items_purchased_type":["Card"],"build_version":"2020-12-22","purchased_purges":1,"victory":false,"max_hp_per_floor":[75,75,75,75,75,75,75,75,75,75,75,75,75,75,75,75,75,75,75,75,75,75,75,75,75],"card_choices":[{"not_picked":["Melter","Recycle"],"picked":"Doom and Gloom","floor":1.0},{"not_picked":["Blizzard","Redo"],"picked":"Sweeping Beam","floor":4.0},{"not_picked":["Go for the Eyes","Conserve Battery"],"picked":"Core Surge","floor":5.0},{"not_picked":["Turbo","Chill"],"picked":"Buffer","floor":6.0},{"not_picked":["Defragment","Reprogram"],"picked":"Lockon","floor":8.0},{"not_picked":["Coolheaded","Leap"],"picked":"Loop","floor":10.0},{"not_picked":["Hologram","Streamline"],"picked":"Reinforced Body","floor":11.0},{"not_picked":["Stack","Skim"],"picked":"Self Repair","floor":12.0},{"not_picked":["Consume","Storm"],"picked":"Amplify","floor":13.0},{"not_picked":["Coolheaded","Go for the Eyes"],"picked":"Steam Power","floor":14.0},{"not_picked":["Double Energy","Gash"],"picked":"FTL","floor":15.0},{"not_picked":["Fission","Biased Cognition"],"picked":"Hyperbeam","floor":16},{"not_picked":["Conserve Battery","Streamline","Stack"],"picked":"SKIP","floor":18},{"not_picked":["Genetic Algorithm","Coolheaded"],"picked":"Undo+1","floor":20},{"not_picked":["Conserve Battery+1","Recycle"],"picked":"Echo Form","floor":21},{"not_picked":["Sweeping Beam","Barrage","Streamline+1"],"picked":"SKIP","floor":22}],"player_experience":7618237,"relics_obtained":[{"floor":6.0,"key":"Omamori"},{"floor":9.0,"key":"Dream Catcher"},{"floor":14.0,"key":"Tiny Chest"}],"event_choices":[{"damage_healed":0.0,"max_hp_gain":0.0,"max_hp_loss":0.0,"gold_gain":0.0,"event_name":"The Woman in Blue","player_choice":"Bought 2 Potions","floor":3.0,"gold_loss":0.0,"damage_taken":0.0},{"damage_healed":0,"gold_gain":0,"player_choice":"Opened","damage_taken":0,"relics_obtained":["Mummified Hand"],"max_hp_gain":0,"max_hp_loss":0,"event_name":"The Mausoleum","floor":19,"gold_loss":0,"cards_obtained":["Writhe"]}],"is_beta":false,"boss_relics":[{"not_picked":["Sozu","SlaversCollar"],"picked":"Inserter"}],"items_purged_floors":[2],"is_endless":false,"potions_floor_spawned":[1,5,6,8,12,16,18,21],"killed_by":"Slavers","ascension_level":1}}