{"host":"wlby5h16dhl6c8vf","time":1610053796,"event":{"mods":["100% Spire Juice","AchievementEnabler","Act Like it!","Astrologer","BaseMod","Bestiary","Better Note","BetterRewards","Card Forge","Chen","Colored Powertips","Custom Start","DeckTracker","Duelist Mod","Evolution","Friendly Minions","Hermit","Hubris","Koishi","Marisa????????","Minty Spire (QoL Compilation)","Prisma Mod","Quick Restart","Relic Stats","Remilia??????","Replay The Spire","Robot Space Explorer","SOS???????","Shop Mod","StSLib","SuperFastMode","The Administrix","The Animator","The Construct","The Exalted","The IronCluck","The Marked","The Necromancer","The Poker Player","The Problem Sleuth","The Senshi","The Servant 0.9.4","The Wild Card"],"gold_per_floor":[138,138,154,168,186,186,203,222,222,222,74,88,88,113,113,211,211,224,224,241,229,239,273,74,93,117,117,131,131,143,0,0,97,97,114,124,156,156],"floor_reached":37,"playtime":2750,"items_purged":[],"score":495,"play_id":"58073d91-5a4a-4102-806d-1083d6975551","local_time":"20210107220956","is_ascension_mode":false,"campfire_choices":[{"floor":6.0,"key":"REST"},{"floor":10.0,"key":"REST"},{"floor":32,"key":"RECALL"}],"circlet_count":0,"master_deck":["theDuelist:BabyDragon+1","theDuelist:CyberDragonCore+1","theDuelist:CyberDragonCore+1","theDuelist:CaveDragon+1","theDuelist:CaveDragon+1","theDuelist:LesserDragon+1","theDuelist:Sparks+1","theDuelist:Sparks+1","theDuelist:YamataDragon+1","theDuelist:CyberDragonCore+1","theDuelist:Nameless:Power:AllyJustice+1","theDuelist:TwinHeadedFire+1","theDuelist:LightningDarts+11","theDuelist:AncientDragon+1","theDuelist:Mausoleum+1","theDuelist:WaterDragon+1","theDuelist:AncientPixieDragon+1","theDuelist:RedRisingDragon+1","theDuelist:AncientPixieDragon+1","theDuelist:CastleDragonSouls+1","theDuelist:ArmedDragon3+1","theDuelist:GreenGraveOni+1","theDuelist:Mountain+1","theDuelist:SliferSky+1","theDuelist:BusterBladerDDS+1"],"relics":["theDuelist:MillenniumPuzzle","Hammer of Thor","Seething Fire","Anvil of the Gods","EVO:Axolotl","NeowsBlessing","MerchantsRug","FaceOfCleric","Bromod:ArcaneEnergize","Nloth\u0027s Gift","theDuelist:BoosterPackSpellEgg","theDuelist:MetronomeRelicB","Happy Flower","Basket Of Snakes"],"acts_visited":["Exordium","TheCity","TheBeyond"],"potions_floor_usage":[28,28],"damage_taken":[{"damage":0.0,"enemies":"2 Louse","floor":1.0,"turns":1.0},{"damage":0.0,"enemies":"Cultist","floor":3.0,"turns":1.0},{"damage":0.0,"enemies":"Small Slimes","floor":4.0,"turns":1.0},{"damage":0.0,"enemies":"Blue Slaver","floor":5.0,"turns":1.0},{"damage":0.0,"enemies":"3 Louse","floor":7.0,"turns":2.0},{"damage":0.0,"enemies":"2 Fungi Beasts","floor":8.0,"turns":2.0},{"damage":0.0,"enemies":"Lots of Slimes","floor":12.0,"turns":1.0},{"damage":20.0,"enemies":"Lagavulin","floor":14.0,"turns":4.0},{"damage":13.0,"enemies":"Fading Forest","floor":16.0,"turns":11.0},{"damage":12.0,"enemies":"3 Byrds","floor":18.0,"turns":3.0},{"damage":5.0,"enemies":"Shell Parasite","floor":20.0,"turns":2.0},{"damage":1.0,"enemies":"Snecko","floor":22.0,"turns":3.0},{"damage":0.0,"enemies":"theDuelist:KaibaA2","floor":23.0,"turns":6.0},{"damage":2.0,"enemies":"Sentry and Sphere","floor":25.0,"turns":3.0},{"damage":0,"enemies":"3 Cultists","floor":28,"turns":4},{"damage":0,"enemies":"Chosen and Byrds","floor":30,"turns":5},{"damage":44,"enemies":"hubris:MusketHawk","floor":33,"turns":8},{"damage":5,"enemies":"3 Shapes","floor":35,"turns":5},{"damage":3,"enemies":"Orb Walker","floor":36,"turns":3}],"seed_played":"-6307383516752555433","potions_obtained":[{"floor":1.0,"key":"theDuelist:FusionPotion"},{"floor":4.0,"key":"theDuelist:BabyPotion"},{"floor":8.0,"key":"theDuelist:FlamingBottle"},{"floor":23.0,"key":"theDuelist:SealedPack"},{"floor":28,"key":"theDuelist:SummonArmorPotion"},{"floor":29,"key":"theDuelist:SummonFuryPotion"}],"is_trial":false,"path_per_floor":["M","?","M","M","M","R","M","M","T","R","$","M","?","E","R","B",null,"M","?","M","$","M","E","$","M","T","?","M","?","M","?","R","B",null,"M","M","?"],"character_chosen":"THE_DUELIST","items_purchased":["MerchantsRug","theDuelist:YamiForm","theDuelist:BoosterPackSpellEgg","theDuelist:RedRisingDragon+1","theDuelist:AncientPixieDragon","theDuelist:BerserkScales","theDuelist:SealedPackB"],"campfire_rested":2,"item_purchase_floors":[11,21,21,21,21,24,24],"current_hp_per_floor":[80,55,55,55,55,85,85,85,85,100,100,100,100,81,101,89,102,91,91,87,87,87,88,88,87,87,87,88,88,89,89,89,46,110,106,104,104,104],"gold":156,"neow_bonus":"THREE_ENEMY_KILL","is_daily":false,"chose_seed":false,"campfire_upgraded":0,"win_rate":0.0,"timestamp":1610053796,"path_taken":["M","?","M","M","?","R","M","M","T","R","$","M","?","E","R","BOSS","M","?","M","$","M","E","$","M","T","?","M","?","?","?","R","BOSS","M","M","?"],"items_purchased_type":["Relic","Card","Relic","Card","Card","Card","Potion"],"build_version":"2020-12-22","purchased_purges":0,"victory":false,"max_hp_per_floor":[80,100,100,100,100,100,100,100,100,100,100,100,100,101,101,102,102,103,103,104,104,105,106,106,107,107,107,108,108,109,109,109,110,110,111,112,112,112],"relic_stats":{"FaceOfCleric":12,"Happy Flower":[8],"counters":[19,66],"Nloth\u0027s Gift":3,"obtain_stats":[{"MerchantsRug":11,"NeowsBlessing":0,"Happy Flower":26,"theDuelist:BoosterPackSpellEgg":21,"Basket Of Snakes":37,"Hammer of Thor":0,"EVO:Axolotl":0,"theDuelist:MillenniumPuzzle":0,"theDuelist:CardPoolSaveRelic":0,"Seething Fire":0,"Replay:Mystery Machine":14,"theDuelist:BoosterPackPoolRelic":0,"theDuelist:CardPoolMinusRelic":0,"FaceOfCleric":13,"Anvil of the Gods":0,"theDuelist:CardPoolBasicRelic":0,"Bromod:ArcaneEnergize":17,"theDuelist:CardPoolAddRelic":0,"theDuelist:CardPoolOptionsRelic":0,"Nloth\u0027s Gift":19,"theDuelist:MetronomeRelicB":23,"theDuelist:CardPoolRelic":0},{"MerchantsRug":6,"NeowsBlessing":0,"Happy Flower":14,"theDuelist:BoosterPackSpellEgg":11,"Basket Of Snakes":19,"Hammer of Thor":0,"EVO:Axolotl":0,"theDuelist:MillenniumPuzzle":0,"theDuelist:CardPoolSaveRelic":0,"Seething Fire":0,"Replay:Mystery Machine":8,"theDuelist:BoosterPackPoolRelic":0,"theDuelist:CardPoolMinusRelic":0,"FaceOfCleric":7,"Anvil of the Gods":0,"theDuelist:CardPoolBasicRelic":0,"Bromod:ArcaneEnergize":9,"theDuelist:CardPoolAddRelic":0,"theDuelist:CardPoolOptionsRelic":0,"Nloth\u0027s Gift":10,"theDuelist:MetronomeRelicB":13,"theDuelist:CardPoolRelic":0},{"MerchantsRug":8,"NeowsBlessing":0,"Happy Flower":41,"theDuelist:BoosterPackSpellEgg":29,"Basket Of Snakes":66,"Hammer of Thor":0,"EVO:Axolotl":0,"theDuelist:MillenniumPuzzle":0,"theDuelist:CardPoolSaveRelic":0,"Seething Fire":0,"Replay:Mystery Machine":13,"theDuelist:BoosterPackPoolRelic":0,"theDuelist:CardPoolMinusRelic":0,"FaceOfCleric":9,"Anvil of the Gods":0,"theDuelist:CardPoolBasicRelic":0,"Bromod:ArcaneEnergize":24,"theDuelist:CardPoolAddRelic":0,"theDuelist:CardPoolOptionsRelic":0,"Nloth\u0027s Gift":27,"theDuelist:MetronomeRelicB":38,"theDuelist:CardPoolRelic":0}]},"card_choices":[{"not_picked":["theDuelist:MaskedDragon","theDuelist:CyberValley","theDuelist:LavaDragon","theDuelist:AncientGearGadjiltron"],"picked":"theDuelist:CyberDragonCore","floor":1.0},{"not_picked":["theDuelist:CyberDinosaur","theDuelist:AncientPixieDragon","theDuelist:LesserDragon","theDuelist:DefenseZone"],"picked":"theDuelist:TwinHeadedFire","floor":3.0},{"not_picked":["theDuelist:TwinBarrelDragon","theDuelist:Anthrosaurus","theDuelist:TwinHeadedFire","theDuelist:BabyDragon","theDuelist:WhiteHornDragon"],"picked":"SKIP","floor":4.0},{"not_picked":["theDuelist:BattleguardKing","theDuelist:Hinotama","theDuelist:RainbowOverdragon","theDuelist:BigFire"],"picked":"theDuelist:LightningDarts","floor":5.0},{"not_picked":["theDuelist:BusterBlader","theDuelist:CaveDragon","theDuelist:Earthquake","theDuelist:StarlightRoad"],"picked":"theDuelist:SafeZone","floor":7.0},{"not_picked":["theDuelist:CyberValley","theDuelist:SafeZone","theDuelist:BlackTyranno","theDuelist:GalaxyTyranno"],"picked":"theDuelist:AncientDragon","floor":8.0},{"not_picked":["theDuelist:Hinotama","theDuelist:RedMedicine","theDuelist:PurplePainOni","theDuelist:MagicalStone"],"picked":"theDuelist:Mausoleum","floor":12.0},{"not_picked":["theDuelist:TornadoDragon","theDuelist:MadSwordBeast","theDuelist:CyberDragonCore","theDuelist:JurassicImpact"],"picked":"theDuelist:DarkHorus","floor":14.0},{"not_picked":["theDuelist:SurvivalFittest","theDuelist:QueenDragunDjinn","theDuelist:FiveHeaded","theDuelist:DefensiveTactics"],"picked":"theDuelist:WaterDragon","floor":16.0},{"not_picked":["theDuelist:ViceDragon","theDuelist:MaskedDragon","theDuelist:Hydrogeddon","theDuelist:BlackStego+1"],"picked":"theDuelist:DarkHorus+1","floor":18.0},{"not_picked":["theDuelist:BusterBlader+1","theDuelist:Duoterion","theDuelist:Earthquake","theDuelist:TornadoDragon+1"],"picked":"theDuelist:AncientPixieDragon","floor":20.0},{"not_picked":["theDuelist:SilverWing+1","theDuelist:MiraculousDescent","theDuelist:DragonMirror+1"],"picked":"theDuelist:CastleDragonSouls+1","floor":22.0},{"not_picked":["theDuelist:LesserDragon+1","theDuelist:CyberValley","theDuelist:TornadoDragon","theDuelist:HazyFlameHydra+1"],"picked":"theDuelist:ArmedDragon3","floor":23.0},{"not_picked":["theDuelist:LightningDarts","theDuelist:StrayLambs+1","theDuelist:ForbiddenChalice+1","theDuelist:Reload+1"],"picked":"theDuelist:GreenGraveOni+1","floor":25.0},{"not_picked":["theDuelist:MiraculousDescent","theDuelist:CastleDragonSouls","theDuelist:AutorokketDragon+1"],"picked":"theDuelist:Mountain+1","floor":28},{"not_picked":["theDuelist:WaterDragon","theDuelist:LavaDragon","theDuelist:FiveHeaded","theDuelist:CyberEndDragon"],"picked":"theDuelist:SliferSky+1","floor":30},{"not_picked":["theDuelist:VoidOgreDragon","theDuelist:ChimeratechOverdragon","theDuelist:BlasterDragonInfernos+1","theDuelist:BerserkScales+1"],"picked":"theDuelist:BusterBladerDDS","floor":33},{"not_picked":["theDuelist:SpiralSpearStrike+1","theDuelist:AncientRules+1","theDuelist:Mountain+1","theDuelist:ClawHermos+1"],"picked":"theDuelist:DragonRavine+1","floor":35},{"not_picked":["theDuelist:MadSwordBeast","theDuelist:BlackTyranno","theDuelist:BarrelDragon","theDuelist:GiantRex+1","theDuelist:BlackStego+1"],"picked":"SKIP","floor":36},{"not_picked":["theDuelist:SpiralSpearStrike+1","theDuelist:ClawHermos+1","theDuelist:DragonTreasure+1","theDuelist:SoulCharge+1"],"picked":"theDuelist:Mountain+1","floor":37}],"player_experience":265227,"relics_obtained":[{"floor":14.0,"key":"Replay:Mystery Machine"},{"floor":23.0,"key":"theDuelist:MetronomeRelicB"},{"floor":26.0,"key":"Happy Flower"},{"floor":37,"key":"Basket Of Snakes"}],"event_choices":[{"power_reward":4.0,"total_magic_score":38.0,"gold_gain":0.0,"duelist":true,"damage_taken":45.0,"relics_obtained":[],"points":7.0,"max_hp_gain":20.0,"max_hp_loss":0.0,"spent_points":{"magic":0.0,"greed":0.0,"war":0.0,"power":4.0,"hunger":2.0},"event_name":"Nameless Tomb","hunger_reward":2.0,"floor":2.0,"gold_loss":0.0,"cards_obtained":["theDuelist:Nameless:Power:AllyJustice"]},{"damage_healed":0.0,"max_hp_gain":0.0,"max_hp_loss":0.0,"gold_gain":0.0,"event_name":"FaceTrader","player_choice":"Trade","floor":13.0,"gold_loss":0.0,"damage_taken":0.0,"relics_obtained":["FaceOfCleric"]},{"damage_healed":0.0,"max_hp_gain":0.0,"max_hp_loss":0.0,"gold_gain":0.0,"event_name":"N\u0027loth","player_choice":"Traded Relic","floor":19.0,"relics_lost":["theDuelist:CardPoolRelic"],"gold_loss":0.0,"damage_taken":0.0,"relics_obtained":["Nloth\u0027s Gift"]},{"damage_healed":0.0,"max_hp_gain":0.0,"max_hp_loss":0.0,"gold_gain":0.0,"event_name":"betterNote:BetterNote","player_choice":"Ignored","floor":27.0,"gold_loss":0.0,"damage_taken":0.0,"cards_obtained":["Strike_B"]},{"damage_healed":0,"gold_gain":0,"player_choice":"Got Potions","damage_taken":0,"max_hp_gain":0,"max_hp_loss":0,"event_name":"Lab","floor":29,"gold_loss":0},{"damage_healed":0,"gold_gain":0,"player_choice":"Paid Fearfully","damage_taken":0,"max_hp_gain":0,"max_hp_loss":0,"event_name":"Masked Bandits","floor":31,"gold_loss":143}],"is_beta":false,"boss_relics":[{"not_picked":["Replay:Ancient Bell","Cursed Key"],"picked":"Bromod:ArcaneEnergize"},{"not_picked":["Kintsugi","Replay:Grab Bag","Snecko Eye"]}],"items_purged_floors":[],"is_endless":false,"potions_floor_spawned":[1,4,8,12,18,23,25,28],"ascension_level":0}}