{"host":"2lrkmsuh7nz013qb","time":1610022548,"event":{"mods":["BaseMod","Colored Map","DeckTracker","Minty Spire (QoL Compilation)","SuperFastMode","everything is the same but u backflip on backflip"],"gold_per_floor":[119,130,142,155,155,155,170,170,170,170,195,208,59,82,82,173,236,256,256,256],"floor_reached":19,"playtime":364,"items_purged":[],"score":326,"play_id":"30291fd6-a87a-4b82-97e2-2c27ff51efe5","local_time":"20210107212908","is_ascension_mode":true,"campfire_choices":[{"data":"Finisher","floor":6,"key":"SMITH"},{"data":"Neutralize","floor":8,"key":"SMITH"},{"data":"Poisoned Stab","floor":10,"key":"SMITH"},{"floor":15,"key":"REST"}],"circlet_count":0,"master_deck":["AscendersBane","Strike_G","Strike_G","Strike_G","Strike_G","Strike_G","Defend_G","Defend_G","Defend_G+1","Defend_G","Defend_G","Survivor","Neutralize+1","Finisher+1","Poisoned Stab+1","Heel Hook","Grand Finale","Grand Finale"],"relics":["Ring of the Snake","NeowsBlessing","Golden Idol","FossilizedHelix","Tiny House"],"acts_visited":["Exordium","TheCity"],"potions_floor_usage":[16,16],"damage_taken":[{"damage":0,"enemies":"Cultist","floor":1,"turns":1},{"damage":0,"enemies":"2 Louse","floor":2,"turns":1},{"damage":0,"enemies":"Jaw Worm","floor":3,"turns":1},{"damage":11,"enemies":"3 Louse","floor":4,"turns":5},{"damage":6,"enemies":"Looter","floor":7,"turns":4},{"damage":0,"enemies":"Blue Slaver","floor":11,"turns":3},{"damage":0,"enemies":"2 Fungi Beasts","floor":12,"turns":4},{"damage":14,"enemies":"Exordium Wildlife","floor":14,"turns":5},{"damage":26,"enemies":"Hexaghost","floor":16,"turns":9},{"damage":23,"enemies":"Chosen","floor":18,"turns":6},{"damage":0,"enemies":"2 Thieves","floor":19,"turns":1}],"seed_played":"611026622190885613","potions_obtained":[{"floor":1,"key":"SkillPotion"},{"floor":11,"key":"CultistPotion"},{"floor":16,"key":"DistilledChaos"},{"floor":17,"key":"EssenceOfSteel"}],"is_trial":false,"path_per_floor":["M","M","M","M","?","R","M","R","T","R","M","M","$","M","R","B",null,"M","M"],"character_chosen":"THE_SILENT","items_purchased":["Grand Finale"],"campfire_rested":1,"item_purchase_floors":[13],"current_hp_per_floor":[59,59,59,48,48,48,42,42,42,42,42,42,42,28,46,20,55,32,32,32],"gold":256,"neow_bonus":"THREE_ENEMY_KILL","is_daily":false,"chose_seed":false,"campfire_upgraded":3,"win_rate":0.0,"timestamp":1610022548,"path_taken":["M","M","?","M","?","R","M","R","T","R","M","M","$","M","R","BOSS","M","M"],"items_purchased_type":["Card"],"build_version":"2020-12-22","purchased_purges":0,"victory":false,"max_hp_per_floor":[66,66,66,66,60,60,60,60,60,60,60,60,60,60,60,60,65,65,65,65],"card_choices":[{"not_picked":["Leg Sweep","Acrobatics"],"picked":"Finisher","floor":1},{"not_picked":["Caltrops","Dodge and Roll","Deflect"],"picked":"SKIP","floor":2},{"not_picked":["Poisoned Stab","Expertise","Dagger Spray"],"picked":"SKIP","floor":3},{"not_picked":["Bane","Expertise"],"picked":"Poisoned Stab","floor":4},{"not_picked":["Skewer","Deflect","Distraction"],"picked":"SKIP","floor":7},{"not_picked":["Distraction","Expertise"],"picked":"Heel Hook","floor":11},{"not_picked":["Flying Knee","Dagger Spray","Slice"],"picked":"SKIP","floor":12},{"not_picked":["Dodge and Roll","All Out Attack","Infinite Blades"],"picked":"SKIP","floor":14},{"not_picked":["Storm of Steel","Envenom"],"picked":"Grand Finale","floor":16},{"not_picked":["Dagger Throw","Outmaneuver","Underhanded Strike"],"picked":"SKIP","floor":18}],"player_experience":742405,"relics_obtained":[{"floor":9,"key":"FossilizedHelix"}],"event_choices":[{"damage_healed":0,"gold_gain":0,"player_choice":"Lose Max HP","damage_taken":0,"relics_obtained":["Golden Idol"],"max_hp_gain":0,"max_hp_loss":6,"event_name":"Golden Idol","floor":5,"gold_loss":0}],"is_beta":false,"boss_relics":[{"not_picked":["Runic Dome","Black Star"],"picked":"Tiny House"}],"items_purged_floors":[],"is_endless":false,"potions_floor_spawned":[1,11,14,16],"killed_by":"2 Thieves","ascension_level":20}}