{"host":"359hz4210ybch7ku","time":1610000257,"event":{"mods":["BaseMod","Block Reminder","Colored Map","Colored Powertips","Highlight Path","Minty Spire (QoL Compilation)","Slay the Relics Exporter","StSLib"],"gold_per_floor":[214,214,289,308,22,22,35,35,35,60,60,93,93,105,105,210,210,190,20,20,34,34,62,62,89,113,34,34,34,34],"floor_reached":29,"playtime":2954,"items_purged":["Defend_P"],"score":307,"play_id":"4c7b305c-7311-4496-84b8-27f7919ac707","local_time":"20210106221737","is_ascension_mode":true,"campfire_choices":[{"data":"WaveOfTheHand","floor":6,"key":"SMITH"},{"data":"SandsOfTime","floor":8,"key":"SMITH"},{"floor":13,"key":"REST"},{"floor":15,"key":"REST"},{"floor":24,"key":"REST"},{"floor":28,"key":"REST"}],"circlet_count":0,"master_deck":["Strike_P","Strike_P","Strike_P","Defend_P","Defend_P","Defend_P","Eruption","Vigilance","WaveOfTheHand+1","SandsOfTime+1","Protect","Protect","WreathOfFlame","Establishment","CurseOfTheBell","FlyingSleeves","Dramatic Entrance","Protect","Consecrate","Adaptation+1"],"relics":["PureWater","Incense Burner","Shuriken","Mummified Hand","Matryoshka","Calling Bell","FossilizedHelix","HornCleat","Orichalcum","CultistMask","Happy Flower","Frozen Egg 2","TeardropLocket","Potion Belt"],"acts_visited":["Exordium","TheCity"],"potions_floor_usage":[10,14,16,21,23,25],"damage_taken":[{"damage":0,"enemies":"Small Slimes","floor":1,"turns":2},{"damage":4,"enemies":"Jaw Worm","floor":4,"turns":6},{"damage":0,"enemies":"Cultist","floor":7,"turns":4},{"damage":16,"enemies":"Gremlin Nob","floor":10,"turns":4},{"damage":16,"enemies":"Lagavulin","floor":12,"turns":12},{"damage":24,"enemies":"Lots of Slimes","floor":14,"turns":7},{"damage":27,"enemies":"The Guardian","floor":16,"turns":13},{"damage":0,"enemies":"2 Thieves","floor":18,"turns":4},{"damage":0,"enemies":"Spheric Guardian","floor":21,"turns":4},{"damage":36,"enemies":"Book of Stabbing","floor":23,"turns":8},{"damage":21,"enemies":"Slavers","floor":25,"turns":8},{"damage":52,"enemies":"Gremlin Leader","floor":29,"turns":11}],"seed_played":"-175144554342601268","potions_obtained":[{"floor":1,"key":"Block Potion"},{"floor":12,"key":"Energy Potion"},{"floor":14,"key":"LiquidBronze"},{"floor":18,"key":"SkillPotion"},{"floor":21,"key":"BottledMiracle"},{"floor":23,"key":"Dexterity Potion"}],"is_trial":false,"path_per_floor":["M","?","?","M","$","R","M","R","T","E","$","E","R","M","R","B",null,"M","$","?","M","?","E","R","E","T","$","R","E"],"character_chosen":"WATCHER","items_purchased":["Incense Burner","Dramatic Entrance","Adaptation+1"],"campfire_rested":4,"item_purchase_floors":[5,19,27],"current_hp_per_floor":[72,65,54,50,50,50,50,50,50,34,34,18,39,15,36,9,72,72,72,72,72,59,23,46,25,25,25,48,0,0],"gold":34,"neow_bonus":"HUNDRED_GOLD","is_daily":false,"chose_seed":false,"campfire_upgraded":2,"win_rate":0.0,"timestamp":1610000257,"path_taken":["M","?","?","?","?","R","M","R","T","E","$","E","R","M","R","BOSS","M","?","?","?","?","E","R","E","T","$","R","E"],"items_purchased_type":["Relic","Card","Card"],"build_version":"2020-12-22","purchased_purges":1,"victory":false,"max_hp_per_floor":[72,72,72,72,72,72,72,72,72,72,72,72,72,72,72,72,72,72,72,72,72,77,77,77,77,77,77,77,77,77],"card_choices":[{"not_picked":["Tantrum","Crescendo"],"picked":"WaveOfTheHand","floor":1},{"not_picked":["Swivel","Wireheading"],"picked":"SandsOfTime","floor":4},{"not_picked":["Crescendo","FlyingSleeves","CrushJoints"],"picked":"SKIP","floor":7},{"not_picked":["FlurryOfBlows","Consecrate"],"picked":"Protect","floor":10},{"not_picked":["WreathOfFlame","Evaluate"],"picked":"Protect","floor":12},{"not_picked":["Halt","Vault"],"picked":"WreathOfFlame","floor":14},{"not_picked":["SpiritShield","Omniscience"],"picked":"Establishment","floor":16},{"not_picked":["SashWhip","ClearTheMind+1"],"picked":"FlyingSleeves","floor":18},{"not_picked":["FollowUp","EmptyBody","Conclude+1"],"picked":"SKIP","floor":21},{"not_picked":["FollowUp","ClearTheMind"],"picked":"Protect","floor":23},{"not_picked":["Pray","Wish"],"picked":"Consecrate","floor":25}],"player_experience":156304,"relics_obtained":[{"floor":9,"key":"Shuriken"},{"floor":10,"key":"Mummified Hand"},{"floor":12,"key":"Matryoshka"},{"floor":17,"key":"FossilizedHelix"},{"floor":17,"key":"HornCleat"},{"floor":17,"key":"Orichalcum"},{"floor":23,"key":"Happy Flower"},{"floor":25,"key":"Frozen Egg 2"},{"floor":26,"key":"TeardropLocket"},{"floor":26,"key":"Potion Belt"}],"event_choices":[{"cards_removed":["Strike_P"],"damage_healed":0,"gold_gain":0,"player_choice":"Card Removal","damage_taken":7,"max_hp_gain":0,"max_hp_loss":0,"event_name":"Golden Wing","floor":2,"gold_loss":0},{"damage_healed":0,"gold_gain":75,"player_choice":"Gather Gold","damage_taken":11,"max_hp_gain":0,"max_hp_loss":0,"event_name":"World of Goop","floor":3,"gold_loss":0},{"damage_healed":0,"gold_gain":0,"player_choice":"Trade","damage_taken":0,"relics_obtained":["CultistMask"],"max_hp_gain":0,"max_hp_loss":0,"event_name":"FaceTrader","floor":20,"gold_loss":0},{"damage_healed":0,"gold_gain":0,"player_choice":"Shed Blood","damage_taken":18,"max_hp_gain":5,"max_hp_loss":0,"event_name":"Forgotten Altar","floor":22,"gold_loss":0}],"is_beta":false,"boss_relics":[{"not_picked":["Runic Pyramid","Ectoplasm"],"picked":"Calling Bell"}],"items_purged_floors":[19],"is_endless":false,"potions_floor_spawned":[1,12,14,18,21,23],"killed_by":"Gremlin Leader","ascension_level":3}}