{"host":"5uvzo7moqy5vd63g","time":1610053053,"event":{"mods":["Aspiration","BaseMod","Conspire","Curses Come First","Dio Mod","Downfall","Hermit","Hubris","Jedi Mod","Mimic Mod","Minty Spire (QoL Compilation)","Replay The Spire","StSLib","Wandering Minibosses"],"gold_per_floor":[99,99,99,99,99,24,51,78,78,10,29,45,45,70,88,188,188,188,188,206,220,220,239,273,286,314,164,177,207,207,220,231,331,331,331,346,358,358,409,427,427,427,427,442,391,410,442,442,473,493,503,503,503,531,186,186,186],"floor_reached":58,"playtime":4268,"items_purged":["Shame","dioMod:Strike"],"score":1471,"play_id":"b3cb5f0a-c591-44e7-808a-e6d14872332c","local_time":"20210107155733","is_ascension_mode":true,"campfire_choices":[{"floor":1.0,"key":"RECALL"},{"data":"hubris:Counter","floor":6.0,"key":"SMITH"},{"data":"dioMod:MudaMudaMuda","floor":13.0,"key":"SMITH"},{"floor":27.0,"key":"REST"},{"floor":35.0,"key":"DIG"},{"data":"Apotheosis","floor":48.0,"key":"SMITH"},{"floor":56.0,"key":"REST"}],"circlet_count":1,"master_deck":["dioMod:Strike","Bite","dioMod:Defend+1","dioMod:Defend","dioMod:Defend","dioMod:DaggerToss","Die Die Die","hubris:Counter+1","conspire:PoisonWeapons","dioMod:CoffinBath","dioMod:MudaMudaMuda+1","dioMod:Muda","dioMod:DominatingPresence","dioMod:DaggerSpree","dioMod:ZaWarudo","dioMod:Regeneration","dioMod:DoubleTime+1","dioMod:SlashThroughTime","dioMod:Freeze+1","dioMod:GoldVial","dioMod:Muda","dioMod:Muda","dioMod:Hiss+1","dioMod:DisarmingVoice","dioMod:TheWalk+1","dioMod:GoldVial","dioMod:Muda","dioMod:MudaMudaMuda+1","dioMod:ComboFever+1","dioMod:FlyAway+1","Apotheosis+1","hubris:EnhanceAbility","Replay:SS_hec_2","expansioncontent:BronzeBeam","dioMod:Hiss+1","Pot Of Greed","Pot Of Greed","Pot Of Greed","Pot Of Greed","dioMod:CoffinBath+1","dioMod:CutDeep+1","dioMod:Minions+1","expansioncontent:StudyTheSpire","dioMod:DaggerToss"],"relics":["dioMod:VampireBlood","downfall:HeartsMalice","hubris:Towel","downfall:HeartBlessingRed","Oddly Smooth Stone","Tiny Chest","downfall:ShatteredFragment","Mercury Hourglass","Philosopher\u0027s Stone","Pear","aspiration:SeaSaltIceCream","Circlet","aspiration:FrozenJewel","downfall:HeartBlessingBlue","downfall:HeartBlessingGreen","Bronze Scales","conspire:SpecialSausage","jedi:angrymask","War Paint","Thread and Needle","ReplayTheSpireMod:ShopPack","jedi:bottledfury","Grinning Jar","conspire:DecoderRing"],"acts_visited":["Exordium","TheCity","TheBeyond","TheEnding"],"potions_floor_usage":[],"damage_taken":[{"damage":0.0,"enemies":"Jaw Worm","floor":2.0,"turns":1.0},{"damage":0.0,"enemies":"2 Louse","floor":3.0,"turns":1.0},{"damage":0.0,"enemies":"Gremlin Nob","floor":8.0,"turns":1.0},{"damage":4.0,"enemies":"downfall:FleeingMerchant","floor":10.0,"turns":4.0},{"damage":0.0,"enemies":"Small Slimes","floor":11.0,"turns":2.0},{"damage":3.0,"enemies":"2 Fungi Beasts","floor":12.0,"turns":2.0},{"damage":3.0,"enemies":"3 Sentries","floor":14.0,"turns":3.0},{"damage":10.0,"enemies":"Exordium Thugs","floor":15.0,"turns":2.0},{"damage":24.0,"enemies":"downfall:Watcher","floor":16.0,"turns":6.0},{"damage":12.0,"enemies":"Chosen","floor":20.0,"turns":3.0},{"damage":0.0,"enemies":"3 Byrds","floor":21.0,"turns":2.0},{"damage":18.0,"enemies":"Snake Plant","floor":23.0,"turns":3.0},{"damage":10.0,"enemies":"conspire:HollyBat","floor":24.0,"turns":6.0},{"damage":0.0,"enemies":"conspire:HollyBat","floor":25.0,"turns":6.0},{"damage":58.0,"enemies":"Slavers","floor":26.0,"turns":4.0},{"damage":5.0,"enemies":"Centurion and Healer","floor":28.0,"turns":3.0},{"damage":8.0,"enemies":"conspire:Head Lice","floor":29.0,"turns":3.0},{"damage":10.0,"enemies":"Cultist and Chosen","floor":31.0,"turns":2.0},{"damage":5.0,"enemies":"conspire:HollyBat","floor":32.0,"turns":5.0},{"damage":25.0,"enemies":"downfall:Silent","floor":33.0,"turns":4.0},{"damage":3.0,"enemies":"3 Shapes","floor":36.0,"turns":2.0},{"damage":0.0,"enemies":"Orb Walker","floor":37.0,"turns":1.0},{"damage":12.0,"enemies":"Maw","floor":40.0,"turns":5.0},{"damage":30.0,"enemies":"Writhing Mass","floor":44.0,"turns":3.0},{"damage":0.0,"enemies":"downfall:FleeingMerchant","floor":45.0,"turns":2.0},{"damage":0.0,"enemies":"4 Shapes","floor":46.0,"turns":2.0},{"damage":0.0,"enemies":"R_Hoarder","floor":47.0,"turns":3.0},{"damage":0.0,"enemies":"Nemesis","floor":49.0,"turns":3.0},{"damage":0.0,"enemies":"Maw","floor":50.0,"turns":3.0},{"damage":0.0,"enemies":"Sphere and 2 Shapes","floor":51.0,"turns":3.0},{"damage":20.0,"enemies":"downfall:Defect","floor":52.0,"turns":5.0},{"damage":10.0,"enemies":"downfall:CharBossMerchant","floor":54.0,"turns":3.0},{"damage":20,"enemies":"downfall:NeowBoss","floor":57,"turns":17}],"seed_played":"996937009726188143","potions_obtained":[{"floor":8.0,"key":"jedi:tentaclejuice"},{"floor":14.0,"key":"Ancient Potion"},{"floor":15.0,"key":"Weak Potion"},{"floor":23.0,"key":"sneckomod:MuddlingPotion"},{"floor":25.0,"key":"SmokeBomb"},{"floor":26.0,"key":"SkillPotion"},{"floor":33.0,"key":"PowerPotion"},{"floor":47.0,"key":"Strength Potion"},{"floor":49.0,"key":"Guardian:BlockOnCardUsePotion"}],"is_trial":false,"path_per_floor":["R","M","M","?","?","R","T","E","?","$","M","M","R","E","M","B",null,"R","?","M","M","T","M","MIM","M","E","R","M","E","?","M","M","B",null,"R","M","M","?","T","M","PTL","PTL","T","M","$","M","E","R","E","M","M","B",null,"E","$","R","B",null],"character_chosen":"THE_DEFAULT","items_purchased":["dioMod:Muda","ReplayTheSpireMod:ShopPack","Apotheosis","expansioncontent:StudyTheSpire","dioMod:DaggerToss"],"campfire_rested":2,"item_purchase_floors":[10,45,45,55,55],"current_hp_per_floor":[75,75,75,75,75,75,75,75,60,60,68,73,73,75,68,51,75,75,75,66,75,75,62,73,85,36,74,85,95,76,72,87,70,100,100,100,100,100,100,94,94,94,94,73,78,90,100,100,100,100,100,91,100,93,93,100,100],"gold":186,"neow_bonus":"THREE_ENEMY_KILL","is_daily":false,"chose_seed":false,"campfire_upgraded":3,"win_rate":0.0,"timestamp":1610053053,"path_taken":["R","M","M","?","?","R","T","E","?","?","M","M","R","E","M","BOSS","R","?","M","M","?","M","MIM","M","E","R","M","E","?","?","M","BOSS","R","M","M","?","?","M","PTL","PTL","T","M","$","M","E","R","E","?","M","BOSS","E","$","R","BOSS"],"items_purchased_type":["Card","Relic","Card","Card","Card"],"build_version":"2020-12-22","purchased_purges":2,"victory":true,"max_hp_per_floor":[75,75,75,75,75,75,75,75,75,75,75,75,75,75,75,75,75,75,75,75,75,75,75,85,85,85,95,95,95,100,100,100,100,100,100,100,100,100,100,100,100,100,100,100,100,100,100,100,100,100,100,100,100,100,100,100,100],"card_choices":[{"not_picked":["dioMod:WRYYY","dioMod:HeavyLifting","dioMod:SecretPlan"],"picked":"SKIP","floor":2.0},{"not_picked":["dioMod:HeavyLifting","dioMod:WRYYY"],"picked":"dioMod:DaggerToss","floor":3.0},{"not_picked":["dioMod:CautiousMuda","dioMod:BloodShield"],"picked":"dioMod:CoffinBath","floor":8.0},{"not_picked":["dioMod:FlyAway","dioMod:TripleThreat"],"picked":"dioMod:MudaMudaMuda","floor":10.0},{"not_picked":["dioMod:SecretPlan","dioMod:GoodbyeJojo"],"picked":"dioMod:DominatingPresence","floor":11.0},{"not_picked":["dioMod:Hiss","dioMod:SadisticLaugh"],"picked":"dioMod:DaggerSpree","floor":12.0},{"not_picked":["dioMod:BloodShield","dioMod:TripleThreat","dioMod:DominatingPresence"],"picked":"SKIP","floor":14.0},{"not_picked":["dioMod:DaggerToss","dioMod:CautiousMuda"],"picked":"dioMod:ZaWarudo","floor":15.0},{"not_picked":["dioMod:PhantomBlood","dioMod:KonoDioDa"],"picked":"dioMod:Regeneration","floor":16.0},{"not_picked":["dioMod:DominatingPresence+1","dioMod:GoodbyeJojo"],"picked":"dioMod:DoubleTime+1","floor":20.0},{"not_picked":["dioMod:TripleThreat","dioMod:BloodShield"],"picked":"dioMod:SlashThroughTime","floor":21.0},{"not_picked":["dioMod:BloodTransfusion","dioMod:HeavyLifting+1"],"picked":"dioMod:Freeze+1","floor":23.0},{"not_picked":["dioMod:FlyAway","dioMod:WRYYY"],"picked":"dioMod:GoldVial","floor":24.0},{"not_picked":["dioMod:CautiousMuda","dioMod:TripleThreat"],"picked":"dioMod:Muda","floor":25.0},{"not_picked":["dioMod:BloodShield+1","dioMod:SevenPageMuda"],"picked":"dioMod:Muda","floor":26.0},{"not_picked":["dioMod:BloodShield","dioMod:DoubleTime+1"],"picked":"dioMod:Hiss+1","floor":28.0},{"not_picked":["dioMod:FlyAway","dioMod:DarkRebirth"],"picked":"dioMod:DisarmingVoice","floor":29.0},{"not_picked":["dioMod:FlyAway","dioMod:ComposedMuda+1","dioMod:DarkRebirth"],"picked":"SKIP","floor":31.0},{"not_picked":["dioMod:SlashThroughTime+1","dioMod:DaggerToss"],"picked":"dioMod:TheWalk","floor":32.0},{"not_picked":["dioMod:RoadRoller","dioMod:KonoDioDa"],"picked":"dioMod:GoldVial","floor":33.0},{"not_picked":["dioMod:Roundabout","dioMod:DarkRebirth"],"picked":"dioMod:Muda","floor":36.0},{"not_picked":["dioMod:DarkRebirth+1","dioMod:CautiousMuda+1","dioMod:WRYYY"],"picked":"SKIP","floor":37.0},{"not_picked":["dioMod:BloodShield","dioMod:GoodbyeJojo+1"],"picked":"dioMod:MudaMudaMuda+1","floor":40.0},{"not_picked":["dioMod:Minions+1","dioMod:FlyAway"],"picked":"dioMod:ComboFever+1","floor":44.0},{"not_picked":["dioMod:GoldVial","dioMod:GoodbyeJojo"],"picked":"dioMod:FlyAway+1","floor":45.0},{"not_picked":["HandOfGreed","Apotheosis"],"picked":"hubris:EnhanceAbility","floor":45.0},{"not_picked":["expansioncontent:HyperBeam","Enlightenment"],"picked":"Replay:SS_hec_2","floor":45.0},{"not_picked":["expansioncontent:DecasProtection","expansioncontent:PolyBeam"],"picked":"expansioncontent:BronzeBeam","floor":45.0},{"not_picked":["dioMod:CautiousMuda+1","dioMod:HeavyLifting"],"picked":"dioMod:Hiss+1","floor":46.0},{"not_picked":["dioMod:BloodSuck","dioMod:SadisticLaugh","dioMod:Despair"],"picked":"SKIP","floor":47.0},{"not_picked":["dioMod:BloodTransfusion+1","dioMod:ComboFever+1"],"picked":"dioMod:CoffinBath+1","floor":49.0},{"not_picked":["dioMod:BlendIn","dioMod:CutDeep","dioMod:BloodShield"],"picked":"SKIP","floor":50.0},{"not_picked":["dioMod:BlendIn+1","dioMod:Freeze"],"picked":"dioMod:CutDeep+1","floor":51.0},{"not_picked":["dioMod:CutDeep+1","dioMod:DaggerSpree+1"],"picked":"dioMod:Minions+1","floor":54.0}],"player_experience":586272,"relics_obtained":[{"floor":7.0,"key":"Oddly Smooth Stone"},{"floor":8.0,"key":"Tiny Chest"},{"floor":14.0,"key":"Mercury Hourglass"},{"floor":24.0,"key":"Pear"},{"floor":24.0,"key":"aspiration:SeaSaltIceCream"},{"floor":26.0,"key":"aspiration:FrozenJewel"},{"floor":29.0,"key":"Bronze Scales"},{"floor":35.0,"key":"jedi:angrymask"},{"floor":39.0,"key":"War Paint"},{"floor":43.0,"key":"Thread and Needle"},{"floor":47.0,"key":"jedi:bottledfury"},{"floor":49.0,"key":"Grinning Jar"},{"floor":54.0,"key":"conspire:DecoderRing"}],"event_choices":[],"is_beta":false,"boss_relics":[{"not_picked":["Replay:Drink Me","hubris:Stopwatch"],"picked":"Philosopher\u0027s Stone"},{"not_picked":["aspiration:RitualDagger","conspire:RoyalGoblet"],"picked":"conspire:SpecialSausage"}],"items_purged_floors":[45,55],"is_endless":false,"potions_floor_spawned":[8,14,15,23,25,26,32,33,40,47,49,50,51,54],"ascension_level":1}}