{"host":"j3h0p3l2xgzxhnx7","time":1610022024,"event":{"mods":["BaseMod","Luminous","Marisa????????","Minty Spire (QoL Compilation)","Remilia??????","StSLib","The Bug Knight","The Cursed","The Servant 0.9.4"],"gold_per_floor":[112,112,132,144,144,175,175,194,217,246,246,276,20,34,34,134,134,145,158,158,174,186,186,217,217,262,275,287,41,41,67,67,164,164,181,200,217,69,69,69,104,104,127,127,182,197,0,0,0,0],"floor_reached":51,"playtime":2521,"items_purged":["Strike_S"],"score":969,"play_id":"d2293cae-8aaf-46a8-90f6-6e8891991d26","local_time":"20210107202024","is_ascension_mode":true,"campfire_choices":[{"data":"FloweringNight","floor":7,"key":"SMITH"},{"data":"Starlight","floor":11,"key":"SMITH"},{"data":"SilverBlades","floor":15,"key":"SMITH"},{"data":"KidneyShot","floor":23,"key":"SMITH"},{"data":"Spin","floor":25,"key":"SMITH"},{"data":"Rearm","floor":32,"key":"SMITH"},{"data":"Luminosity","floor":40,"key":"SMITH"},{"data":"Alleviate","floor":42,"key":"SMITH"},{"floor":49,"key":"REST"}],"circlet_count":0,"master_deck":["Strike_S","Defend_S","Defend_S","Defend_S","KidneyShot+1","Exchange","FlawlessForm+1","FloweringNight+1","Luminosity+1","Contraction+1","Starlight+1","Spin+1","SilverBlades+1","DoubleEdge","FastForward","Deny","Alleviate+1","Misdirection+1","ShatteredReality+1","Starlight+1","BottledTime","ShiftingGears+1","Rearm+1","Initiator+1","SoulSculpture+1","DoubleEdge+1","ShatteredReality+1","Spin+1"],"relics":["SplendidAttire","Broom","Lantern","Vajra","Bag of Preparation","Matryoshka","Molten Egg 2","Anchor","Strawberry","HollowMod:JonisBlessing","MutagenicStrength","Happy Flower","Busted Crown","Potion Belt","Gremlin Horn","PreservedInsect","Bag of Marbles","Juzu Bracelet","Gambling Chip","Red Mask"],"acts_visited":["Exordium","TheCity","TheBeyond"],"potions_floor_usage":[10,16,22,27,31,33,45,50,50],"damage_taken":[{"damage":0,"enemies":"Small Slimes","floor":1,"turns":5},{"damage":0,"enemies":"2 Louse","floor":3,"turns":4},{"damage":0,"enemies":"Jaw Worm","floor":4,"turns":9},{"damage":0,"enemies":"HollowMod:MossKnight","floor":6,"turns":14},{"damage":0,"enemies":"Exordium Wildlife","floor":8,"turns":5},{"damage":2,"enemies":"Gremlin Nob","floor":10,"turns":4},{"damage":1,"enemies":"HollowMod:MossKnight","floor":12,"turns":7},{"damage":0,"enemies":"Red Slaver","floor":14,"turns":3},{"damage":12,"enemies":"Hexaghost","floor":16,"turns":6},{"damage":0,"enemies":"Chosen","floor":18,"turns":4},{"damage":7,"enemies":"3 Cultists","floor":19,"turns":5},{"damage":0,"enemies":"Shelled Parasite and Fungi","floor":21,"turns":6},{"damage":4,"enemies":"Cultist and Chosen","floor":22,"turns":6},{"damage":0,"enemies":"HollowMod:Nosk","floor":24,"turns":7},{"damage":0,"enemies":"3 Cultists","floor":27,"turns":2},{"damage":0,"enemies":"Chosen and Byrds","floor":28,"turns":6},{"damage":0,"enemies":"Slavers","floor":31,"turns":4},{"damage":6,"enemies":"Collector","floor":33,"turns":7},{"damage":0,"enemies":"3 Shapes","floor":35,"turns":1},{"damage":0,"enemies":"3 Darklings","floor":36,"turns":3},{"damage":18,"enemies":"4 Shapes","floor":37,"turns":2},{"damage":0,"enemies":"Reptomancer","floor":41,"turns":4},{"damage":0,"enemies":"2 Orb Walkers","floor":45,"turns":1},{"damage":0,"enemies":"Writhing Mass","floor":46,"turns":4},{"damage":0,"enemies":"Time Eater","floor":50,"turns":7}],"seed_played":"1927527477817910943","potions_obtained":[{"floor":1,"key":"ColorlessPotion"},{"floor":6,"key":"Fire Potion"},{"floor":8,"key":"Explosive Potion"},{"floor":10,"key":"AttackPotion"},{"floor":19,"key":"Strength Potion"},{"floor":22,"key":"FairyPotion"},{"floor":28,"key":"DuplicationPotion"},{"floor":31,"key":"SpeedPotion"},{"floor":36,"key":"ColorlessPotion"},{"floor":41,"key":"EssenceOfSteel"}],"is_trial":false,"path_per_floor":["M","?","M","M","?","E","R","M","T","E","R","E","$","M","R","B",null,"M","M","?","M","M","R","E","R","T","M","M","$","?","E","R","B",null,"M","M","M","$","?","R","E","R","T","?","?","M","?","$","R","B",null],"character_chosen":"THE_SERVANT","items_purchased":["Matryoshka","HollowMod:JonisBlessing","Rearm","Potion Belt"],"campfire_rested":1,"item_purchase_floors":[13,29,29,38],"current_hp_per_floor":[59,64,64,64,64,64,64,64,64,62,62,61,61,61,61,49,64,64,57,57,57,53,53,53,53,60,60,60,60,60,60,60,54,71,71,71,53,53,53,53,53,53,53,53,53,53,53,53,71,71],"gold":0,"neow_bonus":"TRANSFORM_TWO_CARDS","is_daily":false,"chose_seed":false,"campfire_upgraded":8,"win_rate":0.0,"timestamp":1610022024,"path_taken":["M","?","M","M","?","E","R","M","T","E","R","E","$","?","R","BOSS","M","M","?","M","M","R","E","R","T","M","?","$","?","E","R","BOSS","M","M","M","$","?","R","E","R","T","?","?","M","?","$","R","BOSS"],"items_purchased_type":["Relic","Relic","Card","Relic"],"build_version":"2020-12-22","purchased_purges":1,"victory":true,"max_hp_per_floor":[59,64,64,64,64,64,64,64,64,64,64,64,64,64,64,64,64,64,64,64,64,64,64,64,64,71,71,71,71,71,71,71,71,71,71,71,71,71,71,71,71,71,71,71,71,71,71,71,71,71],"card_choices":[{"not_picked":["Gouge","TimeWarp"],"picked":"Luminosity","floor":1},{"not_picked":["Revamp","Moondial"],"picked":"Contraction","floor":3},{"not_picked":["MoonPhase","Desolation"],"picked":"Starlight","floor":4},{"not_picked":["ReturningBlade","Revamp"],"picked":"Spin","floor":6},{"not_picked":["PendulumOfEternity","Alleviate"],"picked":"SilverBlades","floor":8},{"not_picked":["ShatteredReality","Revamp"],"picked":"DoubleEdge","floor":10},{"not_picked":["Spin","Comet"],"picked":"FastForward","floor":12},{"not_picked":["TimeWarp","Sabotage","DoubleEdge"],"picked":"SKIP","floor":14},{"not_picked":["SoulSculpture","Dilation"],"picked":"Deny","floor":16},{"not_picked":["Comet","DoubleEdge"],"picked":"Alleviate","floor":18},{"not_picked":["Collapse+1","Replace+1"],"picked":"Misdirection+1","floor":19},{"not_picked":["TimeWarp","Ricochet+1"],"picked":"ShatteredReality+1","floor":21},{"not_picked":["Revamp","Manipulate","Ricochet"],"picked":"SKIP","floor":22},{"not_picked":["Hightail","Unruled+1"],"picked":"Starlight+1","floor":24},{"not_picked":["Gouge+1","Alleviate"],"picked":"BottledTime","floor":27},{"not_picked":["Ricochet+1","DoubleEdge+1"],"picked":"ShiftingGears+1","floor":28},{"not_picked":["Hightail+1","FastForward+1"],"picked":"Initiator+1","floor":31},{"not_picked":["Solidify","Embodiment"],"picked":"SoulSculpture+1","floor":33},{"not_picked":[],"picked":"DoubleEdge+1","floor":35},{"not_picked":["DoubleEdge+1"],"picked":"SKIP","floor":36},{"not_picked":["Starlight+1"],"picked":"SKIP","floor":37},{"not_picked":[],"picked":"ShatteredReality+1","floor":41},{"not_picked":[],"picked":"Spin+1","floor":46}],"player_experience":94084,"relics_obtained":[{"floor":6,"key":"Broom"},{"floor":9,"key":"Lantern"},{"floor":10,"key":"Vajra"},{"floor":12,"key":"Bag of Preparation"},{"floor":24,"key":"Molten Egg 2"},{"floor":26,"key":"Anchor"},{"floor":26,"key":"Strawberry"},{"floor":31,"key":"Happy Flower"},{"floor":39,"key":"Gremlin Horn"},{"floor":41,"key":"PreservedInsect"},{"floor":43,"key":"Bag of Marbles"},{"floor":43,"key":"Juzu Bracelet"},{"floor":45,"key":"Gambling Chip"}],"event_choices":[{"damage_healed":0,"gold_gain":0,"player_choice":"Donut","damage_taken":0,"max_hp_gain":5,"max_hp_loss":0,"event_name":"Big Fish","floor":2,"gold_loss":0},{"damage_healed":0,"gold_gain":0,"player_choice":"Grow","damage_taken":0,"max_hp_gain":0,"max_hp_loss":0,"event_name":"Living Wall","floor":5,"gold_loss":0,"cards_upgraded":["FlawlessForm"]},{"damage_healed":0,"gold_gain":0,"player_choice":"Upgraded","damage_taken":0,"max_hp_gain":0,"max_hp_loss":0,"event_name":"Upgrade Shrine","floor":20,"gold_loss":0,"cards_upgraded":["Contraction"]},{"damage_healed":0,"gold_gain":0,"player_choice":"Inject Mutagens","damage_taken":0,"relics_obtained":["MutagenicStrength"],"max_hp_gain":0,"max_hp_loss":0,"event_name":"Drug Dealer","floor":30,"gold_loss":0},{"damage_healed":0,"gold_gain":0,"player_choice":"Relic","damage_taken":0,"max_hp_gain":0,"max_hp_loss":0,"event_name":"Wheel of Change","floor":39,"gold_loss":0},{"cards_removed":["Defend_S"],"damage_healed":0,"gold_gain":0,"player_choice":"Removed Skill","damage_taken":0,"max_hp_gain":0,"max_hp_loss":0,"event_name":"Falling","floor":44,"gold_loss":0},{"damage_healed":0,"gold_gain":0,"player_choice":"Fight","damage_taken":0,"max_hp_gain":0,"max_hp_loss":0,"event_name":"Mysterious Sphere","floor":45,"gold_loss":0},{"damage_healed":0,"gold_gain":0,"player_choice":"Paid","damage_taken":0,"relics_obtained":["Red Mask"],"max_hp_gain":0,"max_hp_loss":0,"event_name":"Tomb of Lord Red Mask","floor":47,"gold_loss":197}],"is_beta":false,"boss_relics":[{"not_picked":["Fusion Hammer","SlaversCollar"],"picked":"SplendidAttire"},{"not_picked":["Runic Pyramid","Velvet Choker"],"picked":"Busted Crown"}],"items_purged_floors":[29],"is_endless":false,"potions_floor_spawned":[1,6,8,10,12,19,22,24,28,31,36,41],"ascension_level":2}}