{"host":"og6lam4kt3nibbw0","time":1610046936,"event":{"mods":["AchievementEnabler","BaseMod","Colored Map","DeckTracker","Highlight Path","Keyboard Shortcuts","Minty Spire (QoL Compilation)","Permanent Neow","Quick Restart","StSLib","SuperFastMode"],"gold_per_floor":[112,124,199,199,87,87,119,119,196,196,196,196,196,219,219,314,314,330,343,34,34,53,86,86,86,86,125,148,23,23,44,44,135,135,155,155,180,195,214,214,214,254,281,281,317,335,355,396,396,396,396,396],"floor_reached":51,"playtime":4360,"items_purged":["Strike_B","Defend_B","Defend_B"],"score":1696,"play_id":"801bc282-935d-4dce-92fa-a61a66a1cd89","local_time":"20210108041536","is_ascension_mode":true,"campfire_choices":[{"data":"Doom and Gloom","floor":6.0,"key":"SMITH"},{"data":"Machine Learning","floor":11.0,"key":"SMITH"},{"data":"Skim","floor":12.0,"key":"SMITH"},{"data":"Zap","floor":13.0,"key":"SMITH"},{"data":"Dualcast","floor":15.0,"key":"SMITH"},{"data":"Buffer","floor":24.0,"key":"SMITH"},{"data":"FTL","floor":32.0,"key":"SMITH"},{"data":"Electrodynamics","floor":40.0,"key":"SMITH"},{"data":"Capacitor","floor":44.0,"key":"SMITH"},{"floor":49,"key":"RECALL"}],"circlet_count":0,"master_deck":["AscendersBane","Defend_B+1","Zap+1","Dualcast+1","Doom and Gloom+1","Skim+1","FTL+1","Machine Learning+1","Hologram+1","Buffer+1","Redo+1","Self Repair+1","Reinforced Body+1","Blizzard","Aggregate+1","Rainbow+1","Sweeping Beam+1","Leap+1","Skim+1","Electrodynamics+1","CurseOfTheBell","Coolheaded+1","Capacitor+1","Recycle+1","Compile Driver+1","Chaos+1","Turbo+1","Undo+1"],"relics":["Coffee Dripper","WingedGreaves","Golden Idol","Toxic Egg 2","SlaversCollar","Lee\u0027s Waffle","Dream Catcher","Happy Flower","Toy Ornithopter","Calling Bell","Gambling Chip","Eternal Feather","War Paint","Bronze Scales","Centennial Puzzle","Mercury Hourglass"],"acts_visited":["Exordium","TheCity","TheBeyond"],"potions_floor_usage":[47],"damage_taken":[{"damage":1.0,"enemies":"Cultist","floor":1.0,"turns":4.0},{"damage":0.0,"enemies":"2 Louse","floor":2.0,"turns":2.0},{"damage":20.0,"enemies":"3 Sentries","floor":7.0,"turns":4.0},{"damage":2.0,"enemies":"Jaw Worm","floor":14.0,"turns":2.0},{"damage":12.0,"enemies":"Hexaghost","floor":16.0,"turns":8.0},{"damage":27.0,"enemies":"Shell Parasite","floor":18.0,"turns":6.0},{"damage":11.0,"enemies":"3 Byrds","floor":19.0,"turns":4.0},{"damage":18.0,"enemies":"Snake Plant","floor":22.0,"turns":4.0},{"damage":7.0,"enemies":"Gremlin Leader","floor":23.0,"turns":7.0},{"damage":19.0,"enemies":"Book of Stabbing","floor":27.0,"turns":5.0},{"damage":30.0,"enemies":"Centurion and Healer","floor":28.0,"turns":4.0},{"damage":26.0,"enemies":"Cultist and Chosen","floor":31.0,"turns":5.0},{"damage":0.0,"enemies":"Champ","floor":33.0,"turns":9.0},{"damage":2.0,"enemies":"3 Shapes","floor":35.0,"turns":3.0},{"damage":26.0,"enemies":"3 Darklings","floor":37.0,"turns":3.0},{"damage":5.0,"enemies":"Maw","floor":38.0,"turns":8.0},{"damage":26.0,"enemies":"4 Shapes","floor":39.0,"turns":4.0},{"damage":25.0,"enemies":"Reptomancer","floor":42.0,"turns":5.0},{"damage":0.0,"enemies":"Giant Head","floor":45.0,"turns":7.0},{"damage":0.0,"enemies":"Sphere and 2 Shapes","floor":46.0,"turns":4.0},{"damage":31,"enemies":"Transient","floor":47,"turns":6},{"damage":0,"enemies":"Nemesis","floor":48,"turns":7},{"damage":22,"enemies":"Donu and Deca","floor":50,"turns":6},{"damage":59,"enemies":"Awakened One","floor":51,"turns":6}],"seed_played":"2459828474445364023","potions_obtained":[{"floor":1.0,"key":"Fire Potion"},{"floor":14.0,"key":"Explosive Potion"},{"floor":31.0,"key":"Weak Potion"},{"floor":38.0,"key":"ColorlessPotion"},{"floor":45.0,"key":"PotionOfCapacity"}],"is_trial":false,"path_per_floor":["M","M","?","?","$","R","E","?","T","?","R","R","R","M","R","B",null,"M","M","$","?","M","E","R","?","T","E","M","$","?","M","R","B",null,"M","?","M","M","M","R","?","E","T","R","E","M","M","E","R","B","B"],"character_chosen":"DEFECT","items_purchased":["FTL","Lee\u0027s Waffle","Reinforced Body+1"],"campfire_rested":0,"item_purchase_floors":[5,20,20],"current_hp_per_floor":[63,63,52,45,45,45,25,25,25,25,25,25,25,23,23,11,51,24,13,71,71,60,60,60,60,60,51,31,31,31,20,20,35,62,70,70,54,59,43,55,55,40,40,55,70,71,50,60,71,59,0,0],"gold":396,"neow_bonus":"BOSS_RELIC","is_daily":false,"chose_seed":false,"campfire_upgraded":9,"win_rate":0.0,"timestamp":1610046936,"path_taken":["M","M","?","?","?","R","E","?","T","?","R","R","R","M","R","BOSS","M","M","$","?","M","E","R","?","T","E","?","$","?","M","R","BOSS","M","?","M","M","M","R","?","E","T","R","E","M","M","E","R","BOSS","BOSS"],"items_purchased_type":["Card","Relic","Card"],"build_version":"2020-12-22","purchased_purges":3,"victory":false,"max_hp_per_floor":[71,71,71,71,71,71,71,64,64,64,64,64,64,64,64,64,64,64,64,71,71,71,71,71,71,71,71,71,71,71,71,71,71,71,71,71,71,71,71,71,71,71,71,71,71,71,71,71,71,71,71,71],"card_choices":[{"not_picked":["Scrape","Recycle"],"picked":"Doom and Gloom","floor":1.0},{"not_picked":["Hologram","Compile Driver"],"picked":"Skim","floor":2.0},{"not_picked":["Cold Snap","Leap"],"picked":"Machine Learning","floor":7.0},{"not_picked":["Skim+1","Reprogram+1"],"picked":"Hologram+1","floor":14.0},{"not_picked":["Biased Cognition","Core Surge"],"picked":"Buffer","floor":16.0},{"not_picked":["Capacitor+1","Steam+1"],"picked":"Redo+1","floor":18.0},{"not_picked":["Ball Lightning","Multi-Cast+1"],"picked":"Self Repair","floor":19.0},{"not_picked":["Barrage","Hello World+1","Capacitor+1"],"picked":"SKIP","floor":22.0},{"not_picked":["Barrage","Hello World+1","Capacitor+1"],"picked":"SKIP","floor":22.0},{"not_picked":["Rebound","Turbo+1"],"picked":"Rainbow+1","floor":23.0},{"not_picked":["Gash+1","Defragment"],"picked":"Sweeping Beam+1","floor":27.0},{"not_picked":["Sweeping Beam","Reinforced Body+1"],"picked":"Leap+1","floor":28.0},{"not_picked":["Rip and Tear","Ball Lightning"],"picked":"Skim+1","floor":31.0},{"not_picked":["Reboot+1","Hyperbeam"],"picked":"Electrodynamics","floor":33.0},{"not_picked":["Sweeping Beam","Heatsinks+1","Ball Lightning"],"picked":"SKIP","floor":35.0},{"not_picked":["Turbo+1","Rebound"],"picked":"Coolheaded+1","floor":37.0},{"not_picked":["Electrodynamics","Rebound"],"picked":"Capacitor","floor":38.0},{"not_picked":["Go for the Eyes","Cold Snap"],"picked":"Recycle+1","floor":39.0},{"not_picked":["Thunder Strike","Fusion+1"],"picked":"Compile Driver+1","floor":42.0},{"not_picked":["Leap+1","Compile Driver"],"picked":"Chaos+1","floor":45.0},{"not_picked":["Scrape","Conserve Battery+1","Rebound+1"],"picked":"SKIP","floor":46.0},{"not_picked":["Auto Shields+1","Barrage"],"picked":"Turbo+1","floor":47},{"not_picked":["Melter","Gash"],"picked":"Undo+1","floor":48}],"player_experience":832479,"relics_obtained":[{"floor":7.0,"key":"WingedGreaves"},{"floor":9.0,"key":"Toxic Egg 2"},{"floor":23.0,"key":"Dream Catcher"},{"floor":26.0,"key":"Happy Flower"},{"floor":27.0,"key":"Toy Ornithopter"},{"floor":34.0,"key":"Gambling Chip"},{"floor":34.0,"key":"Eternal Feather"},{"floor":34.0,"key":"War Paint"},{"floor":42.0,"key":"Bronze Scales"},{"floor":45.0,"key":"Centennial Puzzle"},{"floor":48,"key":"Mercury Hourglass"}],"event_choices":[{"damage_healed":0.0,"max_hp_gain":0.0,"max_hp_loss":0.0,"gold_gain":75.0,"event_name":"World of Goop","player_choice":"Gather Gold","floor":3.0,"gold_loss":0.0,"damage_taken":11.0},{"cards_removed":["Strike_B"],"damage_healed":0.0,"max_hp_gain":0.0,"max_hp_loss":0.0,"gold_gain":0.0,"event_name":"Golden Wing","player_choice":"Card Removal","floor":4.0,"gold_loss":0.0,"damage_taken":7.0},{"damage_healed":0.0,"max_hp_gain":0.0,"max_hp_loss":7.0,"gold_gain":0.0,"event_name":"Golden Idol","player_choice":"Lose Max HP","floor":8.0,"gold_loss":0.0,"damage_taken":0.0,"relics_obtained":["Golden Idol"]},{"damage_healed":0.0,"max_hp_gain":0.0,"max_hp_loss":0.0,"gold_gain":0.0,"event_name":"Shining Light","player_choice":"Ignored","floor":10.0,"gold_loss":0.0,"damage_taken":0.0},{"damage_healed":0.0,"max_hp_gain":0.0,"max_hp_loss":0.0,"gold_gain":0.0,"cards_transformed":["Defend_B","Strike_B"],"event_name":"Drug Dealer","player_choice":"Became Test Subject","floor":21.0,"gold_loss":0.0,"damage_taken":0.0,"cards_obtained":["Blizzard","Aggregate"]},{"damage_healed":0.0,"max_hp_gain":0.0,"max_hp_loss":0.0,"gold_gain":0.0,"event_name":"Upgrade Shrine","player_choice":"Upgraded","floor":25.0,"gold_loss":0.0,"damage_taken":0.0,"cards_upgraded":["Self Repair"]},{"cards_removed":["Strike_B"],"damage_healed":0.0,"max_hp_gain":0.0,"max_hp_loss":0.0,"gold_gain":0.0,"event_name":"Back to Basics","player_choice":"Elegance","floor":30.0,"gold_loss":0.0,"damage_taken":0.0},{"damage_healed":0.0,"max_hp_gain":0.0,"max_hp_loss":0.0,"gold_gain":0.0,"event_name":"Mysterious Sphere","player_choice":"Ignored","floor":36.0,"gold_loss":0.0,"damage_taken":0.0},{"damage_healed":0.0,"max_hp_gain":0.0,"max_hp_loss":0.0,"gold_gain":0.0,"event_name":"SecretPortal","player_choice":"Ignored","floor":41.0,"gold_loss":0.0,"damage_taken":0.0}],"is_beta":false,"boss_relics":[{"not_picked":["Sozu","Philosopher\u0027s Stone"],"picked":"SlaversCollar"},{"not_picked":["Cursed Key","Runic Pyramid"],"picked":"Calling Bell"}],"items_purged_floors":[5,20,29],"is_endless":false,"potions_floor_spawned":[1,14,16,18,27,28,31,38,39,42,45],"killed_by":"Awakened One","ascension_level":20}}