{"host":"a4s27ghlnr83kbqz","time":1610022670,"event":{"mods":["AchievementEnabler","BaseMod","Colored Map","Minty Spire (QoL Compilation)","Permanent Neow","SuperFastMode"],"gold_per_floor":[11,25,42,58,73,101,111,142,142,156,156,190,32,43,43,114,114,131,131,149,166,177,177,212,212,212,244,244,244,258,173,173,247,247,262,262,84,84,96,96,122,140,140,165,165,165,180,214,214,214,214],"floor_reached":50,"playtime":1789,"items_purged":["Strike_R","Bash"],"score":1638,"play_id":"06708261-ce66-44d9-914e-127d1fd5f7f2","local_time":"20210107203110","is_ascension_mode":true,"campfire_choices":[{"data":"Body Slam","floor":11.0,"key":"SMITH"},{"data":"Uppercut","floor":15.0,"key":"SMITH"},{"data":"Disarm","floor":23.0,"key":"SMITH"},{"floor":29.0,"key":"REST"},{"data":"Exhume","floor":32.0,"key":"SMITH"},{"data":"Dark Embrace","floor":40.0,"key":"SMITH"},{"floor":46.0,"key":"RECALL"},{"data":"Second Wind","floor":49.0,"key":"SMITH"}],"circlet_count":0,"master_deck":["AscendersBane","Defend_R","Defend_R","Defend_R","Body Slam+1","Uppercut+1","Infernal Blade+1","Power Through+1","Evolve","Warcry","Second Wind+1","Disarm+1","Offering+1","Shrug It Off+1","Exhume+1","Impervious","Seeing Red","Dark Embrace+1"],"relics":["Burning Blood","War Paint","Dead Branch","Whetstone","Mark of Pain","Pocketwatch","Dream Catcher","Champion Belt","Centennial Puzzle","SlaversCollar","Matryoshka","Charon\u0027s Ashes","Paper Frog","InkBottle","Omamori","Ice Cream"],"acts_visited":["Exordium","TheCity","TheBeyond"],"potions_floor_usage":[50,50],"damage_taken":[{"damage":13.0,"enemies":"Small Slimes","floor":1.0,"turns":3.0},{"damage":6.0,"enemies":"Cultist","floor":2.0,"turns":4.0},{"damage":4.0,"enemies":"2 Louse","floor":3.0,"turns":3.0},{"damage":1.0,"enemies":"2 Fungi Beasts","floor":4.0,"turns":3.0},{"damage":12.0,"enemies":"3 Louse","floor":5.0,"turns":3.0},{"damage":35.0,"enemies":"3 Sentries","floor":6.0,"turns":8.0},{"damage":14.0,"enemies":"Exordium Thugs","floor":7.0,"turns":4.0},{"damage":10.0,"enemies":"Lagavulin","floor":8.0,"turns":6.0},{"damage":0.0,"enemies":"Lots of Slimes","floor":10.0,"turns":3.0},{"damage":8.0,"enemies":"Gremlin Nob","floor":12.0,"turns":3.0},{"damage":6.0,"enemies":"Looter","floor":14.0,"turns":1.0},{"damage":6.0,"enemies":"The Guardian","floor":16.0,"turns":8.0},{"damage":12.0,"enemies":"Spheric Guardian","floor":18.0,"turns":3.0},{"damage":13.0,"enemies":"Chosen","floor":20.0,"turns":3.0},{"damage":19.0,"enemies":"Snake Plant","floor":21.0,"turns":3.0},{"damage":6.0,"enemies":"Centurion and Healer","floor":22.0,"turns":4.0},{"damage":15.0,"enemies":"Slavers","floor":24.0,"turns":5.0},{"damage":7.0,"enemies":"Gremlin Leader","floor":27.0,"turns":2.0},{"damage":12.0,"enemies":"Shelled Parasite and Fungi","floor":30.0,"turns":3.0},{"damage":10.0,"enemies":"Collector","floor":33.0,"turns":2.0},{"damage":0.0,"enemies":"3 Shapes","floor":35.0,"turns":2.0},{"damage":6.0,"enemies":"3 Darklings","floor":39.0,"turns":3.0},{"damage":12.0,"enemies":"Reptomancer","floor":41.0,"turns":2.0},{"damage":0.0,"enemies":"4 Shapes","floor":42.0,"turns":3.0},{"damage":9.0,"enemies":"Giant Head","floor":44.0,"turns":4.0},{"damage":12.0,"enemies":"Maw","floor":47.0,"turns":4.0},{"damage":14.0,"enemies":"Reptomancer","floor":48.0,"turns":1.0},{"damage":65,"enemies":"Awakened One","floor":50,"turns":8}],"seed_played":"4232311621031132955","potions_obtained":[{"floor":1.0,"key":"Fire Potion"},{"floor":3.0,"key":"BloodPotion"},{"floor":8.0,"key":"Explosive Potion"},{"floor":14.0,"key":"SkillPotion"},{"floor":21.0,"key":"HeartOfIron"},{"floor":22.0,"key":"SkillPotion"},{"floor":24.0,"key":"Swift Potion"}],"is_trial":false,"path_per_floor":["M","M","M","M","M","E","M","E","T","M","R","E","$","M","R","B",null,"M","?","M","M","M","R","E","?","T","E","?","R","M","?","R","B",null,"M","?","$","T","M","R","E","M","T","E","?","R","M","E","R","B"],"character_chosen":"IRONCLAD","items_purchased":["Second Wind","Dark Embrace"],"campfire_rested":1,"item_purchase_floors":[13,37],"current_hp_per_floor":[61,61,63,68,62,33,25,36,36,42,42,40,40,40,40,40,66,60,60,53,40,40,40,31,31,31,30,30,52,46,46,46,42,67,73,73,73,73,73,73,67,73,73,70,70,70,64,56,56,0,0],"gold":214,"neow_bonus":"TRANSFORM_TWO_CARDS","is_daily":false,"chose_seed":false,"campfire_upgraded":6,"win_rate":0.0,"timestamp":1610022670,"path_taken":["M","M","M","M","M","E","M","E","T","M","R","E","$","M","R","BOSS","M","?","?","M","M","R","E","?","T","E","?","R","M","?","R","BOSS","M","?","$","?","?","R","E","M","T","E","?","R","M","E","R","BOSS"],"items_purchased_type":["Card","Card"],"build_version":"2020-12-22","purchased_purges":2,"victory":false,"max_hp_per_floor":[75,75,75,75,75,75,75,75,75,75,75,75,75,75,75,75,75,75,75,75,75,75,75,75,75,75,75,75,75,75,75,75,75,75,75,75,75,75,75,75,75,75,75,75,75,75,75,75,75,75,75],"card_choices":[{"not_picked":["Fire Breathing","Heavy Blade"],"picked":"Infernal Blade","floor":1.0},{"not_picked":["Iron Wave","Havoc","Combust"],"picked":"SKIP","floor":2.0},{"not_picked":["Pummel","Flex","Dual Wield"],"picked":"SKIP","floor":3.0},{"not_picked":["Anger","Blood for Blood"],"picked":"Power Through","floor":4.0},{"not_picked":["Body Slam","Headbutt"],"picked":"Fiend Fire","floor":5.0},{"not_picked":["Cleave","Rupture","Intimidate"],"picked":"SKIP","floor":6.0},{"not_picked":["Body Slam","Heavy Blade","Warcry"],"picked":"SKIP","floor":7.0},{"not_picked":["Flame Barrier","Whirlwind"],"picked":"Evolve","floor":8.0},{"not_picked":["Body Slam","Bloodletting","Entrench"],"picked":"SKIP","floor":10.0},{"not_picked":["Evolve","Spot Weakness"],"picked":"Warcry","floor":12.0},{"not_picked":["Combust","Uppercut"],"picked":"Disarm","floor":14.0},{"not_picked":["Double Tap","Immolate"],"picked":"Offering","floor":16.0},{"not_picked":["Thunderclap","Power Through+1"],"picked":"Shrug It Off+1","floor":18.0},{"not_picked":["Spot Weakness","Wild Strike","Bloodletting"],"picked":"SKIP","floor":20.0},{"not_picked":["Body Slam","Evolve","Havoc"],"picked":"SKIP","floor":21.0},{"not_picked":["Shrug It Off","Anger","Infernal Blade+1"],"picked":"SKIP","floor":22.0},{"not_picked":["Uppercut","Metallicize","Second Wind"],"picked":"SKIP","floor":24.0},{"not_picked":["Pummel+1","Twin Strike","Reckless Charge"],"picked":"SKIP","floor":27.0},{"not_picked":["Perfected Strike","Havoc","Searing Blow"],"picked":"SKIP","floor":30.0},{"not_picked":["Wild Strike","Armaments"],"picked":"Seeing Red","floor":35.0},{"not_picked":["Ghostly Armor","Body Slam","Combust"],"picked":"SKIP","floor":39.0},{"not_picked":["Blood for Blood","Searing Blow","Intimidate"],"picked":"SKIP","floor":41.0},{"not_picked":["Clash+1","Power Through","True Grit"],"picked":"SKIP","floor":42.0},{"not_picked":["Twin Strike","Fiend Fire","Shockwave"],"picked":"SKIP","floor":44.0},{"not_picked":["Dark Embrace","Shrug It Off","Headbutt"],"picked":"SKIP","floor":47.0},{"not_picked":["Body Slam","Headbutt","Clothesline"],"picked":"SKIP","floor":48.0}],"player_experience":1086915,"relics_obtained":[{"floor":6.0,"key":"War Paint"},{"floor":8.0,"key":"Dead Branch"},{"floor":12.0,"key":"Whetstone"},{"floor":24.0,"key":"Pocketwatch"},{"floor":26.0,"key":"Dream Catcher"},{"floor":27.0,"key":"Champion Belt"},{"floor":38.0,"key":"Matryoshka"},{"floor":41.0,"key":"Charon\u0027s Ashes"},{"floor":43.0,"key":"Paper Frog"},{"floor":43.0,"key":"InkBottle"},{"floor":44.0,"key":"Omamori"},{"floor":48.0,"key":"Ice Cream"}],"event_choices":[{"damage_healed":0.0,"max_hp_gain":0.0,"max_hp_loss":0.0,"gold_gain":0.0,"event_name":"Upgrade Shrine","player_choice":"Upgraded","floor":19.0,"gold_loss":0.0,"damage_taken":0.0,"cards_upgraded":["Offering"]},{"damage_healed":0.0,"max_hp_gain":0.0,"max_hp_loss":0.0,"gold_gain":0.0,"event_name":"Vampires","player_choice":"Ignored","floor":25.0,"gold_loss":0.0,"damage_taken":0.0},{"damage_healed":0.0,"max_hp_gain":0.0,"max_hp_loss":0.0,"gold_gain":0.0,"cards_transformed":["Strike_R","Strike_R"],"event_name":"Drug Dealer","player_choice":"Became Test Subject","floor":28.0,"gold_loss":0.0,"damage_taken":0.0,"cards_obtained":["Exhume","Impervious"]},{"damage_healed":0.0,"max_hp_gain":0.0,"max_hp_loss":0.0,"gold_gain":0.0,"event_name":"Addict","player_choice":"Obtained Relic","floor":31.0,"gold_loss":85.0,"damage_taken":0.0,"relics_obtained":["Centennial Puzzle"]},{"cards_removed":["Defend_R"],"damage_healed":0.0,"max_hp_gain":0.0,"max_hp_loss":0.0,"gold_gain":0.0,"event_name":"Purifier","player_choice":"Purged","floor":36.0,"gold_loss":0.0,"damage_taken":0.0},{"cards_removed":["Fiend Fire"],"damage_healed":0.0,"max_hp_gain":0.0,"max_hp_loss":0.0,"gold_gain":0.0,"event_name":"Falling","player_choice":"Removed Attack","floor":45.0,"gold_loss":0.0,"damage_taken":0.0}],"is_beta":false,"boss_relics":[{"not_picked":["Black Blood","Velvet Choker"],"picked":"Mark of Pain"},{"not_picked":["Runic Dome","SacredBark"],"picked":"SlaversCollar"}],"items_purged_floors":[13,37],"is_endless":false,"potions_floor_spawned":[1,3,4,5,8,14,21,22,24,39,41,42,44],"killed_by":"Awakened One","ascension_level":20}}