{"host":"gsmj583br51y3r1c","time":1610028174,"event":{"mods":["AchievementEnabler","BaseMod","Better Note","Colored Map","Downfall","Hermit","Highlight Path","Hubris","Infinite Spire","Marisa????????","Minty Spire (QoL Compilation)","Permanent Neow","Quick Restart","StSLib","The Bug Knight","The Cursed","The Disciple","The Marked","The Mystic","The Runesmith","The Servant 0.9.4","everything is the same but u backflip on backflip"],"gold_per_floor":[11,30,30,30,43,81,81,81,81,81,104,124,124,145,145,265,265,265,265],"floor_reached":18,"playtime":1656,"items_purged":[],"score":162,"play_id":"8aa8ee6c-cc9d-4393-b4f0-0bfd2498c77b","local_time":"20210107160254","is_ascension_mode":false,"campfire_choices":[{"data":"hermit:CursedWeapon","floor":7,"key":"SMITH"},{"floor":10,"key":"RECALL"},{"data":"hermit:Magnum","floor":15,"key":"SMITH"}],"circlet_count":0,"master_deck":["hermit:Strike_Hermit","hermit:Strike_Hermit","hermit:Strike_Hermit","hermit:Defend_Hermit+1","hermit:Defend_Hermit","hermit:Snapshot","hermit:Covet","hermit:ShadowCloak","hermit:CursedWeapon+1","Injury","Clumsy","Pain","infinitespire:Collect","hermit:Manifest+1","hermit:Magnum+1","hermit:Spite","hermit:Roughhouse","hermit:Quickdraw","hermit:Reprieve"],"relics":["hermit:Momento","Golden Idol","infinitespire:WardingShard","Fusion Hammer"],"acts_visited":["Exordium","TheCity"],"potions_floor_usage":[16],"damage_taken":[{"damage":0.0,"enemies":"2 Louse","floor":1.0,"turns":3.0},{"damage":0,"enemies":"Small Slimes","floor":2,"turns":4},{"damage":2,"enemies":"Cultist","floor":5,"turns":4},{"damage":5,"enemies":"HollowMod:MossKnight","floor":6,"turns":9},{"damage":2,"enemies":"Blue Slaver","floor":11,"turns":3},{"damage":2,"enemies":"3 Louse","floor":12,"turns":2},{"damage":2,"enemies":"2 Fungi Beasts","floor":14,"turns":2},{"damage":23,"enemies":"Hexaghost","floor":16,"turns":6},{"damage":0,"enemies":"2 Thieves","floor":18,"turns":1}],"seed_played":"-1559042019444354552","potions_obtained":[{"floor":1.0,"key":"Fruit Juice"},{"floor":12,"key":"hermit:Tonic"},{"floor":16,"key":"Energy Potion"}],"is_trial":false,"path_per_floor":["M","M","?","?","M","E","R","?","T","R","M","M","?","M","R","B",null,"M"],"character_chosen":"HERMIT","items_purchased":[],"campfire_rested":0,"item_purchase_floors":[],"current_hp_per_floor":[80,80,80,80,78,73,73,57,57,57,55,53,53,51,51,28,80,80,80],"gold":265,"neow_bonus":"REMOVE_TWO","is_daily":false,"chose_seed":false,"campfire_upgraded":2,"win_rate":0.0,"timestamp":1610028174,"path_taken":["M","M","?","?","M","E","R","?","T","R","M","M","?","M","R","BOSS","M"],"items_purchased_type":[],"build_version":"2020-12-22","purchased_purges":0,"victory":false,"max_hp_per_floor":[80,80,80,80,80,80,80,80,80,80,80,80,80,80,80,80,80,80,80],"card_choices":[{"not_picked":["hermit:HighCaliber","hermit:SprayPray"],"picked":"hermit:ShadowCloak","floor":1.0},{"not_picked":["hermit:LoneWolf","hermit:LuckOfTheDraw"],"picked":"hermit:CursedWeapon","floor":2},{"not_picked":["infinitespire:Gouge","infinitespire:FutureSight"],"picked":"infinitespire:Collect","floor":4},{"not_picked":["hermit:WideOpen","hermit:Shortfuse"],"picked":"hermit:Manifest","floor":5},{"not_picked":["hermit:EyeOfTheStorm","hermit:Dive"],"picked":"hermit:Magnum","floor":6},{"not_picked":["hermit:DeadMansHand","hermit:BodyArmor","hermit:LuckOfTheDraw"],"picked":"SKIP","floor":11},{"not_picked":["hermit:Headshot","hermit:WideOpen"],"picked":"hermit:Spite","floor":12},{"not_picked":["hermit:LoneWolf","hermit:Feint"],"picked":"hermit:Quickdraw","floor":14},{"not_picked":["hermit:Roughhouse","hermit:HeroicBravado"],"picked":"hermit:Reprieve","floor":16}],"player_experience":342445,"relics_obtained":[{"floor":6,"key":"infinitespire:WardingShard"}],"event_choices":[{"damage_healed":0,"gold_gain":0,"player_choice":"Take Wound","damage_taken":0,"relics_obtained":["Golden Idol"],"max_hp_gain":0,"max_hp_loss":0,"event_name":"Golden Idol","floor":3,"gold_loss":0,"cards_obtained":["Injury"]},{"damage_healed":0,"gold_gain":0,"player_choice":"Entered Light","damage_taken":16,"max_hp_gain":0,"max_hp_loss":0,"event_name":"Shining Light","floor":8,"gold_loss":0,"cards_upgraded":["hermit:Defend_Hermit","hermit:Manifest"]},{"damage_healed":0,"gold_gain":0,"cards_transformed":["hermit:Defend_Hermit"],"player_choice":"Transformed","damage_taken":0,"max_hp_gain":0,"max_hp_loss":0,"event_name":"Transmorgrifier","floor":13,"gold_loss":0,"cards_obtained":["hermit:Roughhouse"]}],"is_beta":false,"boss_relics":[{"not_picked":["infinitespire:Cupcake","hubris:VirtuousBlindfold"],"picked":"Fusion Hammer"}],"items_purged_floors":[],"is_endless":false,"potions_floor_spawned":[1,12,16],"killed_by":"2 Thieves","ascension_level":0}}