{"host":"wj90f2q0h2omert0","time":1610045666,"event":{"mods":["BaseMod","Beaked The Cultist","Better Third Choice","ChefMod","Clawfect","Colored Map","DeckTracker","Downfall","Hubris","JesterMod","Minty Spire (QoL Compilation)","Relic Stats","Robot Space Explorer","Shade Mod","StSLib","The Blackbeard","The Caster","The Dragon Tamer","The Druid"],"gold_per_floor":[113,113,2,22,22,22,22,22,70,70,94,94,109,150,150,273,273,292,232,232,157,182,182,223,9,9,9,22,22,22,36,36,157,157,157,157],"floor_reached":35,"playtime":3742,"items_purged":["jesterMod:Strike"],"score":371,"play_id":"fe3391c3-3a94-4b5d-ac7d-b04d11d3477d","local_time":"20210107135426","is_ascension_mode":false,"campfire_choices":[{"data":"jesterMod:Precipitation","floor":6,"key":"SMITH"},{"data":"jesterMod:Swiftness","floor":12,"key":"SMITH"},{"data":"jesterMod:Swiftness","floor":15,"key":"SMITH"},{"data":"jesterMod:HedgehogForm","floor":23,"key":"SMITH"},{"floor":29,"key":"REST"},{"floor":32,"key":"REST"}],"circlet_count":0,"master_deck":["jesterMod:Strike","jesterMod:Sickle","jesterMod:Defend","jesterMod:Defend","jesterMod:Defend","jesterMod:Defend","jesterMod:Dodge","jesterMod:Anticipation","Apotheosis+1","jesterMod:Swiftness+1","jesterMod:Precipitation+1","jesterMod:Swiftness+1","jesterMod:Unleash","jesterMod:HedgehogForm+1","jesterMod:Illness","jesterMod:Squander","jesterMod:Swiftness+1","jesterMod:Unleash","jesterMod:MudBall","jesterMod:Inspiration+1","jesterMod:Frenzy","jesterMod:Leeches","CurseOfTheBell"],"relics":["jesterMod:JesterCap","Juzu Bracelet","Golden Idol","hubris:MedicalManual","PreservedInsect","Matryoshka","jesterMod:JokerCard","hubris:Metronome","DollysMirror","InkBottle","Happy Flower","Calling Bell","Ancient Tea Set","hubris:SphereOfDissonance","Girya"],"acts_visited":["Exordium","TheCity","TheBeyond"],"potions_floor_usage":[16,18,24,24,31],"damage_taken":[{"damage":0,"enemies":"Jaw Worm","floor":1,"turns":5},{"damage":3,"enemies":"Small Slimes","floor":4,"turns":5},{"damage":0,"enemies":"Cultist","floor":11,"turns":4},{"damage":0,"enemies":"Large Slime","floor":13,"turns":5},{"damage":21,"enemies":"Gremlin Nob","floor":14,"turns":5},{"damage":30,"enemies":"The Guardian","floor":16,"turns":13},{"damage":0,"enemies":"Spheric Guardian","floor":18,"turns":7},{"damage":15,"enemies":"2 Thieves","floor":19,"turns":4},{"damage":2,"enemies":"Centurion and Healer","floor":22,"turns":11},{"damage":35,"enemies":"Slavers","floor":24,"turns":5},{"damage":11,"enemies":"Snake Plant","floor":28,"turns":6},{"damage":5,"enemies":"Snecko","floor":31,"turns":7},{"damage":8,"enemies":"Champ","floor":33,"turns":14},{"damage":68,"enemies":"3 Shapes","floor":35,"turns":4}],"seed_played":"-5809969608081311879","potions_obtained":[{"floor":4,"key":"LiquidBronze"},{"floor":11,"key":"Energy Potion"},{"floor":13,"key":"GamblersBrew"},{"floor":22,"key":"Weak Potion"},{"floor":28,"key":"Swift Potion"},{"floor":33,"key":"Weak Potion"}],"is_trial":false,"path_per_floor":["M","?","$","M","?","R","?","?","T","$","M","R","M","E","R","B",null,"M","M","?","?","M","R","E","$","T","?","M","R","$","M","R","B",null,"M"],"character_chosen":"THE_JESTER","items_purchased":["jesterMod:Swiftness","DollysMirror","jesterMod:Unleash"],"campfire_rested":2,"item_purchase_floors":[3,25,25],"current_hp_per_floor":[70,70,70,67,65,65,62,62,62,62,62,62,62,41,41,11,65,65,50,50,50,48,48,13,13,13,13,2,21,21,16,35,27,65,0,0],"gold":157,"neow_bonus":"RANDOM_COMMON_RELIC","is_daily":false,"chose_seed":false,"campfire_upgraded":4,"win_rate":0.0,"timestamp":1610045666,"path_taken":["M","?","$","M","?","R","?","?","T","$","M","R","M","E","R","BOSS","M","M","?","?","M","R","E","$","T","?","M","R","?","M","R","BOSS","M"],"items_purchased_type":["Card","Relic","Card"],"build_version":"2020-12-22","purchased_purges":1,"victory":false,"max_hp_per_floor":[70,70,70,70,65,65,65,65,65,65,65,65,65,65,65,65,65,65,65,65,65,65,65,65,65,65,65,65,65,65,65,65,65,65,65,65],"relic_stats":{"Happy Flower":[10],"counters":[14,95],"Golden Idol":88,"PreservedInsect":60,"Juzu Bracelet":1,"obtain_stats":[{"Girya":34,"hubris:Metronome":24,"Happy Flower":26,"Golden Idol":5,"jesterMod:JokerCard":17,"hubris:SphereOfDissonance":34,"jesterMod:JesterCap":0,"hubris:MedicalManual":7,"PreservedInsect":9,"Juzu Bracelet":0,"Ancient Tea Set":34,"Calling Bell":34,"Matryoshka":14,"DollysMirror":25,"InkBottle":26},{"Girya":13,"hubris:Metronome":10,"Happy Flower":10,"Golden Idol":2,"jesterMod:JokerCard":6,"hubris:SphereOfDissonance":13,"jesterMod:JesterCap":0,"hubris:MedicalManual":2,"PreservedInsect":2,"Juzu Bracelet":0,"Ancient Tea Set":13,"Calling Bell":13,"Matryoshka":5,"DollysMirror":10,"InkBottle":10},{"Girya":91,"hubris:Metronome":64,"Happy Flower":64,"Golden Idol":10,"jesterMod:JokerCard":37,"hubris:SphereOfDissonance":91,"jesterMod:JesterCap":0,"hubris:MedicalManual":10,"PreservedInsect":10,"Juzu Bracelet":0,"Ancient Tea Set":91,"Calling Bell":91,"Matryoshka":24,"DollysMirror":64,"InkBottle":64}],"InkBottle":[13]},"card_choices":[{"not_picked":["jesterMod:SmokeScreen","jesterMod:Patience"],"picked":"jesterMod:Anticipation","floor":1},{"not_picked":["jesterMod:Squander","jesterMod:TrickyDodge"],"picked":"jesterMod:Precipitation","floor":4},{"not_picked":["jesterMod:Rebuff","jesterMod:SelfMockery","jesterMod:RecklessStrike"],"picked":"SKIP","floor":11},{"not_picked":["jesterMod:JackInTheBox","jesterMod:Rebuff"],"picked":"jesterMod:Unleash","floor":13},{"not_picked":["jesterMod:QuickStrike","jesterMod:Hide","jesterMod:Arrythmia"],"picked":"SKIP","floor":14},{"not_picked":["jesterMod:Frustration","jesterMod:Finale"],"picked":"jesterMod:HedgehogForm","floor":16},{"not_picked":["jesterMod:DaggerRain","jesterMod:Rebuff","jesterMod:RecklessStrike"],"picked":"SKIP","floor":18},{"not_picked":["jesterMod:FlameDance","jesterMod:JackInTheBox"],"picked":"jesterMod:Illness","floor":19},{"not_picked":["jesterMod:QuickStrike","jesterMod:TrickyDodge","jesterMod:DanceOfChaos"],"picked":"SKIP","floor":22},{"not_picked":["jesterMod:ButterKnife","jesterMod:JackInTheBox"],"picked":"jesterMod:Squander","floor":24},{"not_picked":["jesterMod:Haste","jesterMod:HitAndRun+1"],"picked":"jesterMod:Inspiration+1","floor":28},{"not_picked":["jesterMod:FlameDance","jesterMod:DesperateStrike"],"picked":"jesterMod:Frenzy","floor":31},{"not_picked":["jesterMod:BoilDown","jesterMod:Frustration"],"picked":"jesterMod:Leeches","floor":33}],"player_experience":676332,"relics_obtained":[{"floor":9,"key":"PreservedInsect"},{"floor":14,"key":"Matryoshka"},{"floor":24,"key":"hubris:Metronome"},{"floor":26,"key":"InkBottle"},{"floor":26,"key":"Happy Flower"},{"floor":34,"key":"Ancient Tea Set"},{"floor":34,"key":"hubris:SphereOfDissonance"},{"floor":34,"key":"Girya"}],"event_choices":[{"damage_healed":70,"gold_gain":0,"player_choice":"Embrace","damage_taken":0,"max_hp_gain":0,"max_hp_loss":70,"event_name":"betterThird:BetterShining","floor":2,"gold_loss":0},{"damage_healed":0,"gold_gain":0,"player_choice":"Lose Max HP","damage_taken":0,"relics_obtained":["Golden Idol"],"max_hp_gain":0,"max_hp_loss":5,"event_name":"Golden Idol","floor":5,"gold_loss":0},{"damage_healed":0,"gold_gain":0,"player_choice":"Relic ","damage_taken":3,"max_hp_gain":0,"max_hp_loss":0,"event_name":"betterThird:BetterScrap","floor":7,"gold_loss":0,"cards_obtained":["Core Surge"]},{"damage_healed":0,"gold_gain":0,"player_choice":"0 cards matched","damage_taken":0,"max_hp_gain":0,"max_hp_loss":0,"event_name":"Match and Keep!","floor":20,"gold_loss":0,"cards_obtained":[]},{"cards_removed":["jesterMod:Strike"],"damage_healed":0,"gold_gain":0,"player_choice":"Gave Gold","damage_taken":0,"max_hp_gain":0,"max_hp_loss":0,"event_name":"Beggar","floor":21,"gold_loss":75},{"damage_healed":0,"gold_gain":0,"cards_transformed":["jesterMod:Strike"],"player_choice":"Transformed","damage_taken":0,"max_hp_gain":0,"max_hp_loss":0,"event_name":"Transmorgrifier","floor":27,"gold_loss":0,"cards_obtained":["jesterMod:MudBall"]}],"is_beta":false,"boss_relics":[{"not_picked":["Fusion Hammer","hubris:CrackedHourglass"],"picked":"jesterMod:JokerCard"},{"not_picked":["jesterMod:MachoBrace","Tiny House"],"picked":"Calling Bell"}],"items_purged_floors":[3],"is_endless":false,"potions_floor_spawned":[4,11,13,22,28,33],"killed_by":"3 Shapes","ascension_level":0}}