{"host":"dnd25fcf5l5puhl9","time":1610023718,"event":{"mods":["AchievementEnabler","Act Like it!","BaseMod","BetterRewards","Colored Map","Colored Powertips","Downfall","Gensokyo","Hermit","Hubris","Infinite Spire","Lobotomy","Minty Spire (QoL Compilation)","Replay The Spire","Shop Mod","StSLib","SuperFastMode"],"gold_per_floor":[113,113,113,73,86,86,419,430,430,430,430,605,150,164,164,269,269,287,287,303,321,321,326,326],"floor_reached":23,"playtime":1460,"items_purged":["Doubt"],"score":289,"play_id":"69bf1a8d-8c94-4fd6-be03-7a8320e70c1b","local_time":"20210107104838","is_ascension_mode":false,"campfire_choices":[{"data":"hermit:Quickdraw","floor":6,"key":"SMITH"},{"data":"hermit:WideOpen","floor":15,"key":"SMITH"}],"circlet_count":0,"master_deck":["hermit:Strike_Hermit","hermit:Strike_Hermit","hermit:Strike_Hermit","hermit:Strike_Hermit","hermit:Defend_Hermit","hermit:Defend_Hermit","hermit:Defend_Hermit","hermit:Defend_Hermit","hermit:Snapshot","hermit:Covet","hermit:GhostlyPresence","hermit:Quickdraw+1","hermit:WideOpen+1","hermit:Roughhouse+1","hermit:Enervate","hermit:Scavenge","RitualDagger"],"relics":["hermit:Momento","Shuriken","hubris:Towel","Old Coin","infinitespire:Bottled Soul","Quantum Egg","BargainBundle","StrikeDummy","SlaversCollar"],"acts_visited":["Exordium","TheCity"],"potions_floor_usage":[23,23],"damage_taken":[{"damage":0,"enemies":"Small Slimes","floor":1,"turns":3},{"damage":6,"enemies":"Jaw Worm","floor":5,"turns":3},{"damage":23,"enemies":"Lagavulin","floor":7,"turns":11},{"damage":0,"enemies":"Cultist","floor":8,"turns":3},{"damage":7,"enemies":"Exordium Thugs","floor":14,"turns":5},{"damage":22,"enemies":"Fading Forest","floor":16,"turns":11},{"damage":26,"enemies":"3 Byrds","floor":18,"turns":7},{"damage":17,"enemies":"2 Thieves","floor":20,"turns":4},{"damage":9,"enemies":"Snake Plant","floor":21,"turns":3},{"damage":18,"enemies":"Nightmare","floor":23,"turns":3}],"seed_played":"-3299322077803680249","potions_obtained":[{"floor":4,"key":"Cursed Concoction"},{"floor":4,"key":"FearPotion"},{"floor":4,"key":"LifebloodPotion"},{"floor":18,"key":"FearPotion"}],"is_trial":false,"path_per_floor":["M","?","?","?","M","R","E","M","T","T","?","?","$","M","R","B",null,"M","?","M","M","?","NM"],"character_chosen":"HERMIT","items_purchased":["Shuriken","BargainBundle","StrikeDummy"],"campfire_rested":0,"item_purchase_floors":[0,13,13],"current_hp_per_floor":[66,66,66,66,60,60,37,37,37,37,34,34,34,27,27,23,75,49,49,32,23,17,0,0],"gold":326,"neow_bonus":"","is_daily":false,"chose_seed":false,"campfire_upgraded":2,"win_rate":0.0,"timestamp":1610023718,"path_taken":["M","?","?","?","?","R","E","M","T","?","?","?","$","M","R","BOSS","M","?","M","M","?","NM"],"items_purchased_type":["Relic","Relic","Relic"],"build_version":"2020-12-22","purchased_purges":1,"victory":false,"max_hp_per_floor":[75,75,75,75,75,75,75,75,75,75,75,75,75,75,75,75,75,75,75,75,75,75,75,75],"card_choices":[{"not_picked":["hermit:Spite","hermit:ShadowCloak"],"picked":"hermit:GhostlyPresence","floor":1},{"not_picked":["hermit:NoHoldsBarred","hermit:FullyLoaded"],"picked":"hermit:Quickdraw","floor":5},{"not_picked":["hermit:Quickdraw","hermit:ItchyTrigger","hermit:Glare"],"picked":"SKIP","floor":7},{"not_picked":["hermit:Glare","hermit:Spite","hermit:Misfire"],"picked":"SKIP","floor":8},{"not_picked":["hermit:Virtue","hermit:NoHoldsBarred"],"picked":"hermit:WideOpen","floor":14},{"not_picked":["hermit:FromBeyond","hermit:Gambit"],"picked":"hermit:Roughhouse","floor":16},{"not_picked":["hermit:Spite","hermit:ItchyTrigger","hermit:Coalescence+1"],"picked":"SKIP","floor":18},{"not_picked":["hermit:BodyArmor","hermit:Headshot"],"picked":"hermit:Enervate","floor":20},{"not_picked":["hermit:NoHoldsBarred","hermit:Ricochet"],"picked":"hermit:Scavenge","floor":21}],"player_experience":537935,"relics_obtained":[{"floor":7,"key":"Old Coin"},{"floor":9,"key":"infinitespire:Bottled Soul"}],"event_choices":[{"damage_healed":0,"gold_gain":0,"player_choice":"Bought 3 Potions","damage_taken":0,"max_hp_gain":0,"max_hp_loss":0,"event_name":"The Woman in Blue","floor":4,"gold_loss":0},{"damage_healed":0,"gold_gain":0,"player_choice":"Success","damage_taken":3,"relics_obtained":["Quantum Egg"],"max_hp_gain":0,"max_hp_loss":0,"event_name":"Scrap Ooze","floor":11,"gold_loss":0},{"damage_healed":0,"gold_gain":175,"player_choice":"AGREE","damage_taken":0,"max_hp_gain":0,"max_hp_loss":0,"event_name":"Liars Game","floor":12,"gold_loss":0,"cards_obtained":["Doubt"]},{"damage_healed":0,"gold_gain":0,"player_choice":"Joined the Cult","damage_taken":6,"max_hp_gain":0,"max_hp_loss":0,"event_name":"Nest","floor":22,"gold_loss":0,"cards_obtained":["RitualDagger"]}],"is_beta":false,"boss_relics":[{"not_picked":["Ring of Chaos","Pandora\u0027s Box"],"picked":"SlaversCollar"}],"items_purged_floors":[13],"is_endless":false,"potions_floor_spawned":[5,8,18,20],"killed_by":"Nightmare","ascension_level":0}}