{"host":"lfkm02e6knrs2y3u","time":1610058598,"event":{"mods":["2.2 Compatiblity","AchievementEnabler","BaseMod","Colored Map","Highlight Path","Minty Spire (QoL Compilation)","Random Character Button","Rare Cards Sparkle","StSLib"],"gold_per_floor":[112,112,126,25,42,42,59,84,84,115,115,134,145,165,165,242,242,260,278,292,292,292],"floor_reached":21,"playtime":1378,"items_purged":["Strike_P"],"score":500,"play_id":"cf2616d3-bd20-47e9-962e-08d9d5ba8736","local_time":"20210107232958","is_ascension_mode":true,"campfire_choices":[{"data":"BattleHymn","floor":6,"key":"SMITH"},{"data":"Consecrate","floor":11,"key":"SMITH"},{"data":"LikeWater","floor":15,"key":"SMITH"}],"circlet_count":0,"master_deck":["AscendersBane","Strike_P","Strike_P","Defend_P","Defend_P","Defend_P","Defend_P","Eruption+1","Vigilance","BattleHymn+1","EmptyBody","Consecrate+1","Judgement","LikeWater+1","FlyingSleeves+1","Indignation","DeceiveReality","Establishment","FearNoEvil+1"],"relics":["PureWater","Molten Egg 2","Pantograph","Philosopher\u0027s Stone"],"acts_visited":["Exordium","TheCity"],"potions_floor_usage":[8,8,8,18],"damage_taken":[{"damage":11,"enemies":"Small Slimes","floor":1,"turns":6},{"damage":0,"enemies":"Cultist","floor":3,"turns":3},{"damage":0,"enemies":"2 Louse","floor":5,"turns":4},{"damage":1,"enemies":"Blue Slaver","floor":7,"turns":4},{"damage":0,"enemies":"Lagavulin","floor":8,"turns":3},{"damage":2,"enemies":"3 Sentries","floor":10,"turns":6},{"damage":4,"enemies":"Exordium Wildlife","floor":12,"turns":3},{"damage":14,"enemies":"Gremlin Gang","floor":13,"turns":2},{"damage":1,"enemies":"Looter","floor":14,"turns":2},{"damage":0,"enemies":"The Guardian","floor":16,"turns":10},{"damage":19,"enemies":"3 Byrds","floor":18,"turns":4},{"damage":0,"enemies":"Chosen","floor":19,"turns":3},{"damage":29,"enemies":"Shelled Parasite and Fungi","floor":20,"turns":4},{"damage":24,"enemies":"Snake Plant","floor":21,"turns":3}],"seed_played":"-2128429298839193065","potions_obtained":[{"floor":1,"key":"EntropicBrew"},{"floor":5,"key":"Strength Potion"},{"floor":10,"key":"Block Potion"},{"floor":20,"key":"BottledMiracle"}],"is_trial":false,"path_per_floor":["M","?","M","$","M","R","M","E","T","E","R","M","M","M","R","B",null,"M","M","M","M"],"character_chosen":"WATCHER","items_purchased":["EmptyBody"],"campfire_rested":0,"item_purchase_floors":[4],"current_hp_per_floor":[50,50,50,50,50,50,49,49,49,47,47,43,29,28,28,53,64,45,45,16,0,0],"gold":292,"neow_bonus":"UPGRADE_CARD","is_daily":false,"chose_seed":false,"campfire_upgraded":3,"win_rate":0.0,"timestamp":1610058598,"path_taken":["M","?","M","$","M","R","M","E","T","E","R","M","M","M","R","BOSS","M","?","M","M"],"items_purchased_type":["Card"],"build_version":"2020-12-22","purchased_purges":1,"victory":false,"max_hp_per_floor":[68,68,68,68,68,68,68,68,68,68,68,68,68,68,68,68,68,68,68,68,68,68],"card_choices":[{"not_picked":["WreathOfFlame","SashWhip","Study"],"picked":"SKIP","floor":1},{"not_picked":["Halt","CutThroughFate"],"picked":"BattleHymn","floor":3},{"not_picked":["Crescendo","SashWhip","PathToVictory"],"picked":"SKIP","floor":5},{"not_picked":["TalkToTheHand","ForeignInfluence"],"picked":"Consecrate","floor":7},{"not_picked":["BowlingBash+1","Pray"],"picked":"Judgement","floor":8},{"not_picked":["Vengeance","WindmillStrike+1"],"picked":"LikeWater","floor":10},{"not_picked":["CrushJoints+1","Sanctity"],"picked":"FlyingSleeves+1","floor":12},{"not_picked":["EmptyBody","Prostrate"],"picked":"Indignation","floor":13},{"not_picked":["ThirdEye","Halt"],"picked":"DeceiveReality","floor":14},{"not_picked":["Omniscience","DeusExMachina"],"picked":"Establishment","floor":16},{"not_picked":["InnerPeace","ThirdEye"],"picked":"FearNoEvil+1","floor":18},{"not_picked":["Vengeance+1","SashWhip+1","FlyingSleeves+1"],"picked":"SKIP","floor":19},{"not_picked":["Sanctity","Nirvana","Crescendo"],"picked":"SKIP","floor":20}],"player_experience":683696,"relics_obtained":[{"floor":8,"key":"Molten Egg 2"},{"floor":10,"key":"Pantograph"}],"event_choices":[{"cards_removed":["Strike_P"],"damage_healed":0,"gold_gain":0,"player_choice":"Offered Basic","damage_taken":0,"max_hp_gain":0,"max_hp_loss":0,"event_name":"Bonfire Elementals","floor":2,"gold_loss":0}],"is_beta":false,"boss_relics":[{"not_picked":["Runic Dome","Runic Pyramid"],"picked":"Philosopher\u0027s Stone"}],"items_purged_floors":[4],"is_endless":false,"potions_floor_spawned":[1,5,7,10,16,20],"killed_by":"Snake Plant","ascension_level":17}}