{"host":"6r341r9cz00j2qc1","time":1610029354,"event":{"mods":["BaseMod","Better Third Choice","Downfall","GungeonMod","Hermit","Lobotomy","LobotomyExtend","Minty Spire (QoL Compilation)","Replay The Spire","Shop Mod","StSLib"],"gold_per_floor":[99,99,99,99,99,99,126,126,126,226,226,253,269,282,296,391,391,391,391,407,407,507,542,542,72,90,90,100,115,40,54,70,169,169,169,182,198,198,198,198,243,265,265,281,131,154,154,178,197,216,230,230,230],"floor_reached":54,"playtime":5378,"items_purged":[],"score":786,"play_id":"17bdc571-6257-42bd-ab8c-63da964e6af4","local_time":"20210107152234","is_ascension_mode":false,"campfire_choices":[{"data":"hexamod:Sear","floor":1,"key":"SMITH"},{"data":"hexamod:Float","floor":6,"key":"SMITH"},{"data":"hexamod:ShieldOfDarkness","floor":11,"key":"SMITH"},{"floor":27,"key":"REST"},{"data":"Magnetism","floor":30,"key":"SMITH"},{"floor":35,"key":"RECALL"},{"floor":45,"key":"REST"},{"floor":47,"key":"REST"}],"circlet_count":0,"master_deck":["hexamod:Strike+1","hexamod:Strike+1","hexamod:Strike+1","hexamod:Strike+1","hexamod:Defend+1","hexamod:Defend+1","hexamod:Defend+1","hexamod:Defend+1","hexamod:Sear+1","hexamod:Float+1","hexamod:HauntingEcho+1","hexamod:StepThrough","hexamod:ShieldOfDarkness+1","hexamod:HeatMetal+1","hexamod:TimeWarp+1","hexamod:SwordOfDarkness+1","hexamod:EmpoweredFlame","hexamod:TimeWarp+1","hexamod:InspiringFlames","hexamod:EmpoweredFlame+1","hexamod:BurningTouch","hexamod:Hexaguard+1","Swift Strike+1","hexamod:ExtraCrispy","hexamod:GhostShield","hexamod:NightmareStrike+1","hexamod:UnleashSpirits+1","Magnetism+1","hexamod:CrushingStance+1","hexamod:HauntingEcho+1","hexamod:ThermalTransfer+1","hexamod:FastForward+1","hexamod:ThermalTransfer+1","hexamod:RadiantFlame","hexamod:NightmareGuise","hexamod:NightmareStrike+1","Clumsy","hexamod:HeatCrush+1","Languid","hexamod:NecessarySacrifice","hexamod:RainOfEmbers+1","hexamod:ThermalTransfer+1","hexamod:Hexaguard+1","hexamod:VolcanoVisage","hexamod:ChargedBarrage","hexamod:ThermalTransfer+1"],"relics":["hexamod:SpiritBrand","downfall:HeartsMalice","LetterFromLob","Bag of Marbles","Molten Egg 2","Black Star","Durian","Darkstone Periapt","Meat on the Bone","DemoMod:BlueGuonStone","Tiny Chest","BargainBundle","hexamod:MatchstickCase","downfall:HeartBlessingGreen","Cursed Key","Replay:Bottled Snecko","downfall:HeartBlessingRed","downfall:HeartBlessingBlue","hexamod:TheBrokenSeal","DemoMod:GlassGuonStoneRelic"],"acts_visited":["Exordium","TheCity","TheBeyond"],"potions_floor_usage":[16,16,22,23,23,23,33,33,42,52,52],"damage_taken":[{"damage":0,"enemies":"Small Slimes","floor":2,"turns":1},{"damage":0,"enemies":"2 Louse","floor":5,"turns":1},{"damage":0,"enemies":"Cultist","floor":8,"turns":1},{"damage":20,"enemies":"Gremlin Nob","floor":12,"turns":4},{"damage":15,"enemies":"Large Slime","floor":13,"turns":7},{"damage":0,"enemies":"2 Fungi Beasts","floor":14,"turns":4},{"damage":13,"enemies":"Exordium Wildlife","floor":15,"turns":4},{"damage":13,"enemies":"downfall:Watcher","floor":16,"turns":7},{"damage":22,"enemies":"3 Byrds","floor":20,"turns":4},{"damage":20,"enemies":"downfall:Silent","floor":22,"turns":6},{"damage":19,"enemies":"Gremlin Leader","floor":23,"turns":5},{"damage":7,"enemies":"downfall:FleeingMerchant","floor":25,"turns":4},{"damage":0,"enemies":"Shell Parasite","floor":26,"turns":5},{"damage":0,"enemies":"Chosen and Byrds","floor":28,"turns":5},{"damage":6,"enemies":"Centurion and Healer","floor":29,"turns":5},{"damage":15,"enemies":"Shelled Parasite and Fungi","floor":31,"turns":5},{"damage":5,"enemies":"Snecko","floor":32,"turns":5},{"damage":22,"enemies":"downfall:Ironclad","floor":33,"turns":8},{"damage":15,"enemies":"3 Darklings","floor":36,"turns":6},{"damage":1,"enemies":"Orb Walker","floor":37,"turns":2},{"damage":39,"enemies":"4 Shapes","floor":42,"turns":6},{"damage":11,"enemies":"Transient","floor":44,"turns":5},{"damage":28,"enemies":"Sphere and 2 Shapes","floor":46,"turns":6},{"damage":12,"enemies":"Maw","floor":48,"turns":8},{"damage":22,"enemies":"3 Darklings","floor":49,"turns":4},{"damage":43,"enemies":"Transient","floor":50,"turns":5},{"damage":7,"enemies":"Writhing Mass","floor":51,"turns":6},{"damage":11,"enemies":"downfall:Silent","floor":52,"turns":7}],"seed_played":"6010839400133555637","potions_obtained":[{"floor":12,"key":"EssenceOfSteel"},{"floor":15,"key":"hexamod:DoubleChargePotion"},{"floor":16,"key":"SteroidPotion"},{"floor":18,"key":"hexamod:DoubleChargePotion"},{"floor":18,"key":"EntropicBrew"},{"floor":23,"key":"Ancient Potion"},{"floor":33,"key":"LifebloodPotion"},{"floor":36,"key":"SpeedPotion"},{"floor":38,"key":"DuplicationPotion"},{"floor":38,"key":"CultistPotion"},{"floor":46,"key":"Dexterity Potion"}],"is_trial":false,"path_per_floor":["R","M","?","?","M","R","T","M","?","?","R","E","M","M","M","B",null,"R","M","M","?","?","E","T","$","M","R","M","M","R","M","M","B",null,"R","M","M","?","PTL","PTL","T","M","T","M","R","M","R","M","M","M","M","B",null,null],"character_chosen":"THE_SPIRIT","items_purchased":["BargainBundle","hexamod:MatchstickCase","Swift Strike+1","hexamod:ExtraCrispy","hexamod:GhostShield","hexamod:NightmareStrike+1","hexamod:UnleashSpirits+1","Magnetism"],"campfire_rested":3,"item_purchase_floors":[25,25,25,25,25,25,25,25],"current_hp_per_floor":[70,70,70,70,70,70,70,70,63,63,63,50,42,42,36,30,70,70,70,55,55,47,35,35,47,54,75,75,75,75,67,62,47,75,75,67,66,66,66,66,72,52,58,47,86,65,94,101,79,48,61,62,62],"gold":230,"neow_bonus":"THREE_ENEMY_KILL","is_daily":false,"chose_seed":false,"campfire_upgraded":4,"win_rate":0.0,"timestamp":1610029354,"path_taken":["R","M","?","?","?","R","T","M","?","?","R","E","M","M","M","BOSS","R","M","M","?","?","E","T","?","M","R","?","M","R","M","M","BOSS","R","M","M","?","PTL","PTL","?","?","T","M","R","M","R","M","M","M","M","BOSS"],"items_purchased_type":["Relic","Relic","Card","Card","Card","Card","Card","Card"],"build_version":"2020-12-22","purchased_purges":0,"victory":true,"max_hp_per_floor":[70,70,70,70,70,70,70,70,70,70,70,70,70,70,70,70,70,70,70,70,70,75,75,75,75,75,75,75,75,75,75,75,75,75,75,75,75,75,75,75,81,81,87,87,97,97,97,107,107,107,107,107,107],"card_choices":[{"not_picked":["hexamod:ThermalTransfer","hexamod:Hexaguard"],"picked":"hexamod:HauntingEcho","floor":2},{"not_picked":["hexamod:GhostLash","hexamod:ThermalTransfer"],"picked":"hexamod:StepThrough","floor":5},{"not_picked":["hexamod:GhostLash","hexamod:AdvancingGuard"],"picked":"hexamod:ShieldOfDarkness","floor":8},{"not_picked":["hexamod:RecurringNightmare","hexamod:ThermalTransfer+1"],"picked":"hexamod:HeatMetal+1","floor":12},{"not_picked":["hexamod:FastForward","hexamod:GhostflameBarrier"],"picked":"hexamod:TimeWarp+1","floor":13},{"not_picked":["hexamod:NightmareStrike+1","hexamod:CatchUp"],"picked":"hexamod:SwordOfDarkness+1","floor":14},{"not_picked":["hexamod:NightmareGuise","hexamod:GhostOfSpireFuture"],"picked":"hexamod:EmpoweredFlame","floor":15},{"not_picked":["hexamod:EmpoweringStance","hexamod:TurnItUp"],"picked":"hexamod:TimeWarp+1","floor":16},{"not_picked":["hexamod:HauntingEcho+1","hexamod:SpectralAdrenaline"],"picked":"hexamod:InspiringFlames","floor":20},{"not_picked":["hexamod:NightmareGuise","hexamod:SpectralAdrenaline+1"],"picked":"hexamod:EmpoweredFlame","floor":22},{"not_picked":["hexamod:RetreatToShadows","hexamod:AdvancingGuard"],"picked":"hexamod:BurningTouch","floor":23},{"not_picked":["hexamod:GhostLash+1","hexamod:BacktrackSmack+1"],"picked":"hexamod:Hexaguard+1","floor":25},{"not_picked":["hexamod:AdvancingGuard","hexamod:FastForward+1"],"picked":"hexamod:CrushingStance+1","floor":26},{"not_picked":["hexamod:ExtraCrispy","hexamod:AdvancingGuard"],"picked":"hexamod:HauntingEcho+1","floor":28},{"not_picked":["hexamod:Rewind","hexamod:ThermalTransfer+1"],"picked":"hexamod:ThirdSeal","floor":29},{"not_picked":["hexamod:Firestarter+1","hexamod:BacktrackSmack+1"],"picked":"hexamod:ThermalTransfer+1","floor":31},{"not_picked":["hexamod:Rewind","hexamod:ThirdSeal"],"picked":"hexamod:FastForward","floor":31},{"not_picked":["hexamod:SwordOfDarkness+1","hexamod:ShieldOfDarkness+1"],"picked":"hexamod:ThermalTransfer+1","floor":32},{"not_picked":["hexamod:TurnItUp","hexamod:VolcanoVisage"],"picked":"hexamod:FifthSeal","floor":33},{"not_picked":["hexamod:GhostflameInferno","hexamod:TimeWarp+1"],"picked":"hexamod:SixthSeal","floor":33},{"not_picked":["hexamod:SwordOfDarkness+1","hexamod:NightmareStrike+1"],"picked":"hexamod:RadiantFlame","floor":36},{"not_picked":["hexamod:Hexaguard","hexamod:InspiringFlames+1"],"picked":"hexamod:NightmareGuise","floor":36},{"not_picked":["hexamod:GhostShield+1","hexamod:TurnItUp"],"picked":"hexamod:NightmareStrike+1","floor":37},{"not_picked":["hexamod:ShieldOfDarkness","hexamod:BurningTouch+1"],"picked":"hexamod:SecondSeal","floor":37},{"not_picked":["hexamod:NightmareGuise","hexamod:BurningTouch+1"],"picked":"hexamod:HeatCrush+1","floor":42},{"not_picked":["hexamod:SecondSeal","hexamod:ThirdSeal","hexamod:FirstSeal"],"picked":"SKIP","floor":42},{"not_picked":["hexamod:GhostShield+1","hexamod:RetreatToShadows"],"picked":"hexamod:NecessarySacrifice","floor":44},{"not_picked":["hexamod:DynamicBlow+1","hexamod:NightmareGuise+1"],"picked":"hexamod:RainOfEmbers+1","floor":44},{"not_picked":["hexamod:FirstSeal","hexamod:ThirdSeal"],"picked":"hexamod:FourthSeal","floor":46},{"not_picked":["hexamod:EmpoweredFlame","hexamod:NightmareGuise"],"picked":"hexamod:ThermalTransfer+1","floor":46},{"not_picked":["hexamod:RadiantFlame","hexamod:InspiringFlames","hexamod:HeatCrush+1"],"picked":"SKIP","floor":46},{"not_picked":["hexamod:HauntingEcho+1","hexamod:SpectersWail+1"],"picked":"hexamod:Hexaguard+1","floor":48},{"not_picked":["hexamod:NightmareStrike+1","hexamod:RecurringNightmare"],"picked":"hexamod:VolcanoVisage","floor":49},{"not_picked":["hexamod:GhostOfSpireFuture+1","hexamod:HeatMetal+1"],"picked":"hexamod:ChargedBarrage","floor":50},{"not_picked":["hexamod:InspiringFlames+1","hexamod:SoulSteal"],"picked":"hexamod:ThermalTransfer+1","floor":51}],"player_experience":468950,"relics_obtained":[{"floor":2,"key":"LetterFromLob"},{"floor":7,"key":"Bag of Marbles"},{"floor":12,"key":"Molten Egg 2"},{"floor":22,"key":"Durian"},{"floor":22,"key":"Darkstone Periapt"},{"floor":23,"key":"Meat on the Bone"},{"floor":23,"key":"DemoMod:BlueGuonStone"},{"floor":24,"key":"Tiny Chest"},{"floor":43,"key":"Replay:Bottled Snecko"}],"event_choices":[{"damage_healed":0,"gold_gain":0,"player_choice":"Ignored","damage_taken":0,"max_hp_gain":0,"max_hp_loss":0,"event_name":"NoteForYourself","floor":4,"gold_loss":0},{"damage_healed":0,"gold_gain":0,"player_choice":"Simplicity","damage_taken":0,"max_hp_gain":0,"max_hp_loss":8,"event_name":"betterThird:BetterWriting","floor":21,"gold_loss":0},{"damage_healed":0,"gold_gain":0,"player_choice":"Got Potions","damage_taken":0,"max_hp_gain":0,"max_hp_loss":0,"event_name":"Lab","floor":38,"gold_loss":0}],"is_beta":false,"boss_relics":[{"not_picked":["Pandora\u0027s Box","Replay:Wanted Poster"],"picked":"Black Star"},{"not_picked":["Empty Cage","Kintsugi"],"picked":"Cursed Key"}],"items_purged_floors":[],"is_endless":false,"potions_floor_spawned":[12,15,16,20,23,26,31,33,36,42,46,48,51],"ascension_level":0}}