{"host":"3a1ypf1irl30q4k8","time":1610055757,"event":{"mods":["AchievementEnabler","BaseMod","Bestiary","Colored Map","Minty Spire (QoL Compilation)","Relic Stats"],"gold_per_floor":[109,127,137,87,87,87,112,127,152,185,185,201,231,247,247,351,351,351,13,13,13,13,13,13,13,13,13,13,13,13,13,13,13,13,13,13,13,13,13,13,13,13,13,13,13,13,13,13,13,13,13],"floor_reached":50,"playtime":2978,"items_purged":[],"score":756,"play_id":"650a8be1-4247-41ac-8ef2-d2f3b87ada7a","local_time":"20210107214237","is_ascension_mode":true,"campfire_choices":[{"data":"Eruption","floor":6,"key":"SMITH"},{"floor":11,"key":"REST"},{"data":"WheelKick","floor":15,"key":"SMITH"},{"data":"MentalFortress","floor":24,"key":"SMITH"},{"data":"LessonLearned","floor":28,"key":"SMITH"},{"data":"Strike_P","floor":32,"key":"PURGE"},{"data":"Defend_P","floor":40,"key":"PURGE"},{"data":"LessonLearned+1","floor":42,"key":"PURGE"},{"floor":45,"key":"RECALL"},{"data":"Strike_P+1","floor":49,"key":"PURGE"}],"circlet_count":0,"master_deck":["Defend_P+1","Defend_P+1","Defend_P+1","Eruption+1","Vigilance","BowlingBash","FollowUp+1","CrushJoints","MentalFortress+1","Tantrum","Halt+1","WheelKick+1","FlyingSleeves","DeusExMachina","EmptyBody","LikeWater","Ghostly+1","Ghostly","Ghostly","Ghostly","Ghostly","CutThroughFate","RitualDagger","Halt","ClearTheMind+1","Vault","EmptyBody+1","Scrawl","Madness+1","Madness","FearNoEvil+1","Parasite"],"relics":["HolyWater","Blood Vial","PreservedInsect","Anchor","Thread and Needle","Ectoplasm","Dead Branch","CaptainsWheel","Dream Catcher","Happy Flower","Peace Pipe","Oddly Smooth Stone","War Paint","Mango","Juzu Bracelet"],"acts_visited":["Exordium","TheCity","TheBeyond"],"potions_floor_usage":[13,16,16,16,23,23,33,33,33,50],"damage_taken":[{"damage":0,"enemies":"Small Slimes","floor":1,"turns":4},{"damage":7,"enemies":"Cultist","floor":2,"turns":3},{"damage":0,"enemies":"2 Louse","floor":3,"turns":2},{"damage":26,"enemies":"Lagavulin","floor":7,"turns":6},{"damage":5,"enemies":"Looter","floor":8,"turns":2},{"damage":0,"enemies":"Gremlin Nob","floor":10,"turns":3},{"damage":0,"enemies":"2 Fungi Beasts","floor":12,"turns":2},{"damage":0,"enemies":"3 Sentries","floor":13,"turns":3},{"damage":0,"enemies":"Blue Slaver","floor":14,"turns":2},{"damage":42,"enemies":"Hexaghost","floor":16,"turns":6},{"damage":0,"enemies":"Chosen","floor":18,"turns":3},{"damage":6,"enemies":"Spheric Guardian","floor":21,"turns":4},{"damage":0,"enemies":"Slavers","floor":23,"turns":2},{"damage":0,"enemies":"Gremlin Leader","floor":25,"turns":4},{"damage":0,"enemies":"Book of Stabbing","floor":27,"turns":3},{"damage":8,"enemies":"Colosseum Slavers","floor":29,"turns":3},{"damage":0,"enemies":"Colosseum Nobs","floor":29,"turns":2},{"damage":0,"enemies":"Cultist and Chosen","floor":31,"turns":4},{"damage":19,"enemies":"Automaton","floor":33,"turns":8},{"damage":0,"enemies":"Orb Walker","floor":35,"turns":2},{"damage":0,"enemies":"3 Darklings","floor":38,"turns":5},{"damage":0,"enemies":"Transient","floor":39,"turns":6},{"damage":0,"enemies":"Writhing Mass","floor":41,"turns":8},{"damage":0,"enemies":"Nemesis","floor":47,"turns":7},{"damage":88,"enemies":"Awakened One","floor":50,"turns":10}],"seed_played":"4301178098884520576","potions_obtained":[{"floor":3,"key":"CultistPotion"},{"floor":7,"key":"Block Potion"},{"floor":10,"key":"SpeedPotion"},{"floor":13,"key":"Regen Potion"},{"floor":16,"key":"DuplicationPotion"},{"floor":18,"key":"DistilledChaos"},{"floor":21,"key":"BottledMiracle"},{"floor":29,"key":"StancePotion"},{"floor":31,"key":"Explosive Potion"},{"floor":35,"key":"FearPotion"},{"floor":39,"key":"Weak Potion"},{"floor":41,"key":"Dexterity Potion"}],"is_trial":false,"path_per_floor":["M","M","M","?","?","R","E","M","T","E","R","M","E","M","R","B",null,"M","$","?","M","?","E","R","E","T","E","R","?","T","M","R","B",null,"M","?","?","M","M","R","M","R","T","?","R","$","E","T","R","B"],"character_chosen":"WATCHER","items_purchased":["Dead Branch","LikeWater"],"campfire_rested":1,"item_purchase_floors":[19,19],"current_hp_per_floor":[65,58,58,58,58,58,32,29,29,31,50,52,54,56,56,28,65,65,65,32,26,20,22,22,24,24,26,26,22,22,24,24,7,32,32,28,28,30,32,32,32,32,32,32,32,32,46,46,46,0,0],"gold":13,"neow_bonus":"THREE_RARE_CARDS","is_daily":false,"chose_seed":false,"campfire_upgraded":4,"win_rate":0.0,"timestamp":1610055757,"path_taken":["M","M","M","?","?","R","E","M","T","E","R","M","E","M","R","BOSS","M","$","?","M","?","E","R","E","T","E","R","?","?","M","R","BOSS","M","?","?","M","M","R","M","R","T","?","R","$","E","?","R","BOSS"],"items_purchased_type":["Relic","Card"],"build_version":"2020-12-22","purchased_purges":0,"victory":false,"max_hp_per_floor":[65,65,65,65,65,65,65,65,65,65,65,65,65,65,65,65,65,65,65,32,32,32,32,32,32,32,32,32,32,32,32,32,32,32,32,32,32,32,32,32,32,32,32,32,32,32,46,46,46,46,46],"relic_stats":{"Blood Vial":30,"Peace Pipe":4,"Dream Catcher":0,"Happy Flower":[18],"counters":[25,104],"Dead Branch":[142],"PreservedInsect":267,"Ectoplasm":526,"Juzu Bracelet":0,"War Paint":["Madness","EmptyBody"],"obtain_stats":[{"Happy Flower":27,"Dead Branch":19,"Oddly Smooth Stone":30,"Thread and Needle":13,"Mango":47,"PreservedInsect":9,"Juzu Bracelet":48,"War Paint":43,"Blood Vial":7,"Peace Pipe":29,"Anchor":10,"CaptainsWheel":23,"Dream Catcher":25,"HolyWater":34,"Ectoplasm":17,"PureWater":0},{"Happy Flower":15,"Dead Branch":11,"Oddly Smooth Stone":17,"Thread and Needle":8,"Mango":24,"PreservedInsect":5,"Juzu Bracelet":24,"War Paint":23,"Blood Vial":4,"Peace Pipe":17,"Anchor":6,"CaptainsWheel":13,"Dream Catcher":14,"HolyWater":19,"Ectoplasm":10,"PureWater":0},{"Happy Flower":49,"Dead Branch":36,"Oddly Smooth Stone":54,"Thread and Needle":25,"Mango":94,"PreservedInsect":17,"Juzu Bracelet":94,"War Paint":87,"Blood Vial":15,"Peace Pipe":54,"Anchor":20,"CaptainsWheel":42,"Dream Catcher":46,"HolyWater":66,"Ectoplasm":33,"PureWater":0}]},"card_choices":[{"not_picked":["Blasphemy","Ragnarok"],"picked":"LessonLearned","floor":0},{"not_picked":["CarveReality","JustLucky"],"picked":"BowlingBash","floor":1},{"not_picked":["Fasting2","EmptyFist"],"picked":"FollowUp","floor":2},{"not_picked":["PathToVictory","SashWhip"],"picked":"CrushJoints","floor":3},{"not_picked":["Prostrate","Devotion"],"picked":"SignatureMove","floor":7},{"not_picked":["SashWhip","Protect"],"picked":"MentalFortress","floor":8},{"not_picked":["LessonLearned","Study"],"picked":"Tantrum","floor":10},{"not_picked":["Crescendo","LikeWater"],"picked":"Halt","floor":12},{"not_picked":["Halt","FlyingSleeves"],"picked":"WheelKick","floor":13},{"not_picked":["SignatureMove","FollowUp"],"picked":"FlyingSleeves","floor":14},{"not_picked":["Alpha","Blasphemy"],"picked":"DeusExMachina","floor":16},{"not_picked":["SashWhip+1","Prostrate+1"],"picked":"EmptyBody","floor":18},{"not_picked":["Wireheading+1","Perseverance"],"picked":"CutThroughFate","floor":21},{"not_picked":["BowlingBash","EmptyBody"],"picked":"Halt","floor":23},{"not_picked":["Scrawl","ThirdEye"],"picked":"ClearTheMind+1","floor":25},{"not_picked":["PathToVictory","Conclude"],"picked":"Vault","floor":27},{"not_picked":["BowlingBash","EmptyFist"],"picked":"EmptyBody","floor":29},{"not_picked":["Perseverance","EmptyFist","FlurryOfBlows"],"picked":"SKIP","floor":31},{"not_picked":["Devotion","Alpha"],"picked":"Scrawl","floor":33},{"not_picked":["FlyingSleeves+1","CutThroughFate","PathToVictory"],"picked":"SKIP","floor":35},{"not_picked":["SashWhip","Meditate+1","Halt+1"],"picked":"SKIP","floor":38},{"not_picked":["SashWhip","Meditate+1","Halt+1"],"picked":"SKIP","floor":38},{"not_picked":["PathToVictory+1","FlurryOfBlows+1"],"picked":"FearNoEvil+1","floor":39},{"not_picked":["Prostrate","FlurryOfBlows","MentalFortress+1"],"picked":"SKIP","floor":41},{"not_picked":["FollowUp","PathToVictory","Evaluate"],"picked":"SKIP","floor":47}],"player_experience":989380,"relics_obtained":[{"floor":7,"key":"Blood Vial"},{"floor":9,"key":"PreservedInsect"},{"floor":10,"key":"Anchor"},{"floor":13,"key":"Thread and Needle"},{"floor":23,"key":"CaptainsWheel"},{"floor":25,"key":"Dream Catcher"},{"floor":27,"key":"Happy Flower"},{"floor":29,"key":"Peace Pipe"},{"floor":30,"key":"Oddly Smooth Stone"},{"floor":43,"key":"War Paint"},{"floor":47,"key":"Mango"},{"floor":48,"key":"Juzu Bracelet"}],"event_choices":[{"cards_removed":["Strike_P"],"damage_healed":0,"gold_gain":0,"player_choice":"Card Removal","damage_taken":0,"max_hp_gain":0,"max_hp_loss":0,"event_name":"The Cleric","floor":4,"gold_loss":50},{"cards_removed":["Strike_P"],"damage_healed":0,"gold_gain":0,"player_choice":"Purged","damage_taken":0,"max_hp_gain":0,"max_hp_loss":0,"event_name":"Purifier","floor":5,"gold_loss":0},{"damage_healed":0,"gold_gain":0,"player_choice":"Became a Ghost","damage_taken":0,"max_hp_gain":0,"max_hp_loss":33,"event_name":"Ghosts","floor":20,"gold_loss":0,"cards_obtained":["Ghostly","Ghostly","Ghostly","Ghostly","Ghostly"]},{"damage_healed":0,"gold_gain":0,"player_choice":"Joined the Cult","damage_taken":6,"max_hp_gain":0,"max_hp_loss":0,"event_name":"Nest","floor":22,"gold_loss":0,"cards_obtained":["RitualDagger"]},{"damage_healed":0,"gold_gain":0,"player_choice":"Fight","damage_taken":0,"max_hp_gain":0,"max_hp_loss":0,"event_name":"Colosseum","floor":29,"gold_loss":0},{"damage_healed":0,"gold_gain":0,"player_choice":"Fought Nobs","damage_taken":0,"max_hp_gain":0,"max_hp_loss":0,"event_name":"Colosseum","floor":29,"gold_loss":0},{"damage_healed":0,"gold_gain":0,"player_choice":"Embrace Madness","damage_taken":4,"max_hp_gain":0,"max_hp_loss":0,"event_name":"Winding Halls","floor":36,"gold_loss":0,"cards_obtained":["Madness","Madness"]},{"cards_removed":["SignatureMove"],"damage_healed":0,"gold_gain":0,"player_choice":"Removed Attack","damage_taken":0,"max_hp_gain":0,"max_hp_loss":0,"event_name":"Falling","floor":37,"gold_loss":0},{"damage_healed":0,"gold_gain":0,"player_choice":"Ignored","damage_taken":0,"max_hp_gain":0,"max_hp_loss":0,"event_name":"Mysterious Sphere","floor":44,"gold_loss":0}],"is_beta":false,"boss_relics":[{"not_picked":["Astrolabe","Empty Cage"],"picked":"Ectoplasm"},{"not_picked":["Pandora\u0027s Box","VioletLotus"],"picked":"HolyWater"}],"items_purged_floors":[],"is_endless":false,"potions_floor_spawned":[3,7,10,13,16,18,21,29,29,31,35,39,41],"killed_by":"Awakened One","ascension_level":1}}