{"host":"b5k9dtspx1cjm4w0","time":1610030695,"event":{"mods":["AchievementEnabler","BaseMod","Better Third Choice","Colored Map","Colored Powertips","Highlight Path","Minty Spire (QoL Compilation)","Permanent Neow","Quick Restart","Relic Stats","StSLib"],"gold_per_floor":[115,126,144,94,19,19,19,19,65,84,97,123,142,175,175,280,280,293,6,21,21,36,36,36,48,74,74,94,113,113,127,127,229,229,239,255,273,273,342,377,377,393,418,111,111,111,127,155,155,155],"floor_reached":51,"playtime":2183,"items_purged":["Strike_R","Pain"],"score":746,"play_id":"7bad2b4a-f7af-447f-ad11-59cfa3e4ce95","local_time":"20210107144455","is_ascension_mode":false,"campfire_choices":[{"data":"Armaments","floor":6.0,"key":"SMITH"},{"data":"Flex","floor":8.0,"key":"SMITH"},{"data":"Shockwave","floor":15.0,"key":"SMITH"},{"data":"Limit Break","floor":23,"key":"SMITH"},{"data":"Limit Break","floor":27,"key":"SMITH"},{"data":"Warcry","floor":30,"key":"SMITH"},{"data":"Double Tap","floor":32,"key":"SMITH"},{"data":"Madness","floor":41,"key":"SMITH"},{"data":"Madness","floor":46,"key":"SMITH"},{"data":"Demon Form","floor":49,"key":"SMITH"}],"circlet_count":0,"master_deck":["Strike_R+1","Strike_R+1","Defend_R","Defend_R","Bash","Armaments+1","Twin Strike","Flex+1","Cleave","Shockwave+1","Immolate","Dropkick","Double Tap+1","Limit Break+1","Shrug It Off+1","Limit Break+1","Warcry+1","Warcry+1","Flex+1","Burning Pact+1","Parasite","Madness+1","Madness+1","Dropkick","Demon Form+1","Parasite","Spot Weakness+1"],"relics":["Burning Blood","Art of War","Matryoshka","Pocketwatch","Empty Cage","Ginger","Strawberry","Bag of Marbles","Cursed Key","Ornamental Fan","Happy Flower","Juzu Bracelet","Centennial Puzzle","Nunchaku","Self Forming Clay"],"acts_visited":["Exordium","TheCity","TheBeyond"],"potions_floor_usage":[20,25,31,33,50,50,50],"damage_taken":[{"damage":1.0,"enemies":"Cultist","floor":1.0,"turns":3.0},{"damage":2.0,"enemies":"Jaw Worm","floor":2.0,"turns":4.0},{"damage":2.0,"enemies":"2 Louse","floor":3.0,"turns":2.0},{"damage":9.0,"enemies":"Exordium Thugs","floor":10.0,"turns":3.0},{"damage":5.0,"enemies":"Lots of Slimes","floor":11.0,"turns":3.0},{"damage":26.0,"enemies":"Lagavulin","floor":12.0,"turns":5.0},{"damage":0.0,"enemies":"Large Slime","floor":13.0,"turns":3.0},{"damage":13.0,"enemies":"3 Sentries","floor":14.0,"turns":3.0},{"damage":12,"enemies":"The Guardian","floor":16,"turns":7},{"damage":14,"enemies":"Shell Parasite","floor":18,"turns":3},{"damage":10,"enemies":"3 Byrds","floor":20,"turns":2},{"damage":0,"enemies":"Snecko","floor":22,"turns":4},{"damage":4,"enemies":"Snake Plant","floor":25,"turns":2},{"damage":14,"enemies":"Centurion and Healer","floor":28,"turns":4},{"damage":0,"enemies":"Cultist and Chosen","floor":29,"turns":4},{"damage":4,"enemies":"Snake Plant","floor":31,"turns":3},{"damage":27,"enemies":"Collector","floor":33,"turns":6},{"damage":15,"enemies":"3 Shapes","floor":35,"turns":3},{"damage":0,"enemies":"Orb Walker","floor":36,"turns":3},{"damage":16,"enemies":"Writhing Mass","floor":37,"turns":4},{"damage":31,"enemies":"Nemesis","floor":40,"turns":5},{"damage":33,"enemies":"Jaw Worm Horde","floor":42,"turns":4},{"damage":9,"enemies":"4 Shapes","floor":47,"turns":3},{"damage":9,"enemies":"Giant Head","floor":48,"turns":3},{"damage":62,"enemies":"Time Eater","floor":50,"turns":6}],"seed_played":"-6629090089542134460","potions_obtained":[{"floor":2.0,"key":"Weak Potion"},{"floor":11.0,"key":"Dexterity Potion"},{"floor":18,"key":"LiquidBronze"},{"floor":22,"key":"BloodPotion"},{"floor":25,"key":"Block Potion"},{"floor":29,"key":"Explosive Potion"},{"floor":36,"key":"Dexterity Potion"},{"floor":42,"key":"ElixirPotion"}],"is_trial":false,"path_per_floor":["M","M","M","?","$","R","?","R","T","M","M","E","M","E","R","B",null,"M","$","M","?","M","R","?","M","T","R","M","M","R","M","R","B",null,"M","M","M","?","T","E","R","M","T","$","?","R","M","E","R","B",null],"character_chosen":"IRONCLAD","items_purchased":["Ginger","Nunchaku","PowerPotion"],"campfire_rested":0,"item_purchase_floors":[19,44,44],"current_hp_per_floor":[80,80,80,80,80,80,64,64,64,61,62,42,48,41,41,35,80,72,72,68,68,74,74,66,80,87,87,79,85,85,87,87,66,87,78,84,74,63,63,38,38,11,11,11,76,76,73,70,70,14],"gold":155,"neow_bonus":"TRANSFORM_TWO_CARDS","is_daily":false,"chose_seed":false,"campfire_upgraded":10,"win_rate":0.0,"timestamp":1610030695,"path_taken":["M","M","?","?","?","R","?","R","T","M","M","E","M","E","R","BOSS","M","$","M","?","?","R","?","M","T","R","M","M","R","M","R","BOSS","M","M","?","?","?","E","R","M","T","$","?","R","M","E","R","BOSS"],"items_purchased_type":["Relic","Relic","Potion"],"build_version":"2020-12-22","purchased_purges":2,"victory":true,"max_hp_per_floor":[80,80,80,80,80,80,80,80,80,80,80,80,80,80,80,80,80,80,80,80,80,80,80,80,80,87,87,87,87,87,87,87,87,87,87,87,87,87,87,87,87,87,87,87,76,76,76,76,76,76],"relic_stats":{"Happy Flower":[7],"counters":[25,92],"Self Forming Clay":[21],"Juzu Bracelet":1,"Ginger":[10],"Cursed Key":2,"Burning Blood":137,"Centennial Puzzle":[9],"Nunchaku":[1],"Ornamental Fan":[16],"Art of War":[12],"obtain_stats":[{"Happy Flower":39,"Self Forming Clay":48,"Juzu Bracelet":40,"Ginger":19,"Empty Cage":17,"Cursed Key":34,"Burning Blood":0,"Centennial Puzzle":43,"Nunchaku":44,"Matryoshka":12,"Ornamental Fan":39,"Strawberry":26,"Art of War":9,"Bag of Marbles":26,"Pocketwatch":14},{"Happy Flower":20,"Self Forming Clay":24,"Juzu Bracelet":21,"Ginger":10,"Empty Cage":9,"Cursed Key":17,"Burning Blood":0,"Centennial Puzzle":22,"Nunchaku":22,"Matryoshka":6,"Ornamental Fan":20,"Strawberry":13,"Art of War":3,"Bag of Marbles":13,"Pocketwatch":8},{"Happy Flower":71,"Self Forming Clay":86,"Juzu Bracelet":76,"Ginger":36,"Empty Cage":33,"Cursed Key":61,"Burning Blood":0,"Centennial Puzzle":80,"Nunchaku":80,"Matryoshka":20,"Ornamental Fan":71,"Strawberry":44,"Art of War":9,"Bag of Marbles":44,"Pocketwatch":26}],"Pocketwatch":[48]},"card_choices":[{"not_picked":["Rage","Pommel Strike"],"picked":"Flex","floor":1.0},{"not_picked":["Shrug It Off","Wild Strike"],"picked":"Cleave","floor":2.0},{"not_picked":["Twin Strike","Flex"],"picked":"Shockwave","floor":3.0},{"not_picked":["Thunderclap","Flex","Dual Wield"],"picked":"SKIP","floor":10.0},{"not_picked":["Cleave","Body Slam","Flex"],"picked":"SKIP","floor":11.0},{"not_picked":["Sword Boomerang","Clash"],"picked":"Immolate","floor":12.0},{"not_picked":["Hemokinesis","Flex"],"picked":"Dropkick","floor":13.0},{"not_picked":["Fire Breathing","Shockwave"],"picked":"Double Tap","floor":14.0},{"not_picked":["Berserk","Double Tap"],"picked":"Limit Break","floor":16},{"not_picked":["Armaments+1","Searing Blow+1"],"picked":"Shrug It Off+1","floor":18},{"not_picked":["Carnage","Perfected Strike+1","Thunderclap"],"picked":"SKIP","floor":20},{"not_picked":["Burning Pact+1","Blood for Blood+1","Anger"],"picked":"SKIP","floor":22},{"not_picked":["Power Through","Entrench","Twin Strike"],"picked":"SKIP","floor":25},{"not_picked":["Wild Strike","Pommel Strike","Fiend Fire"],"picked":"SKIP","floor":28},{"not_picked":["Body Slam","Dark Embrace"],"picked":"Warcry","floor":29},{"not_picked":["Havoc","Perfected Strike"],"picked":"Warcry+1","floor":31},{"not_picked":["Iron Wave","Clash+1"],"picked":"Flex+1","floor":35},{"not_picked":["Cleave+1","Armaments"],"picked":"Burning Pact+1","floor":36},{"not_picked":["Thunderclap+1","Armaments","Intimidate+1"],"picked":"SKIP","floor":37},{"not_picked":["Metallicize+1","Headbutt"],"picked":"Dropkick","floor":40},{"not_picked":["Clothesline","Cleave+1"],"picked":"Demon Form","floor":42},{"not_picked":["Armaments","Perfected Strike"],"picked":"Spot Weakness+1","floor":47},{"not_picked":["Searing Blow","Berserk","Dual Wield+1"],"picked":"SKIP","floor":48}],"player_experience":1626260,"relics_obtained":[{"floor":9.0,"key":"Art of War"},{"floor":12.0,"key":"Matryoshka"},{"floor":14.0,"key":"Pocketwatch"},{"floor":26,"key":"Strawberry"},{"floor":26,"key":"Bag of Marbles"},{"floor":39,"key":"Ornamental Fan"},{"floor":39,"key":"Happy Flower"},{"floor":40,"key":"Juzu Bracelet"},{"floor":43,"key":"Centennial Puzzle"},{"floor":48,"key":"Self Forming Clay"}],"event_choices":[{"cards_removed":["Clumsy"],"damage_healed":0.0,"max_hp_gain":0.0,"max_hp_loss":0.0,"gold_gain":0.0,"event_name":"The Cleric","player_choice":"Card Removal","floor":4.0,"gold_loss":50.0,"damage_taken":0.0},{"damage_healed":80.0,"max_hp_gain":0.0,"max_hp_loss":80.0,"gold_gain":0.0,"event_name":"betterThird:BetterShining","player_choice":"Upgrade","floor":7.0,"gold_loss":0.0,"damage_taken":16.0,"cards_upgraded":["Strike_R","Strike_R"]},{"damage_healed":0,"gold_gain":0,"player_choice":"Copied","damage_taken":0,"max_hp_gain":0,"max_hp_loss":0,"event_name":"Duplicator","floor":21,"gold_loss":0,"cards_obtained":["Limit Break"]},{"damage_healed":0,"gold_gain":0,"player_choice":"Damaged","damage_taken":8,"max_hp_gain":0,"max_hp_loss":0,"event_name":"Wheel of Change","floor":24,"gold_loss":0},{"damage_healed":0,"gold_gain":0,"player_choice":"Embrace Madness","damage_taken":11,"max_hp_gain":0,"max_hp_loss":0,"event_name":"Winding Halls","floor":38,"gold_loss":0,"cards_obtained":["Madness","Madness"]},{"damage_healed":76,"gold_gain":0,"player_choice":"Heal","damage_taken":0,"max_hp_gain":0,"max_hp_loss":11,"event_name":"The Moai Head","floor":45,"gold_loss":0}],"is_beta":false,"boss_relics":[{"not_picked":["Ectoplasm","Runic Dome"],"picked":"Empty Cage"},{"not_picked":["Snecko Eye","Astrolabe"],"picked":"Cursed Key"}],"items_purged_floors":[5,44],"is_endless":false,"potions_floor_spawned":[2,11,18,22,25,29,36,42,47,48],"ascension_level":0}}