{"host":"ox77rn1xcurm2t5a","time":1610035217,"event":{"mods":["2.2 Compatiblity","AchievementEnabler","Act Like it!","Aspiration","BaseMod","Best Route Mod","Better Match","Better Note","Better Sensory Stone","Block Reminder","Colored Map","Colored Powertips","Conjunction","Conspire","Custom Start","Energized Spire","GifTheSpireLib","Gold Saver","Gremlin Skip","Halation","Highlight Path","Hubris","Infinite Spire","Minty Spire (QoL Compilation)","Pale of the Ancients","Quick Restart","Replay The Spire","Reworked Bosses","ShortenTheSpire","Spire Exporter","StSLib","Stuff the Spire","Wandering Minibosses","vexMod"],"gold_per_floor":[117,130,130,55,75,106,118,162,174,186,213,243,274,314,326,439,451,463,475,487,499,530,542,587,599,693,705,389,389,400,412,412,412,412],"floor_reached":33,"playtime":930,"items_purged":["Strike_B"],"score":481,"play_id":"00ea5290-1a95-49c7-bbd3-29aa4cbe2c37","local_time":"20210107180017","is_ascension_mode":true,"campfire_choices":[{"floor":7.0,"key":"RECALL"},{"floor":10.0,"key":"REST"},{"data":"Defragment","floor":15.0,"key":"SMITH"},{"data":"StuffTheSpire:Synthwave","floor":23,"key":"SMITH"},{"data":"StuffTheSpire:Synthwave","floor":27,"key":"SMITH"},{"data":"Zap","floor":32,"key":"SMITH"}],"circlet_count":0,"master_deck":["AscendersBane","Defend_B","Defend_B","Defend_B","Defend_B","Zap+1","Dualcast","StuffTheSpire:Synthwave+1","StuffTheSpire:Synthwave+1","Gash","Ball Lightning","Static Discharge","Loop","Defragment+1","Electrodynamics","Echo Form","Bite","Bite","Bite","Bite","Bite","Ball Lightning","Conserve Battery+1"],"relics":["Cracked Core","NeowsBlessing","MawBank","HornCleat","conspire:InfiniteJournal","infinitespire:Cupcake","wanderingMiniBosses:Inkheart","StuffTheSpire:CocoNut","Mirror","infinitespire:Freezer","Replay:Antivirus Software"],"acts_visited":["Exordium","TheCity"],"potions_floor_usage":[16,18,31,33],"damage_taken":[{"damage":0.0,"enemies":"Jaw Worm","floor":1.0,"turns":1.0},{"damage":0.0,"enemies":"Cultist","floor":2.0,"turns":1.0},{"damage":0.0,"enemies":"Small Slimes","floor":5.0,"turns":1.0},{"damage":12.0,"enemies":"Gremlin Nob","floor":6.0,"turns":3.0},{"damage":35.0,"enemies":"Lagavulin","floor":8.0,"turns":5.0},{"damage":8.0,"enemies":"2 Fungi Beasts","floor":11.0,"turns":6.0},{"damage":1.0,"enemies":"Looter","floor":12.0,"turns":3.0},{"damage":0.0,"enemies":"Large Slime","floor":13.0,"turns":4.0},{"damage":21.0,"enemies":"3 Sentries","floor":14.0,"turns":5.0},{"damage":16,"enemies":"Hexaghost","floor":16,"turns":6},{"damage":0,"enemies":"3 Byrds","floor":18,"turns":1},{"damage":21,"enemies":"Spheric Guardian","floor":22,"turns":5},{"damage":14,"enemies":"conspire:Head Lice","floor":24,"turns":5},{"damage":8,"enemies":"Cultist and Chosen","floor":30,"turns":3},{"damage":12,"enemies":"Snake Plant","floor":31,"turns":3},{"damage":74,"enemies":"hubris:MusketHawk","floor":33,"turns":6}],"seed_played":"4088033689471058629","potions_obtained":[{"floor":1.0,"key":"Adrenaline Potion"},{"floor":2.0,"key":"AttackPotion"},{"floor":11.0,"key":"LiquidMemories"},{"floor":12.0,"key":"FearPotion"},{"floor":16,"key":"SmokeBomb"}],"is_trial":false,"path_per_floor":["M","M","?","$","M","E","R","E","T","R","M","M","M","E","R","B",null,"M","?","?","?","M","R","E","?","T","R","$","AVR","M","M","R","B"],"character_chosen":"DEFECT","items_purchased":["infinitespire:Freezer","Toxic Potion","SpeedPotion","Ball Lightning"],"campfire_rested":1,"item_purchase_floors":[28,28,28,28],"current_hp_per_floor":[68,68,75,75,75,63,63,28,28,50,42,41,41,20,20,4,57,57,57,42,42,29,29,32,32,32,32,32,32,30,26,26,0,0],"gold":412,"neow_bonus":"THREE_ENEMY_KILL","is_daily":false,"chose_seed":false,"campfire_upgraded":4,"win_rate":0.0,"timestamp":1610035217,"path_taken":["M","M","?","$","M","E","R","E","T","R","M","M","?","E","R","BOSS","M","?","?","?","M","R","E","?","T","R","?","AVR","?","M","R","BOSS"],"items_purchased_type":["Relic","Potion","Potion","Card"],"build_version":"2020-12-22","purchased_purges":1,"victory":false,"max_hp_per_floor":[75,75,75,75,75,75,75,75,75,75,75,75,75,75,75,75,75,75,75,75,52,52,52,59,59,59,59,59,59,59,59,59,59,59],"card_choices":[{"not_picked":["BasicCrystalCard","Barrage"],"picked":"StuffTheSpire:Synthwave","floor":1.0},{"not_picked":["ReplayTheSpireMod:System Scan","Compile Driver"],"picked":"StuffTheSpire:Synthwave","floor":2.0},{"not_picked":["StuffTheSpire:LoadUp","Force Field"],"picked":"Gash","floor":5.0},{"not_picked":["Go for the Eyes","Stack","Reprogram"],"picked":"SKIP","floor":6.0},{"not_picked":["Coolheaded","Cold Snap"],"picked":"Ball Lightning","floor":8.0},{"not_picked":["Redo","BasicCrystalCard"],"picked":"Static Discharge","floor":11.0},{"not_picked":["aspiration:Polymerization","Time Bomb"],"picked":"Loop","floor":12.0},{"not_picked":["StuffTheSpire:Plugnplay","Capacitor"],"picked":"Defragment","floor":13.0},{"not_picked":["Compile Driver","Hologram","ReplayTheSpireMod:GoodbyeWorld"],"picked":"SKIP","floor":14.0},{"not_picked":["Compile Driver","Hologram","ReplayTheSpireMod:GoodbyeWorld"],"picked":"SKIP","floor":14.0},{"not_picked":["Mirror Shield","ReplayRNGCard"],"picked":"Electrodynamics","floor":16},{"not_picked":["Leap","Turbo","Rebound"],"picked":"SKIP","floor":22},{"not_picked":["Go for the Eyes","Leap","StuffTheSpire:Rend"],"picked":"SKIP","floor":24},{"not_picked":["Cold Snap","hubris:DoWhile"],"picked":"Conserve Battery+1","floor":30},{"not_picked":["Steam","Redo","Stack"],"picked":"SKIP","floor":31}],"player_experience":2950715,"relics_obtained":[{"floor":6.0,"key":"MawBank"},{"floor":8.0,"key":"HornCleat"},{"floor":14.0,"key":"conspire:InfiniteJournal"},{"floor":22,"key":"wanderingMiniBosses:Inkheart"},{"floor":24,"key":"StuffTheSpire:CocoNut"},{"floor":26,"key":"Mirror"}],"event_choices":[{"damage_healed":7.0,"max_hp_gain":0.0,"max_hp_loss":0.0,"gold_gain":0.0,"event_name":"Wheel of Change","player_choice":"Full Heal","floor":3.0,"gold_loss":0.0,"damage_taken":0.0},{"damage_healed":0,"gold_gain":2,"player_choice":"2","damage_taken":0,"max_hp_gain":0,"max_hp_loss":15,"event_name":"betterStone:BetterStone","floor":20,"gold_loss":0},{"damage_healed":0,"gold_gain":0,"player_choice":"Became a vampire","damage_taken":0,"max_hp_gain":0,"max_hp_loss":23,"event_name":"Vampires","floor":21,"gold_loss":0,"cards_obtained":["Bite","Bite","Bite","Bite","Bite"]}],"is_beta":false,"boss_relics":[{"not_picked":["energizedSpire:MagnifyingGlass","halation:Prosthetics"],"picked":"infinitespire:Cupcake"}],"items_purged_floors":[4],"is_endless":false,"potions_floor_spawned":[1,2,11,12,16,18,30],"killed_by":"hubris:MusketHawk","ascension_level":12}}