{"host":"ig7tc0uedzltt2sr","time":1610003190,"event":{"mods":["BaseMod","Better Twitch Integration","Block Reminder","Colored Map","Colored Powertips","Communication Mod","Current Relic Mod","GifTheSpireLib","HexUI Lib","Minty Spire (QoL Compilation)","Quick Restart","Random Character Button","Rare Cards Sparkle","Relic Sorter","Relic Stats","Slay the Relics Exporter","StSLib","SuperFastMode","Synergy Search","Twitch Decklist","Twitch Utils","everything is the same but u backflip on backflip","slay the spire mod where everything is the same but ironclad has a cowboy hat"],"gold_per_floor":[111,122,132,151,151,151,151,151,151],"floor_reached":8,"playtime":98,"items_purged":[],"score":48,"play_id":"3465fa8d-9356-4266-b5f1-c3d3410033ab","local_time":"20210106230630","is_ascension_mode":false,"campfire_choices":[{"data":"Defend_R","floor":7,"key":"SMITH"}],"circlet_count":0,"master_deck":["Strike_R","Strike_R","Strike_R","Strike_R","Strike_R","Defend_R+1","Defend_R","Defend_R","Defend_R","Bash","Thunderclap","Power Through","Clash"],"relics":["Burning Blood","GremlinMask"],"acts_visited":["Exordium"],"potions_floor_usage":[],"damage_taken":[{"damage":20,"enemies":"Jaw Worm","floor":1,"turns":9},{"damage":13,"enemies":"2 Louse","floor":2,"turns":9},{"damage":16,"enemies":"Cultist","floor":3,"turns":6},{"damage":39,"enemies":"2 Fungi Beasts","floor":4,"turns":8},{"damage":58,"enemies":"Lagavulin","floor":8,"turns":11}],"seed_played":"-6003727923545892532","potions_obtained":[{"floor":2,"key":"Swift Potion"}],"is_trial":false,"path_per_floor":["M","M","M","M","?","?","R","E"],"character_chosen":"IRONCLAD","items_purchased":[],"campfire_rested":0,"item_purchase_floors":[],"current_hp_per_floor":[74,67,57,24,53,53,53,0,0],"gold":151,"neow_bonus":"TEN_PERCENT_HP_BONUS","is_daily":false,"chose_seed":false,"campfire_upgraded":1,"win_rate":0.0,"timestamp":1610003190,"path_taken":["M","M","M","M","?","?","R","E"],"items_purchased_type":[],"build_version":"2020-12-22","purchased_purges":0,"victory":false,"max_hp_per_floor":[88,88,88,88,88,88,88,88,88],"relic_stats":{"counters":[5,43],"obtain_stats":[{"GremlinMask":6,"Burning Blood":0},{"GremlinMask":4,"Burning Blood":0},{"GremlinMask":32,"Burning Blood":0}],"Burning Blood":24},"card_choices":[{"not_picked":["Body Slam","Pommel Strike","Armaments"],"picked":"SKIP","floor":1},{"not_picked":["Sword Boomerang","Wild Strike"],"picked":"Thunderclap","floor":2},{"not_picked":["Intimidate","Havoc"],"picked":"Power Through","floor":3},{"not_picked":["True Grit","Ghostly Armor"],"picked":"Clash","floor":4}],"player_experience":1452295,"relics_obtained":[],"event_choices":[{"damage_healed":29,"gold_gain":0,"player_choice":"Banana","damage_taken":0,"max_hp_gain":0,"max_hp_loss":0,"event_name":"Big Fish","floor":5,"gold_loss":0},{"damage_healed":0,"gold_gain":0,"player_choice":"Trade","damage_taken":0,"relics_obtained":["GremlinMask"],"max_hp_gain":0,"max_hp_loss":0,"event_name":"FaceTrader","floor":6,"gold_loss":0}],"is_beta":false,"boss_relics":[],"items_purged_floors":[],"is_endless":false,"potions_floor_spawned":[2],"killed_by":"Lagavulin","ascension_level":0}}