{"host":"qihv10mixs26xc23","time":1610037875,"event":{"mods":["AchievementEnabler","BaseMod","BetterRewards","Downfall","Googly Eyes","Hermit","Minty Spire (QoL Compilation)","Replay The Spire","Shop Mod","StSLib","The Marked"],"gold_per_floor":[139,151,190,227,260,260,36,36,110,143,163,216,256,279,279,384,384,401,437,34,50,50,50,68,68,95,110,20,51,68,83,83,179,179,193,204,224,73,73,73,73,111,111,121,121,136,185,195,195,195,195],"floor_reached":50,"playtime":2186,"items_purged":["Defend_B","Defend_B","Strike_B"],"score":682,"play_id":"4ccfbb35-f6cd-49fb-b5df-cac33b405f1f","local_time":"20210107114435","is_ascension_mode":false,"campfire_choices":[{"data":"HandOfGreed","floor":6,"key":"SMITH"},{"data":"Redo","floor":8,"key":"SMITH"},{"floor":15,"key":"REST"},{"floor":23,"key":"REST"},{"floor":25,"key":"REST"},{"floor":32,"key":"REST"},{"floor":40,"key":"REST"},{"floor":45,"key":"REST"},{"floor":49,"key":"REST"}],"circlet_count":0,"master_deck":["Strike_B","Strike_B","Strike_B","Defend_B","Zap","Dualcast","HandOfGreed+1","BootSequence","Redo+1","Ball Lightning","Ball Lightning+1","Ball Lightning","Swift Strike","Electrodynamics","Panic Button","Steam Power","All For One","Ball Lightning","Stack","Electrodynamics","Steam+1","Redo+1","Ball Lightning+1","Ball Lightning","Tempest+1","Capacitor","Leap+1","Stack+1"],"relics":["Cracked Core","InkBottle","Ice Cream","Replay:Antivirus Software","Blue Doll","Boot","DollysMirror","Blood Vial","Ornamental Fan","Velvet Choker","White Beast Statue","ReplayTheSpireMod:Lightbulb"],"acts_visited":["Exordium","TheCity","TheBeyond"],"potions_floor_usage":[10,10,16,18,30,33,37,37,48,50,50,50],"damage_taken":[{"damage":0,"enemies":"Cultist","floor":1,"turns":2},{"damage":1,"enemies":"Jaw Worm","floor":2,"turns":2},{"damage":0,"enemies":"Small Slimes","floor":3,"turns":2},{"damage":0,"enemies":"3 Louse","floor":4,"turns":2},{"damage":5,"enemies":"Lots of Slimes","floor":5,"turns":3},{"damage":6,"enemies":"Lagavulin","floor":10,"turns":3},{"damage":3,"enemies":"Red Slaver","floor":11,"turns":2},{"damage":18,"enemies":"3 Sentries","floor":12,"turns":4},{"damage":0,"enemies":"Looter","floor":13,"turns":2},{"damage":31,"enemies":"Hexaghost","floor":16,"turns":6},{"damage":0,"enemies":"Shell Parasite","floor":18,"turns":2},{"damage":20,"enemies":"2 Thieves","floor":19,"turns":3},{"damage":3,"enemies":"Snecko","floor":21,"turns":3},{"damage":0,"enemies":"Cultist and Chosen","floor":24,"turns":4},{"damage":18,"enemies":"3 Cultists","floor":27,"turns":3},{"damage":16,"enemies":"Slavers","floor":29,"turns":4},{"damage":0,"enemies":"Shelled Parasite and Fungi","floor":30,"turns":2},{"damage":22,"enemies":"Centurion and Healer","floor":31,"turns":3},{"damage":48,"enemies":"Pondfish","floor":33,"turns":7},{"damage":5,"enemies":"Orb Walker","floor":35,"turns":2},{"damage":3,"enemies":"3 Darklings","floor":36,"turns":2},{"damage":28,"enemies":"Spire Growth","floor":37,"turns":3},{"damage":11,"enemies":"4 Shapes","floor":42,"turns":3},{"damage":52,"enemies":"Writhing Mass","floor":44,"turns":4},{"damage":0,"enemies":"Sphere and 2 Shapes","floor":46,"turns":2},{"damage":17,"enemies":"Maw","floor":48,"turns":6},{"damage":55,"enemies":"Donu and Deca","floor":50,"turns":4}],"seed_played":"1534692885027919145","potions_obtained":[{"floor":1,"key":"Adrenaline Potion"},{"floor":2,"key":"Adrenaline Potion"},{"floor":5,"key":"LifebloodPotion"},{"floor":12,"key":"DuplicationPotion"},{"floor":16,"key":"Swift Potion"},{"floor":21,"key":"Milkshake"},{"floor":29,"key":"Fire Potion"},{"floor":35,"key":"DistilledChaos"},{"floor":36,"key":"PowerPotion"},{"floor":44,"key":"SpeedPotion"},{"floor":46,"key":"Strength Potion"},{"floor":48,"key":"Venom Potion"}],"is_trial":false,"path_per_floor":["M","M","M","M","M","R","$","R","T","E","M","E","M","T","R","B",null,"M","M","$","M","?","R","M","R","T","M","?","E","M","M","R","B",null,"M","M","M","$","?","R","?","M","T","M","R","M","T","M","R","B"],"character_chosen":"DEFECT","items_purchased":["HandOfGreed","Ball Lightning","Swift Strike","Boot","DollysMirror","Capacitor"],"campfire_rested":7,"item_purchase_floors":[0,7,7,20,20,38],"current_hp_per_floor":[69,68,68,68,63,63,63,63,63,57,54,36,36,36,58,27,75,75,55,55,52,38,62,62,80,80,62,62,48,50,30,54,8,80,75,74,48,48,48,70,70,61,61,11,33,35,35,20,42,0,0],"gold":195,"neow_bonus":"","is_daily":false,"chose_seed":false,"campfire_upgraded":2,"win_rate":0.0,"timestamp":1610037875,"path_taken":["M","M","M","M","M","R","?","R","T","E","M","E","M","?","R","BOSS","M","M","$","M","?","R","M","R","T","M","?","E","M","M","R","BOSS","M","M","?","$","?","R","?","M","T","M","R","M","?","M","R","BOSS"],"items_purchased_type":["Card","Card","Card","Relic","Relic","Card"],"build_version":"2020-12-22","purchased_purges":3,"victory":false,"max_hp_per_floor":[75,75,75,75,75,75,75,75,75,75,75,75,75,75,75,75,75,75,75,75,75,80,80,80,80,80,80,80,80,80,80,80,80,80,80,80,80,80,76,76,76,76,76,76,76,76,76,76,76,76,76],"card_choices":[{"not_picked":["Stack","Go for the Eyes"],"picked":"BootSequence","floor":1},{"not_picked":["Barrage","Streamline"],"picked":"Redo","floor":2},{"not_picked":["Auto Shields","Hologram"],"picked":"Ball Lightning","floor":3},{"not_picked":["BasicCrystalCard","Scrape","Cold Snap"],"picked":"SKIP","floor":4},{"not_picked":["Skim","Undo"],"picked":"Ball Lightning","floor":5},{"not_picked":["Crystallizer","Steam"],"picked":"Electrodynamics","floor":10},{"not_picked":["Leap","Streamline"],"picked":"Panic Button","floor":11},{"not_picked":["Ball Lightning","Stack","Conserve Battery"],"picked":"SKIP","floor":12},{"not_picked":["Streamline","Panic Button"],"picked":"Steam Power","floor":13},{"not_picked":["Reboot","Mirror Shield"],"picked":"All For One","floor":16},{"not_picked":["Chaos+1","Hologram"],"picked":"Ball Lightning","floor":18},{"not_picked":["Streamline","Genetic Algorithm"],"picked":"Stack","floor":19},{"not_picked":["Go for the Eyes","Undo+1"],"picked":"Steam+1","floor":21},{"not_picked":["Auto Shields","Go for the Eyes","Fusion"],"picked":"SKIP","floor":24},{"not_picked":["ReplaySort+1","Melter"],"picked":"Redo+1","floor":27},{"not_picked":["Reboot","Sweeping Beam"],"picked":"Ball Lightning+1","floor":29},{"not_picked":["Hologram","Conserve Battery"],"picked":"Ball Lightning","floor":30},{"not_picked":["Consume+1","Storm","Force Field"],"picked":"SKIP","floor":31},{"not_picked":["Fusion","Stack+1"],"picked":"Tempest+1","floor":35},{"not_picked":["Sweeping Beam+1","Rebound+1","Redo"],"picked":"SKIP","floor":36},{"not_picked":["Sweeping Beam","FIFO Queue","Rip and Tear+1"],"picked":"SKIP","floor":37},{"not_picked":["ReplayTheSpireMod:Calculation Training+1","Steam Power+1","Storm+1"],"picked":"SKIP","floor":42},{"not_picked":["FIFO Queue","Blizzard"],"picked":"Leap+1","floor":44},{"not_picked":["Compile Driver+1","Doom and Gloom+1"],"picked":"Stack+1","floor":46},{"not_picked":["Steam","Cold Snap+1","Fission"],"picked":"SKIP","floor":48}],"player_experience":72101,"relics_obtained":[{"floor":9,"key":"InkBottle"},{"floor":10,"key":"Ice Cream"},{"floor":12,"key":"Replay:Antivirus Software"},{"floor":14,"key":"Blue Doll"},{"floor":26,"key":"Blood Vial"},{"floor":29,"key":"Ornamental Fan"},{"floor":43,"key":"White Beast Statue"},{"floor":47,"key":"ReplayTheSpireMod:Lightbulb"}],"event_choices":[{"damage_healed":0,"gold_gain":0,"player_choice":"Shed Blood","damage_taken":19,"max_hp_gain":5,"max_hp_loss":0,"event_name":"Forgotten Altar","floor":22,"gold_loss":0},{"cards_removed":["Defend_B"],"damage_healed":0,"gold_gain":0,"player_choice":"Upgrade and Remove","damage_taken":0,"max_hp_gain":0,"max_hp_loss":0,"event_name":"Designer","floor":28,"gold_loss":90,"cards_upgraded":["Ball Lightning"]},{"damage_healed":0,"gold_gain":0,"player_choice":"Max HP","damage_taken":0,"max_hp_gain":0,"max_hp_loss":4,"event_name":"Winding Halls","floor":39,"gold_loss":0},{"damage_healed":0,"gold_gain":0,"player_choice":"Memory 1","damage_taken":0,"max_hp_gain":0,"max_hp_loss":0,"event_name":"SensoryStone","floor":41,"gold_loss":0}],"is_beta":false,"boss_relics":[{"not_picked":["ReplayTheSpireMod:DimensionalGlitch","Ectoplasm","Runic Dome"]},{"not_picked":["Black Star","SacredBark"],"picked":"Velvet Choker"}],"items_purged_floors":[7,20,38],"is_endless":false,"potions_floor_spawned":[1,2,5,12,16,21,29,35,36,44,46,48],"killed_by":"Donu and Deca","ascension_level":0}}