{"host":"uv231blk40vjdojr","time":1610018938,"event":{"mods":["BaseMod","Minty Spire (QoL Compilation)","Relic Stats"],"gold_per_floor":[111,111,135,151,151,151,17,56,56,79,97,97,136,152,152,245,245,221,221,69,87,87,87],"floor_reached":22,"playtime":1050,"items_purged":["Decay"],"score":372,"play_id":"a124b166-3590-4e0a-8e76-910e6dff76f8","local_time":"20210107122858","is_ascension_mode":true,"campfire_choices":[{"data":"Bane","floor":6.0,"key":"SMITH"},{"floor":12.0,"key":"REST"},{"data":"Well Laid Plans","floor":15,"key":"SMITH"}],"circlet_count":0,"master_deck":["AscendersBane","Strike_G","Strike_G","Strike_G","Strike_G","Strike_G","Defend_G","Defend_G","Defend_G","Defend_G","Survivor","Neutralize","Bane+1","Deadly Poison","Sucker Punch","Dagger Throw","Terror","Poisoned Stab","Blade Dance","Infinite Blades","Well Laid Plans+1","Venomology","Finisher","Leg Sweep","Escape Plan"],"relics":["Ring of the Snake","Thread and Needle","Golden Idol","Mummified Hand","Regal Pillow","InkBottle","Runic Dome","Nilry\u0027s Codex"],"acts_visited":["Exordium","TheCity"],"potions_floor_usage":[18,22,22],"damage_taken":[{"damage":10.0,"enemies":"Jaw Worm","floor":1.0,"turns":6.0},{"damage":0.0,"enemies":"2 Louse","floor":3.0,"turns":3.0},{"damage":0.0,"enemies":"Cultist","floor":4.0,"turns":3.0},{"damage":4.0,"enemies":"Gremlin Nob","floor":8.0,"turns":3.0},{"damage":15.0,"enemies":"Large Slime","floor":10.0,"turns":5.0},{"damage":2.0,"enemies":"2 Fungi Beasts","floor":11.0,"turns":2.0},{"damage":23.0,"enemies":"3 Sentries","floor":13.0,"turns":8.0},{"damage":4,"enemies":"3 Louse","floor":14,"turns":3},{"damage":7,"enemies":"Hexaghost","floor":16,"turns":8},{"damage":15,"enemies":"2 Thieves","floor":18,"turns":4},{"damage":6,"enemies":"Shell Parasite","floor":21,"turns":5},{"damage":13,"enemies":"Snake Plant","floor":22,"turns":4}],"seed_played":"-5507727721581747929","potions_obtained":[{"floor":3.0,"key":"LiquidMemories"},{"floor":4.0,"key":"ColorlessPotion"},{"floor":13.0,"key":"SneckoOil"}],"is_trial":false,"path_per_floor":["M","?","M","M","?","R","$","E","T","M","M","R","E","M","R","B",null,"M","?","$","M","M"],"character_chosen":"THE_SILENT","items_purchased":["Terror","Poisoned Stab","Leg Sweep"],"campfire_rested":1,"item_purchase_floors":[7,7,20],"current_hp_per_floor":[49,49,49,49,49,49,49,45,45,30,28,60,37,33,33,26,52,37,16,16,10,0,0],"gold":87,"neow_bonus":"ONE_RARE_RELIC","is_daily":false,"chose_seed":false,"campfire_upgraded":2,"win_rate":0.0,"timestamp":1610018938,"path_taken":["M","?","M","M","?","R","$","E","T","M","M","R","E","?","R","BOSS","M","?","$","M","M"],"items_purchased_type":["Card","Card","Card"],"build_version":"2020-12-22","purchased_purges":1,"victory":false,"max_hp_per_floor":[66,60,60,60,60,60,60,60,60,60,60,60,60,60,60,60,60,60,60,60,60,60,60],"relic_stats":{"Regal Pillow":14,"counters":[12,54],"Golden Idol":62,"Mummified Hand":[8],"obtain_stats":[{"Runic Dome":17,"Regal Pillow":9,"Golden Idol":2,"Mummified Hand":8,"Nilry\u0027s Codex":19,"Thread and Needle":0,"InkBottle":13,"Ring of the Snake":0},{"Runic Dome":9,"Regal Pillow":4,"Golden Idol":1,"Mummified Hand":4,"Nilry\u0027s Codex":10,"Thread and Needle":0,"InkBottle":7,"Ring of the Snake":0},{"Runic Dome":41,"Regal Pillow":15,"Golden Idol":6,"Mummified Hand":15,"Nilry\u0027s Codex":45,"Thread and Needle":0,"InkBottle":30,"Ring of the Snake":0}],"InkBottle":[11],"Ring of the Snake":[24]},"card_choices":[{"not_picked":["Slice","Dodge and Roll"],"picked":"Bane","floor":1.0},{"not_picked":["Backflip","Prepared"],"picked":"Deadly Poison","floor":3.0},{"not_picked":["Dodge and Roll","Escape Plan"],"picked":"Sucker Punch","floor":4.0},{"not_picked":["Underhanded Strike","Reflex","Poisoned Stab"],"picked":"SKIP","floor":8.0},{"not_picked":["Sucker Punch","Dagger Spray"],"picked":"Blade Dance","floor":10.0},{"not_picked":["Sucker Punch","Dagger Spray"],"picked":"Infinite Blades","floor":11.0},{"not_picked":["Underhanded Strike","Tactician","Flying Knee"],"picked":"SKIP","floor":13.0},{"not_picked":["Bane","PiercingWail"],"picked":"Well Laid Plans","floor":14},{"not_picked":["Grand Finale","Glass Knife"],"picked":"Venomology","floor":16},{"not_picked":["Deflect","Blade Dance"],"picked":"Finisher","floor":18},{"not_picked":["Dodge and Roll","Bane","Escape Plan"],"picked":"SKIP","floor":21},{"not_picked":["Dodge and Roll","Bane"],"picked":"Escape Plan","floor":21}],"player_experience":593701,"relics_obtained":[{"floor":8.0,"key":"Mummified Hand"},{"floor":9.0,"key":"Regal Pillow"},{"floor":13.0,"key":"InkBottle"},{"floor":19,"key":"Nilry\u0027s Codex"}],"event_choices":[{"damage_healed":0.0,"max_hp_gain":0.0,"max_hp_loss":6.0,"gold_gain":0.0,"event_name":"Golden Idol","player_choice":"Lose Max HP","floor":2.0,"gold_loss":0.0,"damage_taken":0.0,"relics_obtained":["Golden Idol"]},{"damage_healed":0.0,"max_hp_gain":0.0,"max_hp_loss":0.0,"gold_gain":0.0,"cards_transformed":["Defend_G"],"event_name":"Transmorgrifier","player_choice":"Transformed","floor":5.0,"gold_loss":0.0,"damage_taken":0.0,"cards_obtained":["Dagger Throw"]},{"damage_healed":0,"gold_gain":0,"player_choice":"Obtained Book","damage_taken":21,"max_hp_gain":0,"max_hp_loss":0,"event_name":"Cursed Tome","floor":19,"gold_loss":0}],"is_beta":false,"boss_relics":[{"not_picked":["Snecko Eye","Coffee Dripper"],"picked":"Runic Dome"}],"items_purged_floors":[20],"is_endless":false,"potions_floor_spawned":[3,4,13,14],"killed_by":"Snake Plant","ascension_level":18}}