{"host":"xumidyqji6pg2yy3","time":1610032929,"event":{"mods":["Arknights The Spire","BaseMod","Highlight Path","Minty Spire (QoL Compilation)","StSLib"],"gold_per_floor":[111,111,111,121,42,42,58,58,82,108,136,167,203,234,246,355,367,395,506,364,377,477,509,509,527,527,527,328,328,357,367,367,468,468,486,309,309,326,345,118,118,118,141,141,158,185,57,71,71,71],"floor_reached":51,"playtime":3271,"items_purged":["ats:Strike C","Clumsy","ats:Strike G","ats:Armor Crushing Shot","Clumsy"],"score":715,"play_id":"9d4766f1-fc7c-4612-b1c9-995419f15881","local_time":"20210107232209","is_ascension_mode":false,"campfire_choices":[{"data":"ats:Thorns","floor":6.0,"key":"SMITH"},{"data":"ats:Defend","floor":8.0,"key":"SMITH"},{"data":"ats:Rat Pack","floor":15.0,"key":"SMITH"},{"data":"ats:Thorns","floor":24.0,"key":"SMITH"},{"data":"ats:Disruption Kick","floor":27.0,"key":"SMITH"},{"data":"ats:Magnetic Hammer","floor":29.0,"key":"SMITH"},{"data":"ats:Revitalization","floor":32,"key":"SMITH"},{"data":"ats:Defend","floor":41,"key":"SMITH"},{"data":"ats:Defend","floor":44,"key":"SMITH"},{"data":"ats:Thorns","floor":49,"key":"SMITH"}],"circlet_count":0,"master_deck":["ats:Strike S","ats:Defend+1","ats:Defend+1","ats:Defend+1","ats:Defend+1","ats:Emotion Absorption","ats:Red Shift","ats:Thorns+1","ats:Magnetic Hammer+1","ats:Rat Pack+1","ats:Revitalization+1","ats:Automatic Cover+1","ats:Disruption Kick+1","ats:Thorns+1","ats:Beaten Up+1","ats:Shell Defense+1","ats:Nebulous Foxfire+1","ats:Charging Defense+1","ats:Beaten Up+1","ats:Healing Drone+1","ats:Thorns+1"],"relics":["ats:Sanity","NeowsBlessing","Boot","Happy Flower","ats:Originium","MawBank","Odd Mushroom","Cursed Key","ats:Bonebreaker","Ornamental Fan","Membership Card","Toxic Egg 2","Black Star","Bronze Scales","War Paint","ats:Defend","ats:Spiritual Recovery","Anchor","Lantern"],"acts_visited":["Exordium","TheCity","TheBeyond"],"potions_floor_usage":[50],"damage_taken":[{"damage":0.0,"enemies":"2 Louse","floor":1.0,"turns":1.0},{"damage":0.0,"enemies":"Small Slimes","floor":4.0,"turns":1.0},{"damage":0.0,"enemies":"Cultist","floor":7.0,"turns":1.0},{"damage":32.0,"enemies":"3 Sentries","floor":10.0,"turns":9.0},{"damage":0.0,"enemies":"3 Louse","floor":11.0,"turns":3.0},{"damage":3.0,"enemies":"Exordium Wildlife","floor":12.0,"turns":4.0},{"damage":21.0,"enemies":"The Mushroom Lair","floor":13.0,"turns":5.0},{"damage":1.0,"enemies":"Lots of Slimes","floor":14.0,"turns":3.0},{"damage":12.0,"enemies":"Hexaghost","floor":16.0,"turns":12.0},{"damage":0.0,"enemies":"Spheric Guardian","floor":18.0,"turns":3.0},{"damage":2.0,"enemies":"Shell Parasite","floor":21.0,"turns":9.0},{"damage":52.0,"enemies":"Book of Stabbing","floor":23.0,"turns":8.0},{"damage":4.0,"enemies":"3 Cultists","floor":25.0,"turns":6.0},{"damage":0.0,"enemies":"Gremlin Leader","floor":30.0,"turns":8.0},{"damage":8,"enemies":"Chosen and Byrds","floor":31,"turns":5},{"damage":72,"enemies":"Automaton","floor":33,"turns":18},{"damage":1,"enemies":"3 Shapes","floor":35,"turns":8},{"damage":1,"enemies":"Orb Walker","floor":38,"turns":5},{"damage":0,"enemies":"Transient","floor":39,"turns":5},{"damage":3,"enemies":"Spire Growth","floor":45,"turns":10},{"damage":44,"enemies":"Giant Head","floor":46,"turns":26},{"damage":13,"enemies":"Sphere and 2 Shapes","floor":48,"turns":5},{"damage":91,"enemies":"Donu and Deca","floor":50,"turns":18}],"seed_played":"-4301857225178096439","potions_obtained":[{"floor":1.0,"key":"SteroidPotion"},{"floor":7.0,"key":"LiquidBronze"},{"floor":12.0,"key":"SpeedPotion"},{"floor":14.0,"key":"Ancient Potion"},{"floor":21.0,"key":"SmokeBomb"},{"floor":33,"key":"Block Potion"},{"floor":38,"key":"LiquidMemories"}],"is_trial":false,"path_per_floor":["M","?","?","M","$","R","M","R","T","E","M","M","?","M","R","B",null,"M","?","$","M","?","E","R","M","T","R","$","R","E","M","R","B",null,"M","$","?","M","M","$","R","?","T","R","M","E","$","M","R","B",null],"character_chosen":"DOCTOR_CLASS","items_purchased":["ats:Thorns","ats:Thorns","Membership Card","ats:Beaten Up+1","Bronze Scales","War Paint","ats:Defend","ats:Thorns"],"campfire_rested":0,"item_purchase_floors":[5,20,28,36,36,40,40,47],"current_hp_per_floor":[72,65,65,65,65,65,65,65,65,33,33,34,21,22,22,28,72,72,72,72,72,72,40,40,50,50,50,50,50,70,71,71,48,72,72,72,72,72,72,72,72,72,72,72,72,72,72,72,72,46],"gold":71,"neow_bonus":"THREE_ENEMY_KILL","is_daily":false,"chose_seed":false,"campfire_upgraded":10,"win_rate":0.0,"timestamp":1610032929,"path_taken":["M","?","?","M","$","R","M","R","T","E","M","M","?","M","R","BOSS","M","?","$","M","?","E","R","M","T","R","$","R","E","M","R","BOSS","M","$","?","M","M","$","R","?","T","R","M","E","?","M","R","BOSS"],"items_purchased_type":["Card","Card","Relic","Card","Relic","Relic","Card","Card"],"build_version":"2020-12-22","purchased_purges":5,"victory":true,"max_hp_per_floor":[72,72,72,72,72,72,72,72,72,72,72,72,72,72,72,72,72,72,72,72,72,72,72,72,72,72,72,72,72,72,72,72,72,72,72,72,72,72,72,72,72,72,72,72,72,72,72,72,72,72],"card_choices":[{"not_picked":["ats:Childhood Dance","ats:Rapid Magazine"],"picked":"ats:Red Shift","floor":1.0},{"not_picked":["ats:Mental Burst","ats:Leaping Hammer","ats:Spore Proliferation"],"picked":"SKIP","floor":4.0},{"not_picked":["ats:Flexible Camouflage","ats:Counter Healing Mode","ats:Ignite"],"picked":"SKIP","floor":7.0},{"not_picked":["ats:Apocalypse","ats:Defend Order"],"picked":"ats:Magnetic Hammer","floor":10.0},{"not_picked":["ats:Assault Order","ats:Curse Doll"],"picked":"ats:Apocalypse","floor":11.0},{"not_picked":["ats:Childhood Dance","ats:Apocalypse"],"picked":"ats:Rat Pack","floor":12.0},{"not_picked":["ats:Leaping Hammer","ats:Powerful Strike"],"picked":"ats:Revitalization","floor":13.0},{"not_picked":["ats:Explosion Area Strengthen","ats:Closed Bolt Burst Fire"],"picked":"ats:Automatic Cover","floor":14.0},{"not_picked":["ats:Wolf Pack","ats:Durian"],"picked":"ats:Disruption Kick","floor":16.0},{"not_picked":["ats:Encircling Forest","ats:Rapid Magazine+1","ats:Hook Shot"],"picked":"SKIP","floor":18.0},{"not_picked":["ats:Leaping Hammer+1","ats:Assault Order","ats:Hammer On"],"picked":"SKIP","floor":21.0},{"not_picked":["ats:Poison Spread","ats:Sword Rain+1"],"picked":"ats:Beaten Up+1","floor":23.0},{"not_picked":["ats:Song Of Battle+1","ats:Hammer On","ats:Flexible Camouflage"],"picked":"SKIP","floor":25.0},{"not_picked":["ats:Cat Scratch","ats:Flame Of Heaven+1","ats:Apocalypse+1"],"picked":"SKIP","floor":30.0},{"not_picked":["ats:Spore Proliferation+1","ats:Ignite+1"],"picked":"ats:Shell Defense+1","floor":31},{"not_picked":["ats:True Silver Slash","ats:Roar Of Ursus"],"picked":"ats:Nebulous Foxfire+1","floor":33},{"not_picked":["ats:Revitalization+1","ats:Ignite+1"],"picked":"ats:Charging Defense+1","floor":35},{"not_picked":["ats:Childhood Dance+1","ats:Soul Absorption+1"],"picked":"ats:Healing Drone+1","floor":38},{"not_picked":["ats:Counter Healing Mode+1","ats:Consecutive Shot Auto","ats:Powerful Strike+1"],"picked":"SKIP","floor":39},{"not_picked":["ats:Assault Order+1","ats:Hammer On+1","ats:Leaping Hammer+1"],"picked":"SKIP","floor":45},{"not_picked":["ats:Overload+1","ats:Ignite","ats:Directed Diagnosis+1"],"picked":"SKIP","floor":46},{"not_picked":["ats:Cat Scratch","ats:Childhood Dance+1","ats:Revitalization+1"],"picked":"SKIP","floor":48}],"player_experience":53588,"relics_obtained":[{"floor":9.0,"key":"Happy Flower"},{"floor":10.0,"key":"ats:Originium"},{"floor":10.0,"key":"MawBank"},{"floor":13.0,"key":"Odd Mushroom"},{"floor":23.0,"key":"ats:Originium"},{"floor":23.0,"key":"ats:Bonebreaker"},{"floor":26.0,"key":"Ornamental Fan"},{"floor":30.0,"key":"ats:Originium"},{"floor":30.0,"key":"Toxic Egg 2"},{"floor":43,"key":"ats:Spiritual Recovery"},{"floor":46,"key":"Anchor"},{"floor":46,"key":"Lantern"}],"event_choices":[{"damage_healed":0.0,"max_hp_gain":0.0,"max_hp_loss":0.0,"gold_gain":0.0,"event_name":"Scrap Ooze","player_choice":"Success","floor":2.0,"gold_loss":0.0,"damage_taken":7.0,"relics_obtained":["Boot"]},{"cards_removed":["ats:Strike V"],"damage_healed":0.0,"max_hp_gain":0.0,"max_hp_loss":0.0,"gold_gain":0.0,"event_name":"Living Wall","player_choice":"Forget","floor":3.0,"gold_loss":0.0,"damage_taken":0.0},{"damage_healed":0.0,"max_hp_gain":0.0,"max_hp_loss":0.0,"gold_gain":0.0,"event_name":"Mushrooms","player_choice":"Fought Mushrooms","floor":13.0,"gold_loss":0.0,"damage_taken":0.0},{"damage_healed":0.0,"max_hp_gain":0.0,"max_hp_loss":0.0,"gold_gain":99.0,"event_name":"Nest","player_choice":"Stole From Cult","floor":19.0,"gold_loss":0.0,"damage_taken":0.0},{"damage_healed":0.0,"max_hp_gain":0.0,"max_hp_loss":0.0,"gold_gain":100.0,"event_name":"Golden Shrine","player_choice":"Pray","floor":22.0,"gold_loss":0.0,"damage_taken":0.0},{"damage_healed":0,"gold_gain":0,"player_choice":"Ignored","damage_taken":0,"max_hp_gain":0,"max_hp_loss":0,"event_name":"Tomb of Lord Red Mask","floor":37,"gold_loss":0},{"cards_removed":["ats:Apocalypse"],"damage_healed":0,"gold_gain":0,"player_choice":"Removed Skill","damage_taken":0,"max_hp_gain":0,"max_hp_loss":0,"event_name":"Falling","floor":42,"gold_loss":0}],"is_beta":false,"boss_relics":[{"not_picked":["Snecko Eye","Ectoplasm"],"picked":"Cursed Key"},{"not_picked":["Astrolabe","Runic Dome"],"picked":"Black Star"}],"items_purged_floors":[20,28,36,40,47],"is_endless":false,"potions_floor_spawned":[1,7,12,14,21,23,33,35,38,46],"ascension_level":0}}