{"host":"c3lc60y5x60jlt1y","time":1610036881,"event":{"mods":["AchievementEnabler","BaseMod","Bestiary","Colored Map","Minty Spire (QoL Compilation)","Quick Restart","StSLib","ojb\u0027s Info Mod"],"gold_per_floor":[112,112,112,126,143,143,177,177,177,204,204,221,240,258,258,353,353,370,370,383,393,393,428,442,475,475,475,475],"floor_reached":27,"playtime":1516,"items_purged":[],"score":278,"play_id":"67f8e21c-700c-44ae-93fa-826904bc72a6","local_time":"20210107182801","is_ascension_mode":true,"campfire_choices":[{"data":"Zap","floor":6,"key":"SMITH"},{"floor":8,"key":"REST"},{"data":"Self Repair","floor":11,"key":"SMITH"},{"data":"Genetic Algorithm","floor":15,"key":"SMITH"}],"circlet_count":0,"master_deck":["Strike_B","Strike_B","Defend_B","Defend_B","Defend_B","Zap+1","Dualcast","Undo","Ball Lightning","Hologram","Self Repair+1","Ball Lightning","Coolheaded","Genetic Algorithm+1","Thunder Strike","CurseOfTheBell","Ball Lightning","Chaos","Hello World"],"relics":["Empty Cage","Tiny Chest","DataDisk","Symbiotic Virus","Pen Nib","Calling Bell","Orichalcum","Sundial","Lizard Tail","Shuriken","Letter Opener","Strawberry","InkBottle"],"acts_visited":["Exordium","TheCity"],"potions_floor_usage":[23,27],"damage_taken":[{"damage":11,"enemies":"Jaw Worm","floor":1,"turns":3},{"damage":0,"enemies":"2 Louse","floor":4,"turns":4},{"damage":0,"enemies":"Cultist","floor":5,"turns":4},{"damage":42,"enemies":"Gremlin Nob","floor":7,"turns":5},{"damage":18,"enemies":"3 Sentries","floor":10,"turns":6},{"damage":2,"enemies":"Exordium Thugs","floor":12,"turns":4},{"damage":13,"enemies":"Lots of Slimes","floor":13,"turns":4},{"damage":2,"enemies":"Looter","floor":14,"turns":3},{"damage":11,"enemies":"Slime Boss","floor":16,"turns":6},{"damage":13,"enemies":"3 Byrds","floor":18,"turns":4},{"damage":0,"enemies":"Chosen","floor":20,"turns":4},{"damage":33,"enemies":"Centurion and Healer","floor":21,"turns":9},{"damage":49,"enemies":"Slavers","floor":23,"turns":6},{"damage":6,"enemies":"Chosen and Byrds","floor":24,"turns":5},{"damage":33,"enemies":"Gremlin Leader","floor":25,"turns":7},{"damage":37,"enemies":"Slavers","floor":27,"turns":3}],"seed_played":"-3823050787892609616","potions_obtained":[{"floor":1,"key":"BlessingOfTheForge"},{"floor":7,"key":"Fire Potion"},{"floor":12,"key":"GamblersBrew"},{"floor":21,"key":"Weak Potion"},{"floor":23,"key":"GamblersBrew"}],"is_trial":false,"path_per_floor":["M","?","?","M","M","R","E","R","T","E","R","M","M","M","R","B",null,"M","?","M","M","T","E","M","E","T","E"],"character_chosen":"DEFECT","items_purchased":[],"campfire_rested":1,"item_purchase_floors":[],"current_hp_per_floor":[64,64,64,64,64,64,22,44,44,33,33,41,38,46,46,35,75,62,56,66,43,43,45,49,33,33,0,0],"gold":475,"neow_bonus":"BOSS_RELIC","is_daily":false,"chose_seed":false,"campfire_upgraded":3,"win_rate":0.0,"timestamp":1610036881,"path_taken":["M","?","?","?","M","R","E","R","T","E","R","M","M","M","R","BOSS","M","?","M","?","?","E","M","E","T","E"],"items_purchased_type":[],"build_version":"2020-12-22","purchased_purges":0,"victory":false,"max_hp_per_floor":[75,75,75,75,75,75,75,75,75,75,75,75,75,75,75,75,75,75,75,75,75,75,75,75,82,82,82,82],"card_choices":[{"not_picked":["Compile Driver","Coolheaded"],"picked":"Undo","floor":1},{"not_picked":["Barrage","Steam"],"picked":"Ball Lightning","floor":4},{"not_picked":["Conserve Battery","Genetic Algorithm"],"picked":"Hologram","floor":5},{"not_picked":["Stack","Core Surge"],"picked":"Self Repair","floor":7},{"not_picked":["Consume","Leap","Streamline"],"picked":"SKIP","floor":10},{"not_picked":["Conserve Battery","Cold Snap"],"picked":"Ball Lightning","floor":12},{"not_picked":["Turbo","Steam"],"picked":"Coolheaded","floor":13},{"not_picked":["Chill","Barrage"],"picked":"Genetic Algorithm","floor":14},{"not_picked":["All For One","Seek"],"picked":"Thunder Strike","floor":16},{"not_picked":["Redo","Steam","Skim"],"picked":"SKIP","floor":18},{"not_picked":["Rip and Tear","Redo+1"],"picked":"Ball Lightning","floor":20},{"not_picked":["Turbo","Gash","Steam Power"],"picked":"SKIP","floor":21},{"not_picked":["Compile Driver","Gash+1","Double Energy"],"picked":"SKIP","floor":23},{"not_picked":["Hologram","Rip and Tear"],"picked":"Chaos","floor":24},{"not_picked":["Beam Cell","Steam Power"],"picked":"Hello World","floor":25}],"player_experience":7618237,"relics_obtained":[{"floor":7,"key":"DataDisk"},{"floor":9,"key":"Symbiotic Virus"},{"floor":10,"key":"Pen Nib"},{"floor":17,"key":"Orichalcum"},{"floor":17,"key":"Sundial"},{"floor":17,"key":"Lizard Tail"},{"floor":22,"key":"Shuriken"},{"floor":23,"key":"Letter Opener"},{"floor":25,"key":"Strawberry"},{"floor":26,"key":"InkBottle"}],"event_choices":[{"damage_healed":0,"gold_gain":0,"cards_transformed":["Strike_B"],"player_choice":"Change","damage_taken":0,"max_hp_gain":0,"max_hp_loss":0,"event_name":"Living Wall","floor":2,"gold_loss":0,"cards_obtained":["Lockon"]},{"cards_removed":["Lockon"],"damage_healed":0,"gold_gain":0,"player_choice":"Gave Card","damage_taken":0,"relics_obtained":["Tiny Chest"],"max_hp_gain":0,"max_hp_loss":0,"event_name":"WeMeetAgain","floor":3,"gold_loss":0},{"damage_healed":0,"gold_gain":0,"player_choice":"","damage_taken":6,"max_hp_gain":0,"max_hp_loss":0,"event_name":"Knowing Skull","floor":19,"potions_obtained":[],"gold_loss":0,"cards_obtained":[]}],"is_beta":false,"boss_relics":[{"not_picked":["SlaversCollar","Runic Pyramid"],"picked":"Calling Bell"}],"items_purged_floors":[],"is_endless":false,"potions_floor_spawned":[1,7,12,16,21,23,24],"killed_by":"Slavers","ascension_level":1}}