{"host":"dyggtcpod2kd5hqt","time":1610035969,"event":{"mods":["2.2 Compatiblity","AchievementEnabler","BaseMod","Bestiary","Block Reminder","Colored Map","Colored Powertips","Minty Spire (QoL Compilation)","Quick Restart","Rare Cards Sparkle","Relic Stats","Unknown Chances"],"gold_per_floor":[112,129,58,58,10,44,44,79,79,29,41,58,58,92,92,195,195,215,226,1,21,21,350,350,14,14,26,49,94,116,161,173,282,294,316,346,430,490,552,595,29,61,61,80,105,115,115,115,115,115,115,115,46,76,76],"floor_reached":56,"playtime":4886,"items_purged":["Defend_B","Decay"],"score":1940,"play_id":"af6481af-dd34-4bd8-8db6-abdcb5351bce","local_time":"20210107111249","is_ascension_mode":true,"campfire_choices":[{"data":"Dualcast","floor":13,"key":"SMITH"},{"data":"Zap","floor":15,"key":"SMITH"},{"data":"Creative AI","floor":24,"key":"SMITH"},{"data":"Scrape","floor":27,"key":"SMITH"},{"floor":32,"key":"REST"},{"floor":47,"key":"RECALL"},{"data":"Madness","floor":49,"key":"SMITH"},{"data":"Machine Learning","floor":52,"key":"SMITH"}],"circlet_count":0,"master_deck":["Strike_B","Defend_B","Zap+1","Dualcast+1","Self Repair","Gash+1","Gash","Go for the Eyes+1","Steam","Skim","Leap","Beam Cell","Sweeping Beam","Scrape+1","Creative AI+1","Echo Form+1","Steam+1","Buffer+1","Redo+1","Gash","Glacier+1","Seek+1","Steam Power","White Noise+1","BootSequence+1","Machine Learning+1","Self Repair+1","Rebound+1","Go for the Eyes+1","Consume+1","Steam+1","Loop+1","Madness+1","White Noise"],"relics":["Cracked Core","NeowsBlessing","HornCleat","Turnip","Pear","Potion Belt","Astrolabe","Bronze Scales","Old Coin","Matryoshka","Bag of Preparation","MawBank","Art of War","Singing Bowl","Inserter","Toy Ornithopter","Mummified Hand","Dead Branch","Incense Burner","PreservedInsect","Kunai","Lantern","Mercury Hourglass","War Paint","Sundial"],"acts_visited":["Exordium","TheCity","TheBeyond","TheEnding"],"potions_floor_usage":[23,23,29,31,31,38,38,54,55,55,55],"damage_taken":[{"damage":0,"enemies":"Jaw Worm","floor":1,"turns":1},{"damage":0,"enemies":"2 Louse","floor":2,"turns":1},{"damage":0,"enemies":"Gremlin Nob","floor":6,"turns":1},{"damage":10,"enemies":"Lagavulin","floor":8,"turns":5},{"damage":0,"enemies":"Small Slimes","floor":11,"turns":3},{"damage":9,"enemies":"Red Slaver","floor":12,"turns":3},{"damage":15,"enemies":"3 Sentries","floor":14,"turns":6},{"damage":29,"enemies":"Slime Boss","floor":16,"turns":9},{"damage":10,"enemies":"2 Thieves","floor":18,"turns":4},{"damage":0,"enemies":"3 Byrds","floor":19,"turns":5},{"damage":0,"enemies":"Sentry and Sphere","floor":21,"turns":6},{"damage":29,"enemies":"Book of Stabbing","floor":23,"turns":5},{"damage":0,"enemies":"Chosen and Byrds","floor":28,"turns":4},{"damage":11,"enemies":"Slavers","floor":29,"turns":6},{"damage":8,"enemies":"Centurion and Healer","floor":30,"turns":6},{"damage":27,"enemies":"Gremlin Leader","floor":31,"turns":4},{"damage":1,"enemies":"Champ","floor":33,"turns":8},{"damage":10,"enemies":"3 Darklings","floor":35,"turns":6},{"damage":0,"enemies":"3 Shapes","floor":36,"turns":3},{"damage":1,"enemies":"2 Orb Walkers","floor":38,"turns":5},{"damage":0,"enemies":"Mind Bloom Boss Battle","floor":39,"turns":6},{"damage":1,"enemies":"Nemesis","floor":40,"turns":7},{"damage":0,"enemies":"Giant Head","floor":42,"turns":8},{"damage":0,"enemies":"Spire Growth","floor":44,"turns":4},{"damage":0,"enemies":"Nemesis","floor":45,"turns":6},{"damage":5,"enemies":"3 Darklings","floor":46,"turns":2},{"damage":0,"enemies":"Donu and Deca","floor":50,"turns":5},{"damage":9,"enemies":"Shield and Spear","floor":54,"turns":4},{"damage":75,"enemies":"The Heart","floor":55,"turns":8}],"seed_played":"-390719919554230817","potions_obtained":[{"floor":2,"key":"Block Potion"},{"floor":8,"key":"CultistPotion"},{"floor":12,"key":"AttackPotion"},{"floor":14,"key":"PotionOfCapacity"},{"floor":16,"key":"Swift Potion"},{"floor":29,"key":"Explosive Potion"},{"floor":30,"key":"EssenceOfSteel"},{"floor":31,"key":"Explosive Potion"},{"floor":35,"key":"SkillPotion"},{"floor":36,"key":"Swift Potion"},{"floor":42,"key":"Regen Potion"},{"floor":45,"key":"EssenceOfSteel"}],"is_trial":false,"path_per_floor":["M","M","$","?","$","E","?","E","T","?","M","M","R","E","R","B",null,"M","M","$","M","?","E","R","$","T","R","M","E","M","E","R","B",null,"M","M","T","?","?","E","$","E","T","M","E","M","R","?","R","B",null,"R","$","E","B",null],"character_chosen":"DEFECT","items_purchased":["Gash","Go for the Eyes","Steam","Bronze Scales","Matryoshka","Seek","Kunai","Consume","Lantern","White Noise"],"campfire_rested":1,"item_purchase_floors":[3,3,5,20,25,25,41,41,41,53],"current_hp_per_floor":[68,68,68,68,68,68,53,50,60,60,67,65,65,50,50,28,71,61,61,61,68,68,46,46,46,46,46,46,35,41,28,53,59,79,76,83,83,87,89,89,89,89,89,89,91,93,93,93,93,93,93,93,93,95,63],"gold":76,"neow_bonus":"THREE_ENEMY_KILL","is_daily":false,"chose_seed":false,"campfire_upgraded":6,"win_rate":0.0,"timestamp":1610035969,"path_taken":["M","M","$","?","?","E","?","E","T","?","M","M","R","E","R","BOSS","M","M","$","M","?","E","R","$","T","R","M","E","?","E","R","BOSS","M","M","?","?","?","E","$","E","T","M","E","?","R","?","R","BOSS","R","$","E","BOSS"],"items_purchased_type":["Card","Card","Card","Relic","Relic","Card","Relic","Card","Relic","Card"],"build_version":"2020-12-22","purchased_purges":2,"victory":true,"max_hp_per_floor":[75,75,75,75,75,75,75,75,85,85,85,85,85,85,85,85,85,85,85,85,85,85,85,85,85,85,85,85,85,85,85,85,85,85,85,85,85,87,89,89,89,89,89,89,91,93,93,93,93,93,93,93,93,95,95],"relic_stats":{"Inserter":[32],"Singing Bowl":10,"counters":[29,141],"Astrolabe":["Echo Form","Steam","Buffer"],"Dead Branch":[42],"PreservedInsect":257,"Bag of Preparation":[34],"War Paint":["Seek","Consume"],"MawBank":180,"Mercury Hourglass":[96],"Mummified Hand":[166],"Sundial":[0],"Bronze Scales":[392],"Turnip":[17],"Art of War":[4],"Kunai":[24],"obtain_stats":[{"Lantern":41,"Singing Bowl":31,"Bag of Preparation":26,"Incense Burner":39,"Old Coin":23,"HornCleat":6,"Matryoshka":25,"Mummified Hand":37,"Sundial":54,"Kunai":41,"Cracked Core":0,"Potion Belt":14,"Pear":9,"Inserter":34,"NeowsBlessing":0,"Astrolabe":17,"Dead Branch":38,"PreservedInsect":40,"War Paint":45,"MawBank":26,"Mercury Hourglass":42,"Bronze Scales":20,"Turnip":8,"Art of War":29,"Toy Ornithopter":37},{"Lantern":22,"Singing Bowl":16,"Bag of Preparation":12,"Incense Burner":21,"Old Coin":12,"HornCleat":3,"Matryoshka":12,"Mummified Hand":19,"Sundial":28,"Kunai":22,"Cracked Core":0,"Potion Belt":7,"Pear":4,"Inserter":17,"NeowsBlessing":0,"Astrolabe":8,"Dead Branch":20,"PreservedInsect":22,"War Paint":25,"MawBank":12,"Mercury Hourglass":23,"Bronze Scales":10,"Turnip":4,"Art of War":14,"Toy Ornithopter":19},{"Lantern":104,"Singing Bowl":69,"Bag of Preparation":49,"Incense Burner":97,"Old Coin":49,"HornCleat":3,"Matryoshka":49,"Mummified Hand":86,"Sundial":133,"Kunai":104,"Cracked Core":0,"Potion Belt":20,"Pear":8,"Inserter":77,"NeowsBlessing":0,"Astrolabe":29,"Dead Branch":91,"PreservedInsect":104,"War Paint":122,"MawBank":49,"Mercury Hourglass":112,"Bronze Scales":38,"Turnip":8,"Art of War":59,"Toy Ornithopter":86}],"Toy Ornithopter":15},"card_choices":[{"not_picked":["Barrage","Turbo"],"picked":"Self Repair","floor":1},{"not_picked":["Steam","Fusion"],"picked":"Gash","floor":2},{"not_picked":["Redo","Recycle"],"picked":"Skim","floor":6},{"not_picked":["Conserve Battery","Reprogram"],"picked":"Leap","floor":8},{"not_picked":["Hologram","Turbo"],"picked":"Beam Cell","floor":11},{"not_picked":["Coolheaded","Skim"],"picked":"Sweeping Beam","floor":12},{"not_picked":["Rebound","Melter"],"picked":"Scrape","floor":14},{"not_picked":["Rainbow","Biased Cognition"],"picked":"Creative AI","floor":16},{"not_picked":["Hologram","Cold Snap+1"],"picked":"Redo+1","floor":18},{"not_picked":["Compile Driver","Force Field+1","Rip and Tear"],"picked":"SKIP","floor":19},{"not_picked":["Blizzard","Turbo"],"picked":"Gash","floor":21},{"not_picked":["Cold Snap+1","Compile Driver"],"picked":"Glacier+1","floor":23},{"not_picked":["Static Discharge","Cold Snap"],"picked":"Steam Power","floor":28},{"not_picked":["Streamline","Chaos","Reprogram"],"picked":"SKIP","floor":29},{"not_picked":["Hologram","Cold Snap+1"],"picked":"White Noise+1","floor":30},{"not_picked":["Beam Cell","Streamline"],"picked":"BootSequence+1","floor":31},{"not_picked":["Multi-Cast","Biased Cognition"],"picked":"Machine Learning","floor":33},{"not_picked":["Hello World+1","Storm"],"picked":"Self Repair+1","floor":35},{"not_picked":["Steam","Skim"],"picked":"Rebound+1","floor":36},{"not_picked":["Coolheaded+1","Hologram","Double Energy"],"picked":"Singing Bowl","floor":38},{"not_picked":["Ball Lightning","Hello World","Beam Cell"],"picked":"Singing Bowl","floor":39},{"not_picked":["Self Repair","Ball Lightning"],"picked":"Go for the Eyes+1","floor":40},{"not_picked":["Beam Cell","Rip and Tear+1"],"picked":"Steam+1","floor":42},{"not_picked":["Doom and Gloom+1","Multi-Cast"],"picked":"Loop+1","floor":44},{"not_picked":["Cold Snap+1","Rebound","Stack"],"picked":"Singing Bowl","floor":45},{"not_picked":["Conserve Battery","Go for the Eyes+1","Hologram+1"],"picked":"Singing Bowl","floor":46},{"not_picked":["Discovery","Master of Strategy"],"picked":"Madness","floor":48},{"not_picked":["Undo+1","Leap","Go for the Eyes"],"picked":"Singing Bowl","floor":54}],"player_experience":513905,"relics_obtained":[{"floor":6,"key":"HornCleat"},{"floor":8,"key":"Turnip"},{"floor":9,"key":"Pear"},{"floor":14,"key":"Potion Belt"},{"floor":23,"key":"Old Coin"},{"floor":26,"key":"Bag of Preparation"},{"floor":26,"key":"MawBank"},{"floor":29,"key":"Art of War"},{"floor":31,"key":"Singing Bowl"},{"floor":37,"key":"Toy Ornithopter"},{"floor":37,"key":"Mummified Hand"},{"floor":38,"key":"Dead Branch"},{"floor":39,"key":"Incense Burner"},{"floor":40,"key":"PreservedInsect"},{"floor":42,"key":"Mercury Hourglass"},{"floor":45,"key":"War Paint"},{"floor":54,"key":"Sundial"}],"event_choices":[{"cards_removed":["Strike_B"],"damage_healed":0,"gold_gain":0,"player_choice":"Forget","damage_taken":0,"max_hp_gain":0,"max_hp_loss":0,"event_name":"Living Wall","floor":4,"gold_loss":0},{"damage_healed":0,"gold_gain":0,"player_choice":"Entered Light","damage_taken":15,"max_hp_gain":0,"max_hp_loss":0,"event_name":"Shining Light","floor":7,"gold_loss":0,"cards_upgraded":["Go for the Eyes","Gash"]},{"cards_removed":["Defend_B"],"damage_healed":0,"gold_gain":0,"player_choice":"Card Removal","damage_taken":0,"max_hp_gain":0,"max_hp_loss":0,"event_name":"The Cleric","floor":10,"gold_loss":50},{"damage_healed":0,"gold_gain":0,"player_choice":"Cursed","damage_taken":0,"max_hp_gain":0,"max_hp_loss":0,"event_name":"Wheel of Change","floor":22,"gold_loss":0,"cards_obtained":["Decay"]},{"damage_healed":0,"gold_gain":0,"player_choice":"Fight","damage_taken":0,"max_hp_gain":0,"max_hp_loss":0,"event_name":"Mysterious Sphere","floor":38,"gold_loss":0},{"damage_healed":0,"gold_gain":0,"player_choice":"Fight","damage_taken":0,"max_hp_gain":0,"max_hp_loss":0,"event_name":"MindBloom","floor":39,"gold_loss":0},{"damage_healed":0,"gold_gain":0,"player_choice":"Memory 1","damage_taken":0,"max_hp_gain":0,"max_hp_loss":0,"event_name":"SensoryStone","floor":48,"gold_loss":0}],"is_beta":false,"boss_relics":[{"not_picked":["FrozenCore","Pandora\u0027s Box"],"picked":"Astrolabe"},{"not_picked":["Calling Bell","Philosopher\u0027s Stone"],"picked":"Inserter"}],"items_purged_floors":[20,41],"is_endless":false,"potions_floor_spawned":[2,8,12,14,16,19,29,30,31,35,36,42,45],"ascension_level":8}}