{"host":"6dypmz777xraikqf","time":1610053201,"event":{"mods":["AchievementEnabler","BaseMod","BetterRewards","Colored Map","Colored Powertips","Downfall","Highlight Path","Hubris","Infinite Spire","Minty Spire (QoL Compilation)","Replay The Spire","StSLib"],"gold_per_floor":[109,123,222,222,241,276,276,301,301,321,351,351,361,379,379,481,481,498,498,498,510,62,62,96,96,120,138,158,158,158,191,191,292,292,310,35,35,35,46,71,71,90,117,17,28,57,57,68,68,165,165,165],"floor_reached":51,"playtime":2789,"items_purged":["Strike_G","Strike_G","Strike_G"],"score":1083,"play_id":"12fcff45-ac64-493d-a84b-2912002efb56","local_time":"20210107210001","is_ascension_mode":true,"campfire_choices":[{"floor":12,"key":"REST"},{"floor":15,"key":"REST"},{"floor":23,"key":"REST"},{"data":"Bullet Time","floor":29,"key":"SMITH"},{"data":"Venomology","floor":32,"key":"SMITH"},{"data":"ReplayTheSpireMod:Restless Dread","floor":49,"key":"PURGE"}],"circlet_count":0,"master_deck":["Defend_G","Defend_G","Defend_G+1","Defend_G","Survivor","Neutralize+1","Deadly Poison","Masterful Stab","Bouncing Flask","Sneak Up","Deadly Poison","Bane+1","Envenom","Dagger Throw+1","Backflip+1","Skewer+1","Backflip","Bullet Time+1","Backstab+1","Poison Darts","infinitespire:Starlight","ReplayTheSpireMod:Speed Training","Flechettes+1","Replay:Sssssssssshield","Prepared","Slimebound:CheckThePlaybook","Venomology+1","Wraith Form v2","Expertise+1","Noxious Fumes","Bouncing Flask+1","ReplayTheSpireMod:Speed Training+1","Bouncing Flask","expansioncontent:Collect","Replay:Dark Deal","Deflect+1","Backflip+1","Cloak And Dagger","Doppelganger","A Thousand Cuts","AbeCurse"],"relics":["hubris:RunicObelisk","hubris:Icosahedron","Molten Egg 2","Mercury Hourglass","Calipers","hubris:SlimyHat","Bronze Scales","Runic Pyramid","infinitespire:Broken Mirror","Anchor","hubris:AncientText","Blue Doll","War Paint","Pen Nib","Fusion Hammer","hubris:HerbalPaste","Whetstone","Pocketwatch","infinitespire:Satchel","ReplayTheSpireMod:CursedCoin","Replay:Multitool","Abe\u0027s Treasure"],"acts_visited":["Exordium","TheCity","TheBeyond","Exordium"],"potions_floor_usage":[8,11,16,16,33,33,33,33,39,39,42,42,45,48,50,50,50],"damage_taken":[{"damage":0,"enemies":"Cultist","floor":1,"turns":5},{"damage":3,"enemies":"Jaw Worm","floor":2,"turns":4},{"damage":0,"enemies":"Small Slimes","floor":5,"turns":3},{"damage":25,"enemies":"Lagavulin","floor":6,"turns":5},{"damage":10,"enemies":"3 Sentries","floor":8,"turns":4},{"damage":6,"enemies":"Exordium Thugs","floor":10,"turns":3},{"damage":17,"enemies":"Gremlin Nob","floor":11,"turns":4},{"damage":0,"enemies":"Exordium Wildlife","floor":13,"turns":2},{"damage":0,"enemies":"2 Fungi Beasts","floor":14,"turns":3},{"damage":3,"enemies":"The Guardian","floor":16,"turns":7},{"damage":14,"enemies":"Spheric Guardian","floor":18,"turns":4},{"damage":14,"enemies":"3 Byrds","floor":21,"turns":3},{"damage":0,"enemies":"Nightmare","floor":24,"turns":4},{"damage":3,"enemies":"Centurion and Healer","floor":27,"turns":3},{"damage":0,"enemies":"Snake Plant","floor":28,"turns":2},{"damage":14,"enemies":"Slavers","floor":31,"turns":4},{"damage":23,"enemies":"Automaton","floor":33,"turns":10},{"damage":31,"enemies":"3 Darklings","floor":35,"turns":3},{"damage":0,"enemies":"3 Shapes","floor":39,"turns":4},{"damage":3,"enemies":"Giant Head","floor":40,"turns":7},{"damage":12,"enemies":"Transient","floor":42,"turns":5},{"damage":0,"enemies":"4 Shapes","floor":45,"turns":4},{"damage":8,"enemies":"R_Hoarder","floor":46,"turns":7},{"damage":11,"enemies":"Sphere and 2 Shapes","floor":48,"turns":4},{"damage":5,"enemies":"infinitespire:MassOfShapes","floor":50,"turns":9}],"seed_played":"1729734031433737992","potions_obtained":[{"floor":6,"key":"BlessingOfTheForge"},{"floor":8,"key":"Block Potion"},{"floor":11,"key":"Swift Potion"},{"floor":13,"key":"ColorlessPotion"},{"floor":14,"key":"SteroidPotion"},{"floor":18,"key":"FearPotion"},{"floor":27,"key":"Block Potion"},{"floor":31,"key":"GhostInAJar"},{"floor":33,"key":"Strength Potion"},{"floor":35,"key":"Energy Potion"},{"floor":42,"key":"Fire Potion"},{"floor":50,"key":"DuplicationPotion"}],"is_trial":false,"path_per_floor":["M","M","?","?","M","E","?","E","T","M","E","R","M","M","R","B",null,"M","?","AVR","M","$","R","NM","?","T","M","M","R","?","E","R","B",null,"M","$","?","$","M","E","AVR","M","T","$","M","E","R","M","R","B",null],"character_chosen":"THE_SILENT","items_purchased":["Anchor","ReplayTheSpireMod:Speed Training","hubris:AncientText","Noxious Fumes","hubris:HerbalPaste","ReplayTheSpireMod:CursedCoin","expansioncontent:Collect","Replay:Dark Deal"],"campfire_rested":3,"item_purchase_floors":[22,22,22,36,36,44,44,44],"current_hp_per_floor":[63,60,60,60,60,35,35,25,25,19,2,23,23,23,44,41,63,49,49,49,45,45,66,66,66,66,63,63,63,63,49,49,36,56,35,35,73,73,73,71,71,61,61,61,73,66,66,71,71,68,72,72],"gold":165,"neow_bonus":"BOSS_RELIC","is_daily":false,"chose_seed":false,"campfire_upgraded":2,"win_rate":0.0,"timestamp":1610053201,"path_taken":["M","M","?","?","M","E","?","E","T","M","E","R","?","M","R","BOSS","M","?","AVR","M","$","R","NM","?","T","?","M","R","?","E","R","BOSS","M","$","?","?","M","E","AVR","?","T","$","M","E","R","?","R","BOSS"],"items_purchased_type":["Relic","Card","Relic","Card","Relic","Relic","Card","Card"],"build_version":"2020-12-22","purchased_purges":3,"victory":false,"max_hp_per_floor":[70,70,70,70,70,70,70,70,70,70,70,70,70,70,70,70,70,70,70,70,70,70,70,70,70,70,70,70,70,63,63,63,63,63,63,63,73,73,73,73,73,73,73,73,73,73,73,73,73,73,73,73],"card_choices":[{"not_picked":["Deflect","Acrobatics"],"picked":"Deadly Poison","floor":1},{"not_picked":["Prepared","Dagger Spray"],"picked":"Masterful Stab","floor":2},{"not_picked":["Outmaneuver","Fluid Movement"],"picked":"Bouncing Flask","floor":3},{"not_picked":["Choke","Sucker Punch"],"picked":"Sneak Up","floor":3},{"not_picked":["Calculated Gamble","Toxin Wave"],"picked":"Deadly Poison","floor":3},{"not_picked":["Well Laid Plans","hubris:SlightOfHand"],"picked":"Bane","floor":5},{"not_picked":["Outmaneuver","Blur"],"picked":"Envenom","floor":6},{"not_picked":["Slice+1","ReplayTheSpireMod:Scrap Shanks"],"picked":"Dagger Throw+1","floor":8},{"not_picked":["Underhanded Strike+1","Hidden Blade"],"picked":"Backflip","floor":10},{"not_picked":["Eviscerate+1","Underhanded Strike+1"],"picked":"Skewer+1","floor":11},{"not_picked":["Concentrate","Hidden Blade"],"picked":"Backflip","floor":13},{"not_picked":["hubris:SlightOfHand","Accuracy","PiercingWail"],"picked":"SKIP","floor":14},{"not_picked":["Replay:Bag of Tricks","Storm of Steel"],"picked":"Bullet Time","floor":16},{"not_picked":["Blade Dance+1","Bane+1"],"picked":"Backstab+1","floor":18},{"not_picked":["Hidden Blade","Dagger Spray+1","ReplayTheSpireMod:Tripwire"],"picked":"SKIP","floor":21},{"not_picked":["Outmaneuver+1","hubris:Counter+1"],"picked":"Flechettes+1","floor":24},{"not_picked":["Blade Dance+1","Accuracy","hubris:Sniper"],"picked":"SKIP","floor":27},{"not_picked":["Deflect","Hidden Blade"],"picked":"Prepared","floor":28},{"not_picked":["Bouncing Flask","ReplayTheSpireMod:Scrap Shanks"],"picked":"Venomology","floor":31},{"not_picked":["ReplayTheSpireMod:From All Sides+1","Storm of Steel"],"picked":"Wraith Form v2","floor":33},{"not_picked":["Sucker Punch+1","Cloak And Dagger"],"picked":"Expertise+1","floor":35},{"not_picked":["Dagger Spray+1","Dagger Throw+1"],"picked":"Bouncing Flask+1","floor":39},{"not_picked":["Cloak And Dagger+1","Bouncing Flask"],"picked":"ReplayTheSpireMod:Speed Training+1","floor":40},{"not_picked":["Envenom","Dodge and Roll"],"picked":"Bouncing Flask","floor":42},{"not_picked":["Cloak And Dagger","Deadly Poison"],"picked":"Deflect+1","floor":45},{"not_picked":["Bane+1","Bouncing Flask"],"picked":"Backflip+1","floor":46},{"not_picked":["Bane+1","Flying Knee+1"],"picked":"Doppelganger","floor":48},{"not_picked":["Storm of Steel","Atom Bomb+1"],"picked":"A Thousand Cuts","floor":50}],"player_experience":134759,"relics_obtained":[{"floor":6,"key":"Molten Egg 2"},{"floor":8,"key":"Calipers"},{"floor":9,"key":"hubris:SlimyHat"},{"floor":11,"key":"Bronze Scales"},{"floor":24,"key":"Blue Doll"},{"floor":26,"key":"War Paint"},{"floor":31,"key":"Pen Nib"},{"floor":40,"key":"Whetstone"},{"floor":43,"key":"infinitespire:Satchel"},{"floor":46,"key":"Replay:Multitool"}],"event_choices":[{"damage_healed":0,"gold_gain":0,"player_choice":"Gave Potion","damage_taken":0,"relics_obtained":["Mercury Hourglass"],"max_hp_gain":0,"max_hp_loss":0,"event_name":"WeMeetAgain","floor":7,"gold_loss":0},{"damage_healed":0,"gold_gain":0,"cards_transformed":["Strike_G","Strike_G"],"player_choice":"Became Test Subject","damage_taken":0,"max_hp_gain":0,"max_hp_loss":0,"event_name":"Drug Dealer","floor":19,"gold_loss":0,"cards_obtained":["Poison Darts","Atom Bomb"]},{"damage_healed":0,"gold_gain":0,"player_choice":"1 cards matched","damage_taken":0,"max_hp_gain":0,"max_hp_loss":0,"event_name":"Match and Keep!","floor":25,"gold_loss":0,"cards_obtained":["Replay:Sssssssssshield"]},{"cards_removed":["Atom Bomb"],"damage_healed":28,"gold_gain":0,"player_choice":"Offered Rare","damage_taken":0,"max_hp_gain":10,"max_hp_loss":0,"event_name":"Bonfire Elementals","floor":37,"gold_loss":0}],"is_beta":false,"boss_relics":[{"not_picked":["Pandora\u0027s Box","ReplayTheSpireMod:DimensionalGlitch"],"picked":"Runic Pyramid"},{"not_picked":["Philosopher\u0027s Stone","infinitespire:Cupcake"],"picked":"Fusion Hammer"},{"not_picked":["Replay:Grab Bag","hubris:ScarierMask"],"picked":"Abe\u0027s Treasure"}],"items_purged_floors":[22,36,41],"is_endless":true,"potions_floor_spawned":[6,8,11,13,14,18,27,31,33,35,42,45,50],"ascension_level":7}}