{"host":"baymyijz6sxaqj5s","time":1610017816,"event":{"mods":["AchievementEnabler","BaseMod","Colored Map","Colored Powertips","DeckTracker","Highlight Path","KOR Keyword Fix","Keyboard Shortcuts","Minty Spire (QoL Compilation)","Quick Restart","StSLib","SuperFastMode"],"gold_per_floor":[118,130,130,130,153,199,211,233,245,222,245,273,360,433,445,457,457],"floor_reached":16,"playtime":374,"items_purged":[],"score":122,"play_id":"77e08bdf-4af3-40b6-a45f-39de23ce8633","local_time":"20210107201016","is_ascension_mode":true,"campfire_choices":[{"floor":7,"key":"REST"},{"floor":15,"key":"REST"}],"circlet_count":0,"master_deck":["Strike_G","Strike_G","Strike_G","Strike_G","Strike_G","Defend_G","Defend_G","Defend_G","Defend_G","Defend_G","Survivor","Neutralize","Deadly Poison","Catalyst","Poisoned Stab","Deadly Poison","All Out Attack","Backflip"],"relics":["Ring of the Snake","Mummified Hand","MawBank","Bronze Scales","Du-Vu Doll","Bottled Flame"],"acts_visited":["Exordium"],"potions_floor_usage":[14,14,16],"damage_taken":[{"damage":1,"enemies":"Cultist","floor":1,"turns":4},{"damage":4,"enemies":"Small Slimes","floor":2,"turns":4},{"damage":0,"enemies":"2 Louse","floor":5,"turns":4},{"damage":31,"enemies":"Lagavulin","floor":6,"turns":7},{"damage":8,"enemies":"Blue Slaver","floor":8,"turns":3},{"damage":11,"enemies":"Exordium Wildlife","floor":11,"turns":4},{"damage":1,"enemies":"2 Fungi Beasts","floor":12,"turns":3},{"damage":34,"enemies":"Gremlin Nob","floor":14,"turns":4},{"damage":43,"enemies":"Slime Boss","floor":16,"turns":8}],"seed_played":"-7639682647055605284","potions_obtained":[{"floor":5,"key":"GamblersBrew"},{"floor":11,"key":"PowerPotion"},{"floor":12,"key":"FearPotion"}],"is_trial":false,"path_per_floor":["M","M","T","?","M","E","R","M","T","?","M","M","?","?","R","B"],"character_chosen":"THE_SILENT","items_purchased":[],"campfire_rested":2,"item_purchase_floors":[],"current_hp_per_floor":[76,72,72,65,65,34,57,49,49,68,57,56,45,11,34,0,0],"gold":457,"neow_bonus":"TEN_PERCENT_HP_BONUS","is_daily":false,"chose_seed":false,"campfire_upgraded":0,"win_rate":0.0,"timestamp":1610017816,"path_taken":["M","M","?","?","M","E","R","M","T","?","M","M","?","?","R","BOSS"],"items_purchased_type":[],"build_version":"2020-12-22","purchased_purges":0,"victory":false,"max_hp_per_floor":[77,77,77,77,77,77,77,77,77,77,77,77,77,77,77,77,77],"card_choices":[{"not_picked":["Deflect","All Out Attack"],"picked":"Deadly Poison","floor":1},{"not_picked":["Caltrops","Skewer"],"picked":"Catalyst","floor":2},{"not_picked":["Eviscerate","Blade Dance"],"picked":"Poisoned Stab","floor":5},{"not_picked":["Flechettes","Dodge and Roll"],"picked":"Deadly Poison","floor":6},{"not_picked":["Blade Dance","Terror","Eviscerate"],"picked":"SKIP","floor":8},{"not_picked":["Backstab","Bane"],"picked":"All Out Attack","floor":11},{"not_picked":["Dodge and Roll","Quick Slash","Cloak And Dagger"],"picked":"SKIP","floor":12},{"not_picked":["Crippling Poison","Dagger Spray"],"picked":"Backflip","floor":14}],"player_experience":79928,"relics_obtained":[{"floor":3,"key":"Mummified Hand"},{"floor":6,"key":"Bronze Scales"},{"floor":9,"key":"Du-Vu Doll"},{"floor":14,"key":"Bottled Flame"}],"event_choices":[{"damage_healed":0,"gold_gain":0,"player_choice":"Success","damage_taken":7,"relics_obtained":["MawBank"],"max_hp_gain":0,"max_hp_loss":0,"event_name":"Scrap Ooze","floor":4,"gold_loss":0},{"damage_healed":19,"gold_gain":0,"player_choice":"Healed","damage_taken":0,"max_hp_gain":0,"max_hp_loss":0,"event_name":"The Cleric","floor":10,"gold_loss":35},{"damage_healed":0,"gold_gain":75,"player_choice":"Gather Gold","damage_taken":11,"max_hp_gain":0,"max_hp_loss":0,"event_name":"World of Goop","floor":13,"gold_loss":0},{"damage_healed":0,"gold_gain":30,"player_choice":"Searched \u00272\u0027 times","damage_taken":0,"max_hp_gain":0,"max_hp_loss":0,"event_name":"Dead Adventurer","floor":14,"gold_loss":0}],"is_beta":false,"boss_relics":[],"items_purged_floors":[],"is_endless":false,"potions_floor_spawned":[5,11,12],"killed_by":"Slime Boss","ascension_level":4}}