{"host":"c78wly9r9u34kc2l","time":1610023269,"event":{"mods":["AchievementEnabler","Aspiration","BaseMod","Better Altar","Better Skull","Better Third Choice","BetterRewards","Card Forge","Colored Powertips","Conspire","Displayed Cursed Tome","Highlight Path","Hubris","Infinite Spire","Mimic Mod","Minty Spire (QoL Compilation)","Permanent Neow","Quick Restart","Replay The Spire","Shop Mod","Spicy Shops","Spikes Relics","StSLib"],"gold_per_floor":[117,117,127,141,141,170,180,196,230,230,265,265,299,316,316,395,395,410,427,445,445,457,486,504,524,558,235,246,260,270,302,302,378,378,390,421,441,466,366,398,398,428,428,428,446,476,476,502,502,502,502,502,502,502,528,528],"floor_reached":57,"playtime":2447,"items_purged":[],"score":4122,"play_id":"e3306729-837b-471d-a427-c27dead671be","local_time":"20210107134109","is_ascension_mode":true,"campfire_choices":[{"floor":10,"key":"RECALL"},{"data":"Metallicize","floor":12,"key":"SMITH"},{"floor":15,"key":"REST"},{"floor":32,"key":"REST"},{"floor":41,"key":"REST"},{"data":"Replay:Undeath\u0027s Touch","floor":44,"key":"SMITH"},{"data":"Iron Wave","floor":47,"key":"SMITH"},{"data":"Limit Break","floor":49,"key":"SMITH"},{"floor":53,"key":"REST"}],"circlet_count":0,"master_deck":["AscendersBane","Strike_R+1","Strike_R+1","Strike_R+1","Defend_R+1","Defend_R+1","Defend_R+1","Defend_R+1","Bash+1","Sword Boomerang+1","Double Tap+1","Intimidate+1","Thunderclap+1","Heavy Blade+1","Metallicize+1","Sword Boomerang+1","Shrug It Off+1","Pommel Strike+1","Armaments+1","ReplayTheSpireMod:Muscle Training+1","Dual Wield+1","ReplayReversal+1","Reaper+1","Body Slam+1","Sword Boomerang+1","Bloodletting+1","infinitespire:NeuralNetwork+1","Bloodletting+1","Cleave+1","Anger+1","Inflame+1","Reaper+1","Warcry+1","hubris:StunningStrike+1","Twin Strike+1","Uppercut+1","Sentinel+1","Replay:Undeath\u0027s Touch+1","conspire:ExplosiveBarrier+1","Iron Wave+1","Clash+1","Limit Break+1","Inflame+1"],"relics":["Burning Blood","Hammer of Thor","Seething Fire","Anvil of the Gods","MerchantsRug","ClockworkSouvenir","Brimstone","Unceasing Top","Red Skull","HandDrill","Blood Vial","Lizard Tail","hubris:Potato","PreservedInsect","ReplayTheSpireMod:CursedCoin","CherryCoatedStake","hubris:OldNail","conspire:TreasureMap","Pen Nib","hubris:64BitClover","Oddly Smooth Stone","infinitespire:EmpoweringShard","Ice Cream","Bronze Scales","Vajra","Mark of Pain","Kunai","Champion Belt","infinitespire:PuzzleCube","Paper Frog","Sandwich","Happy Flower","conspire:GlowingRock","conspire:DeflatedDodgeball","Orichalcum","Replay:Rubber Ducky","ReplayTheSpireMod:Ninjato","Toy Ornithopter"],"acts_visited":["Exordium","TheCity","TheBeyond","TheEnding"],"potions_floor_usage":[56],"damage_taken":[{"damage":0,"enemies":"conspire:RoseBush","floor":1,"turns":3},{"damage":0,"enemies":"Small Slimes","floor":3,"turns":2},{"damage":0,"enemies":"Cultist","floor":4,"turns":1},{"damage":12,"enemies":"Replay:BlueRogue","floor":6,"turns":2},{"damage":0,"enemies":"Large Slime","floor":7,"turns":2},{"damage":0,"enemies":"2 Fungi Beasts","floor":8,"turns":2},{"damage":9,"enemies":"3 Louse","floor":9,"turns":4},{"damage":0,"enemies":"Lagavulin","floor":11,"turns":2},{"damage":0,"enemies":"Replay:BlueRogue","floor":13,"turns":3},{"damage":0,"enemies":"3 Louse","floor":14,"turns":2},{"damage":0,"enemies":"The Guardian","floor":16,"turns":4},{"damage":0,"enemies":"Chosen","floor":18,"turns":2},{"damage":4,"enemies":"Shell Parasite","floor":19,"turns":2},{"damage":0,"enemies":"Snake Plant","floor":20,"turns":1},{"damage":0,"enemies":"Centurion and Healer","floor":22,"turns":2},{"damage":0,"enemies":"conspire:Head Lice","floor":23,"turns":3},{"damage":0,"enemies":"Sentry and Sphere","floor":24,"turns":2},{"damage":18,"enemies":"Snake Plant","floor":25,"turns":2},{"damage":2,"enemies":"Snecko","floor":26,"turns":4},{"damage":0,"enemies":"Snecko","floor":28,"turns":2},{"damage":5,"enemies":"conspire:HollyBat","floor":29,"turns":5},{"damage":0,"enemies":"Chosen and Byrds","floor":30,"turns":3},{"damage":20,"enemies":"Nightmare","floor":31,"turns":4},{"damage":1,"enemies":"Champ","floor":33,"turns":3},{"damage":11,"enemies":"3 Darklings","floor":35,"turns":2},{"damage":5,"enemies":"conspire:MimicChest","floor":36,"turns":3},{"damage":3,"enemies":"Orb Walker","floor":37,"turns":2},{"damage":0,"enemies":"Mind Bloom Boss Battle","floor":38,"turns":1},{"damage":7,"enemies":"Reptomancer","floor":40,"turns":2},{"damage":0,"enemies":"R_Hoarder","floor":42,"turns":2},{"damage":0,"enemies":"Writhing Mass","floor":45,"turns":2},{"damage":0,"enemies":"Nemesis","floor":46,"turns":1},{"damage":0,"enemies":"R_Hoarder","floor":48,"turns":1},{"damage":23,"enemies":"conspire:OrnateMirror","floor":50,"turns":2},{"damage":0,"enemies":"Time Eater","floor":51,"turns":2},{"damage":0,"enemies":"Shield and Spear","floor":55,"turns":2},{"damage":45,"enemies":"The Heart","floor":56,"turns":6}],"seed_played":"-2032112909612703596","potions_obtained":[{"floor":4,"key":"Elixir"},{"floor":6,"key":"Dexterity Potion"},{"floor":16,"key":"FairyPotion"}],"is_trial":false,"path_per_floor":["M","?","M","M","?","E","M","M","MIM","R","E","R","E","M","R","B",null,"M","M","M","AVR","M","E","M","M","MIM","$","M","M","M","NM","R","B",null,"M","?","M","?","NS","E","R","E","T","R","M","E","R","E","R","B","B",null,"R","$","E","B",null],"character_chosen":"IRONCLAD","items_purchased":["MerchantsRug","ClockworkSouvenir","Brimstone","Unceasing Top","Red Skull","HandDrill","Sword Boomerang","Double Tap","Blood Vial","Intimidate","Lizard Tail","hubris:Potato","PreservedInsect","ReplayTheSpireMod:CursedCoin","CherryCoatedStake","hubris:OldNail","conspire:TreasureMap","Pen Nib","hubris:64BitClover","Champion Belt"],"campfire_rested":4,"item_purchase_floors":[0,0,0,0,0,0,0,0,0,0,0,0,0,0,0,0,0,0,0,27],"current_hp_per_floor":[75,75,75,75,75,69,75,75,72,72,75,75,75,75,75,75,75,75,75,75,75,75,75,75,63,69,69,75,75,75,61,75,75,75,75,75,75,75,75,74,75,75,75,75,75,75,75,75,75,58,66,73,75,75,75,36],"gold":528,"neow_bonus":"","is_daily":false,"chose_seed":false,"campfire_upgraded":4,"win_rate":0.0,"timestamp":1610023269,"path_taken":["M","?","M","M","?","E","M","M","MIM","R","E","R","E","M","R","BOSS","M","M","M","AVR","M","E","M","M","MIM","$","M","M","M","NM","R","BOSS","M","?","M","?","NS","E","R","E","T","R","M","E","R","E","R","BOSS","BOSS","R","$","E","BOSS"],"items_purchased_type":["Relic","Relic","Relic","Relic","Relic","Relic","Card","Card","Relic","Card","Relic","Relic","Relic","Relic","Relic","Relic","Relic","Relic","Relic","Relic"],"build_version":"2020-12-22","purchased_purges":0,"victory":true,"max_hp_per_floor":[75,75,75,75,75,75,75,75,75,75,75,75,75,75,75,75,75,75,75,75,75,75,75,75,75,75,75,75,75,75,75,75,75,75,75,75,75,75,75,75,75,75,75,75,75,75,75,75,75,75,75,75,75,75,75,75],"card_choices":[{"not_picked":["Intimidate","hubris:ReadiedAction"],"picked":"Thunderclap","floor":1},{"not_picked":["Flex","Blood for Blood"],"picked":"Heavy Blade","floor":3},{"not_picked":["Dual Wield","Sword Boomerang"],"picked":"Metallicize","floor":4},{"not_picked":["ReplayTheSpireMod:Limb From Limb","Sentinel"],"picked":"Sword Boomerang","floor":6},{"not_picked":["True Grit","Rupture"],"picked":"Shrug It Off","floor":7},{"not_picked":["hubris:StunningStrike","hubris:ReadiedAction"],"picked":"Pommel Strike","floor":8},{"not_picked":["Rupture","Life Link"],"picked":"Armaments","floor":9},{"not_picked":["Bloodletting","Clothesline"],"picked":"ReplayTheSpireMod:Muscle Training","floor":11},{"not_picked":["Flex","Infernal Blade"],"picked":"Dual Wield","floor":13},{"not_picked":["Armaments","Fiend Fire"],"picked":"ReplayReversal","floor":14},{"not_picked":["Exhume","Berserk"],"picked":"Reaper","floor":16},{"not_picked":["True Grit","Dark Embrace"],"picked":"Body Slam","floor":18},{"not_picked":["Clothesline","hubris:ReadiedAction"],"picked":"Sword Boomerang","floor":19},{"not_picked":["Heavy Blade","Iron Wave"],"picked":"Bloodletting","floor":20},{"not_picked":["hubris:SharpeningStone","Body Slam+1","Run Through"],"picked":"SKIP","floor":22},{"not_picked":["Anger","Immolate","hubris:ReadiedAction"],"picked":"SKIP","floor":23},{"not_picked":["Clash","hubris:CleavingFinish"],"picked":"Bloodletting","floor":24},{"not_picked":["Sentinel","Heavy Blade+1"],"picked":"Cleave","floor":25},{"not_picked":["Invigoration+1","Clash"],"picked":"Anger","floor":26},{"not_picked":["Hemokinesis","Battle Trance"],"picked":"Inflame","floor":28},{"not_picked":["conspire:Charge","hubris:ReadiedAction+1"],"picked":"Reaper","floor":29},{"not_picked":["ReplayTheSpireMod:Corrosion Curse","Warcry","Perfected Strike"],"picked":"SKIP","floor":30},{"not_picked":["Rampage","Wild Strike"],"picked":"Warcry+1","floor":31},{"not_picked":["Hemogenesis","Corruption"],"picked":"hubris:StunningStrike","floor":33},{"not_picked":["Shrug It Off","True Grit"],"picked":"Twin Strike","floor":35},{"not_picked":["Heavy Blade","Combust"],"picked":"Uppercut","floor":36},{"not_picked":["Clothesline","Headbutt"],"picked":"Sentinel+1","floor":37},{"not_picked":["Armaments+1","Rage"],"picked":"Replay:Undeath\u0027s Touch","floor":38},{"not_picked":["Bludgeon","Perfected Strike","Run Through+1"],"picked":"SKIP","floor":40},{"not_picked":["Perfected Strike","True Grit"],"picked":"conspire:ExplosiveBarrier+1","floor":42},{"not_picked":["Wild Strike","Clothesline"],"picked":"Iron Wave","floor":45},{"not_picked":["Sword Boomerang","Berserk"],"picked":"Clash+1","floor":46},{"not_picked":["Battle Trance","Clothesline"],"picked":"Limit Break","floor":48},{"not_picked":["Life Link","Intimidate"],"picked":"Inflame","floor":55}],"player_experience":771858,"relics_obtained":[{"floor":6,"key":"Oddly Smooth Stone"},{"floor":9,"key":"infinitespire:EmpoweringShard"},{"floor":11,"key":"Ice Cream"},{"floor":13,"key":"Bronze Scales"},{"floor":16,"key":"Vajra"},{"floor":23,"key":"Kunai"},{"floor":28,"key":"infinitespire:PuzzleCube"},{"floor":31,"key":"Paper Frog"},{"floor":36,"key":"Happy Flower"},{"floor":38,"key":"conspire:GlowingRock"},{"floor":40,"key":"conspire:DeflatedDodgeball"},{"floor":42,"key":"Orichalcum"},{"floor":46,"key":"Replay:Rubber Ducky"},{"floor":48,"key":"ReplayTheSpireMod:Ninjato"},{"floor":55,"key":"Toy Ornithopter"}],"event_choices":[{"damage_healed":0,"gold_gain":0,"player_choice":"Leave","damage_taken":0,"max_hp_gain":0,"max_hp_loss":0,"event_name":"The Cleric","floor":2,"gold_loss":0},{"damage_healed":75,"gold_gain":0,"player_choice":"Leave","damage_taken":0,"max_hp_gain":0,"max_hp_loss":75,"event_name":"betterThird:BetterShining","floor":5,"gold_loss":0},{"damage_healed":0,"gold_gain":0,"player_choice":"Fight","damage_taken":0,"max_hp_gain":0,"max_hp_loss":0,"event_name":"MindBloom","floor":38,"gold_loss":0}],"is_beta":false,"boss_relics":[{"not_picked":["HailfireSword","infinitespire:Cupcake"],"picked":"Mark of Pain"},{"not_picked":["Kintsugi","hubris:GrandSneckoEye"],"picked":"Sandwich"}],"items_purged_floors":[],"is_endless":false,"potions_floor_spawned":[4,6,8,11,16,19,22,28,29,30,33,35,37,46,48,55],"ascension_level":20}}