{"host":"j25kpsdysct9h495","time":1610043245,"event":{"mods":["BaseMod","Bestiary","Downfall","Minty Spire (QoL Compilation)","StSLib"],"gold_per_floor":[110,71,82,82,82,112,64,82,82,112,132,132,159,234,234,333,333,344,217,228,228,246,246,274,274,274,274,285,42,42,42],"floor_reached":30,"playtime":1159,"items_purged":["Defend_P","Bite"],"score":391,"play_id":"15dcb576-dcb5-44cf-ac44-11fe57beb078","local_time":"20210107161405","is_ascension_mode":false,"campfire_choices":[{"data":"Eruption","floor":12,"key":"SMITH"},{"floor":15,"key":"REST"},{"floor":23,"key":"REST"},{"floor":27,"key":"REST"}],"circlet_count":0,"master_deck":["Defend_P","Defend_P","Defend_P","Eruption+1","Vigilance","WreathOfFlame","ReachHeaven","Meditate","Crescendo","FlyingSleeves","WindmillStrike","Protect","Consecrate","Establishment","FollowUp","CutThroughFate","Bite","Bite","Bite","Bite","Protect","JustLucky+1","Ragnarok"],"relics":["PureWater","NeowsBlessing","Darkstone Periapt","Gremlin Horn","StrikeDummy","Whetstone","Ice Cream","Runic Pyramid","Pantograph","Yang"],"acts_visited":["Exordium","TheCity"],"potions_floor_usage":[10,13,24],"damage_taken":[{"damage":0,"enemies":"Jaw Worm","floor":1,"turns":1},{"damage":0,"enemies":"Small Slimes","floor":3,"turns":1},{"damage":0,"enemies":"Lagavulin","floor":6,"turns":1},{"damage":0,"enemies":"Cultist","floor":8,"turns":2},{"damage":0,"enemies":"Gremlin Nob","floor":10,"turns":2},{"damage":2,"enemies":"2 Fungi Beasts","floor":11,"turns":3},{"damage":36,"enemies":"Lagavulin","floor":13,"turns":3},{"damage":0,"enemies":"Slime Boss","floor":16,"turns":3},{"damage":28,"enemies":"2 Thieves","floor":18,"turns":3},{"damage":30,"enemies":"Shell Parasite","floor":20,"turns":4},{"damage":7,"enemies":"Chosen and Byrds","floor":22,"turns":4},{"damage":11,"enemies":"Gremlin Leader","floor":24,"turns":6},{"damage":56,"enemies":"Snake Plant","floor":28,"turns":5},{"damage":15,"enemies":"Snecko","floor":30,"turns":3}],"seed_played":"-5496676044651640495","potions_obtained":[{"floor":1,"key":"BottledMiracle"},{"floor":3,"key":"Ambrosia"},{"floor":13,"key":"FearPotion"},{"floor":18,"key":"Dexterity Potion"},{"floor":22,"key":"DistilledChaos"},{"floor":28,"key":"BottledMiracle"}],"is_trial":false,"path_per_floor":["M","$","M","?","?","E","$","M","T","E","M","R","E","?","R","B",null,"M","$","M","?","M","R","E","?","T","R","M","$","M"],"character_chosen":"WATCHER","items_purchased":["ReachHeaven","Crescendo","CutThroughFate","Ragnarok"],"campfire_rested":3,"item_purchase_floors":[2,7,19,29],"current_hp_per_floor":[72,72,72,69,69,69,69,69,69,69,67,67,31,20,41,41,72,44,44,14,14,17,32,37,37,37,50,4,4,0,0],"gold":42,"neow_bonus":"THREE_ENEMY_KILL","is_daily":false,"chose_seed":false,"campfire_upgraded":1,"win_rate":0.0,"timestamp":1610043245,"path_taken":["M","$","M","?","?","E","?","M","T","E","?","R","E","?","R","BOSS","M","$","M","?","M","R","E","?","T","R","M","$","M"],"items_purchased_type":["Card","Card","Card","Card"],"build_version":"2020-12-22","purchased_purges":2,"victory":false,"max_hp_per_floor":[72,72,72,72,72,72,72,72,72,72,72,72,72,72,72,72,72,72,72,72,50,50,50,50,50,50,50,50,50,50,50],"card_choices":[{"not_picked":["Tantrum","EmptyBody"],"picked":"WreathOfFlame","floor":1},{"not_picked":["Swivel","FlurryOfBlows","FearNoEvil"],"picked":"SKIP","floor":3},{"not_picked":["ForeignInfluence","EmptyFist"],"picked":"Meditate","floor":6},{"not_picked":["FollowUp","Crescendo"],"picked":"FlyingSleeves","floor":8},{"not_picked":["FlyingSleeves","Blasphemy"],"picked":"WindmillStrike","floor":10},{"not_picked":["Halt","FollowUp"],"picked":"Protect","floor":11},{"not_picked":["Sanctity","FlurryOfBlows"],"picked":"Consecrate","floor":13},{"not_picked":["DeusExMachina","Vault"],"picked":"Establishment","floor":16},{"not_picked":["PathToVictory+1","ReachHeaven"],"picked":"FollowUp","floor":18},{"not_picked":["Halt","Conclude","EmptyMind"],"picked":"SKIP","floor":20},{"not_picked":["Swivel","EmptyFist"],"picked":"Protect","floor":22},{"not_picked":["Wireheading+1","LikeWater"],"picked":"JustLucky+1","floor":24},{"not_picked":["WindmillStrike","CutThroughFate","SashWhip+1"],"picked":"SKIP","floor":28}],"player_experience":55974,"relics_obtained":[{"floor":6,"key":"Gremlin Horn"},{"floor":9,"key":"StrikeDummy"},{"floor":10,"key":"Whetstone"},{"floor":13,"key":"Ice Cream"},{"floor":24,"key":"Pantograph"},{"floor":26,"key":"Yang"}],"event_choices":[{"damage_healed":0,"gold_gain":0,"player_choice":"Success","damage_taken":3,"relics_obtained":["Darkstone Periapt"],"max_hp_gain":0,"max_hp_loss":0,"event_name":"Scrap Ooze","floor":4,"gold_loss":0},{"damage_healed":0,"gold_gain":0,"player_choice":"Leave","damage_taken":0,"max_hp_gain":0,"max_hp_loss":0,"event_name":"The Cleric","floor":5,"gold_loss":0},{"damage_healed":0,"gold_gain":75,"player_choice":"Gather Gold","damage_taken":11,"max_hp_gain":0,"max_hp_loss":0,"event_name":"World of Goop","floor":14,"gold_loss":0},{"damage_healed":0,"gold_gain":0,"player_choice":"Became a vampire","damage_taken":0,"max_hp_gain":0,"max_hp_loss":22,"event_name":"Vampires","floor":21,"gold_loss":0,"cards_obtained":["Bite","Bite","Bite","Bite","Bite"]},{"damage_healed":0,"gold_gain":0,"player_choice":"Ignored","damage_taken":0,"max_hp_gain":0,"max_hp_loss":0,"event_name":"NoteForYourself","floor":25,"gold_loss":0}],"is_beta":false,"boss_relics":[{"not_picked":["Ectoplasm","Snecko Eye"],"picked":"Runic Pyramid"}],"items_purged_floors":[19,29],"is_endless":false,"potions_floor_spawned":[1,3,13,18,22,28],"killed_by":"Snecko","ascension_level":0}}