{"host":"w3x3n9s6mrz4xpf0","time":1610024923,"event":{"mods":["BaseMod","Minty Spire (QoL Compilation)","StSLib","SuperFastMode"],"gold_per_floor":[115,133,146,159,159,190,190,204,273,301,301,301,328,228,228,301,301,311,338,338,351,351,351,377,16,40,66,66,66,83,103,103,103,103],"floor_reached":33,"playtime":1341,"items_purged":["Defend_G"],"score":606,"play_id":"fe116225-2768-4458-945e-c531458988d7","local_time":"20210107220843","is_ascension_mode":true,"campfire_choices":[{"floor":7.0,"key":"REST"},{"floor":12.0,"key":"REST"},{"floor":15.0,"key":"REST"},{"floor":23,"key":"REST"},{"floor":32,"key":"REST"}],"circlet_count":0,"master_deck":["AscendersBane","Strike_G+1","Strike_G","Strike_G","Defend_G","Defend_G","Defend_G","Survivor","Neutralize","Poisoned Stab","Predator+1","Acrobatics","Corpse Explosion","Reflex","Acrobatics","A Thousand Cuts","Footwork","Choke","Accuracy","Backflip+1","Blade Dance","Footwork","Backflip","Blade Dance+1","Ghostly","Ghostly","Ghostly","Backflip","Tactician+1"],"relics":["Fusion Hammer","Orichalcum","Shuriken","StoneCalendar","Toy Ornithopter","Black Star","Red Mask","Pantograph","Mango","Singing Bowl","Potion Belt","Oddly Smooth Stone","Pear"],"acts_visited":["Exordium","TheCity"],"potions_floor_usage":[21,24,33],"damage_taken":[{"damage":2.0,"enemies":"Jaw Worm","floor":1.0,"turns":5.0},{"damage":0.0,"enemies":"Cultist","floor":2.0,"turns":3.0},{"damage":0.0,"enemies":"2 Louse","floor":3.0,"turns":3.0},{"damage":2.0,"enemies":"Exordium Thugs","floor":4.0,"turns":4.0},{"damage":27.0,"enemies":"Lagavulin","floor":6.0,"turns":6.0},{"damage":1.0,"enemies":"Looter","floor":8.0,"turns":3.0},{"damage":12.0,"enemies":"Gremlin Nob","floor":10.0,"turns":4.0},{"damage":7.0,"enemies":"Lagavulin","floor":13.0,"turns":6.0},{"damage":28.0,"enemies":"Slime Boss","floor":16.0,"turns":9.0},{"damage":14.0,"enemies":"2 Thieves","floor":18.0,"turns":3.0},{"damage":33,"enemies":"Masked Bandits","floor":19,"turns":3},{"damage":7,"enemies":"Chosen","floor":21,"turns":6},{"damage":22,"enemies":"Slavers","floor":24,"turns":3},{"damage":12,"enemies":"Gremlin Leader","floor":27,"turns":8},{"damage":0,"enemies":"Snake Plant","floor":30,"turns":6},{"damage":6,"enemies":"Cultist and Chosen","floor":31,"turns":7},{"damage":53,"enemies":"Collector","floor":33,"turns":6}],"seed_played":"2581327232639998562","potions_obtained":[{"floor":1.0,"key":"PowerPotion"},{"floor":3.0,"key":"Block Potion"},{"floor":4.0,"key":"EssenceOfSteel"},{"floor":8.0,"key":"Weak Potion"},{"floor":10.0,"key":"SpeedPotion"},{"floor":19,"key":"Swift Potion"},{"floor":21,"key":"Energy Potion"},{"floor":27,"key":"FearPotion"}],"is_trial":false,"path_per_floor":["M","M","M","M","?","E","R","M","T","E","?","R","E","$","R","B",null,"M","?","?","M","?","R","E","$","T","E","?","$","M","M","R","B"],"character_chosen":"THE_SILENT","items_purchased":["Acrobatics","Singing Bowl","Footwork","Backflip"],"campfire_rested":5,"item_purchase_floors":[14,25,25,25],"current_hp_per_floor":[57,57,57,55,35,8,27,26,26,14,14,33,26,26,45,22,55,46,13,13,11,11,30,27,27,27,25,25,25,25,19,32,0,0],"gold":103,"neow_bonus":"BOSS_RELIC","is_daily":false,"chose_seed":false,"campfire_upgraded":0,"win_rate":0.0,"timestamp":1610024923,"path_taken":["M","M","M","M","?","E","R","M","T","E","?","R","E","$","R","BOSS","M","?","?","?","?","R","E","$","T","E","?","?","M","M","R","BOSS"],"items_purchased_type":["Card","Relic","Card","Card"],"build_version":"2020-12-22","purchased_purges":1,"victory":false,"max_hp_per_floor":[66,66,66,66,66,66,66,66,66,66,66,66,66,66,66,66,66,66,66,66,66,66,66,80,80,80,90,45,45,45,45,45,45,45],"card_choices":[{"not_picked":["Dagger Throw","Flechettes"],"picked":"Poisoned Stab","floor":1.0},{"not_picked":["Dagger Spray","Cloak And Dagger","Flying Knee"],"picked":"SKIP","floor":2.0},{"not_picked":["Prepared","Slice"],"picked":"Predator","floor":3.0},{"not_picked":["Setup","Deflect","Phantasmal Killer"],"picked":"SKIP","floor":4.0},{"not_picked":["Escape Plan","Noxious Fumes"],"picked":"Acrobatics","floor":6.0},{"not_picked":["Catalyst","Dagger Spray","Accuracy"],"picked":"SKIP","floor":8.0},{"not_picked":["Deadly Poison","Sucker Punch","Tactician"],"picked":"SKIP","floor":10.0},{"not_picked":["Outmaneuver","Concentrate"],"picked":"Reflex","floor":13.0},{"not_picked":["Adrenaline","Envenom"],"picked":"A Thousand Cuts","floor":16.0},{"not_picked":["Flying Knee","Calculated Gamble","Acrobatics"],"picked":"SKIP","floor":18.0},{"not_picked":["Cloak And Dagger","Deflect"],"picked":"Footwork","floor":19},{"not_picked":["PiercingWail","Bane"],"picked":"Backflip+1","floor":21},{"not_picked":["PiercingWail","Quick Slash","Dagger Spray"],"picked":"SKIP","floor":24},{"not_picked":["Flying Knee","Flechettes+1"],"picked":"Blade Dance+1","floor":27},{"not_picked":["Bane+1","All Out Attack"],"picked":"Backflip","floor":30},{"not_picked":["Footwork","Dodge and Roll"],"picked":"Tactician+1","floor":31}],"player_experience":115181,"relics_obtained":[{"floor":6.0,"key":"Orichalcum"},{"floor":9.0,"key":"Shuriken"},{"floor":10.0,"key":"StoneCalendar"},{"floor":13.0,"key":"Toy Ornithopter"},{"floor":19,"key":"Red Mask"},{"floor":24,"key":"Pantograph"},{"floor":24,"key":"Mango"},{"floor":26,"key":"Potion Belt"},{"floor":27,"key":"Oddly Smooth Stone"},{"floor":27,"key":"Pear"}],"event_choices":[{"damage_healed":0.0,"max_hp_gain":0.0,"max_hp_loss":0.0,"gold_gain":0.0,"event_name":"Shining Light","player_choice":"Entered Light","floor":5.0,"gold_loss":0.0,"damage_taken":20.0,"cards_upgraded":["Predator","Strike_G"]},{"damage_healed":0.0,"max_hp_gain":0.0,"max_hp_loss":0.0,"gold_gain":0.0,"cards_transformed":["Strike_G"],"event_name":"Transmorgrifier","player_choice":"Transformed","floor":11.0,"gold_loss":0.0,"damage_taken":0.0,"cards_obtained":["Corpse Explosion"]},{"damage_healed":0,"gold_gain":0,"player_choice":"Fought Bandits","damage_taken":0,"max_hp_gain":0,"max_hp_loss":0,"event_name":"Masked Bandits","floor":19,"gold_loss":0},{"damage_healed":0,"gold_gain":0,"cards_transformed":["Strike_G","Defend_G"],"player_choice":"Became Test Subject","damage_taken":0,"max_hp_gain":0,"max_hp_loss":0,"event_name":"Drug Dealer","floor":20,"gold_loss":0,"cards_obtained":["Choke","Accuracy"]},{"damage_healed":0,"gold_gain":0,"player_choice":"Read","damage_taken":0,"max_hp_gain":0,"max_hp_loss":0,"event_name":"The Library","floor":22,"gold_loss":0,"cards_obtained":["Blade Dance"]},{"damage_healed":0,"gold_gain":0,"player_choice":"Became a Ghost","damage_taken":0,"max_hp_gain":0,"max_hp_loss":45,"event_name":"Ghosts","floor":28,"gold_loss":0,"cards_obtained":["Ghostly","Ghostly","Ghostly"]}],"is_beta":false,"boss_relics":[{"not_picked":["WristBlade","Coffee Dripper"],"picked":"Black Star"}],"items_purged_floors":[14],"is_endless":false,"potions_floor_spawned":[1,3,4,8,10,19,21,27],"killed_by":"Collector","ascension_level":20}}