{"host":"3ykswgue17e1ycc2","time":1610030229,"event":{"mods":["BaseMod","Colored Powertips","Dark Map","Minty Spire (QoL Compilation)","Quick Restart","Rare Cards Sparkle","StSLib"],"gold_per_floor":[116,136,155,174,124,158,158,176,203,232,232,232,247,282,282,406,406,421,198,214,139,139,175,175,191,214,214,239,264,264,3,3,134,134,147,147,180,193,193,193,211,211,211,211,245,96,109,132,132,132,132],"floor_reached":50,"playtime":2121,"items_purged":["Strike_B"],"score":583,"play_id":"ca64e151-f3e7-4a8b-b58d-bf91f7849f46","local_time":"20210107213709","is_ascension_mode":true,"campfire_choices":[{"data":"Zap","floor":7.0,"key":"SMITH"},{"floor":15.0,"key":"REST"},{"floor":24.0,"key":"REST"},{"data":"Capacitor","floor":27.0,"key":"SMITH"},{"floor":32.0,"key":"REST"},{"data":"Barrage","floor":40.0,"key":"SMITH"},{"data":"Coolheaded","floor":42.0,"key":"SMITH"},{"floor":49,"key":"RECALL"}],"circlet_count":0,"master_deck":["Strike_B","Defend_B+1","Defend_B","Defend_B","Defend_B","Zap+1","Dualcast","Undo+1","Compile Driver","White Noise+1","Ball Lightning","Leap","Cold Snap","Barrage+1","Reboot","Capacitor+1","Coolheaded+1","White Noise","Chill+1","Storm+1","Capacitor+1","Loop+1"],"relics":["Cracked Core","Toy Ornithopter","Anchor","Tiny Chest","Golden Idol","Omamori","SlaversCollar","Medical Kit","Mummified Hand","StoneCalendar","CeramicFish","Pantograph","Philosopher\u0027s Stone","Singing Bowl","Emotion Chip","War Paint","Oddly Smooth Stone"],"acts_visited":["Exordium","TheCity","TheBeyond"],"potions_floor_usage":[],"damage_taken":[{"damage":1.0,"enemies":"2 Louse","floor":1.0,"turns":2.0},{"damage":0.0,"enemies":"Jaw Worm","floor":2.0,"turns":3.0},{"damage":0.0,"enemies":"Cultist","floor":3.0,"turns":4.0},{"damage":5.0,"enemies":"3 Louse","floor":4.0,"turns":2.0},{"damage":8.0,"enemies":"Lagavulin","floor":6.0,"turns":5.0},{"damage":1.0,"enemies":"2 Fungi Beasts","floor":8.0,"turns":3.0},{"damage":13.0,"enemies":"3 Sentries","floor":10.0,"turns":7.0},{"damage":4.0,"enemies":"Lots of Slimes","floor":13.0,"turns":3.0},{"damage":22.0,"enemies":"Gremlin Nob","floor":14.0,"turns":4.0},{"damage":2.0,"enemies":"Slime Boss","floor":16.0,"turns":9.0},{"damage":0.0,"enemies":"Spheric Guardian","floor":18.0,"turns":3.0},{"damage":36.0,"enemies":"2 Thieves","floor":20.0,"turns":5.0},{"damage":22.0,"enemies":"Gremlin Leader","floor":23.0,"turns":7.0},{"damage":11.0,"enemies":"Shelled Parasite and Fungi","floor":25.0,"turns":7.0},{"damage":18.0,"enemies":"Snake Plant","floor":28.0,"turns":6.0},{"damage":9.0,"enemies":"Sentry and Sphere","floor":29.0,"turns":6.0},{"damage":22.0,"enemies":"Champ","floor":33.0,"turns":10.0},{"damage":3.0,"enemies":"Orb Walker","floor":35.0,"turns":3.0},{"damage":10.0,"enemies":"3 Darklings","floor":37.0,"turns":5.0},{"damage":0.0,"enemies":"Sphere and 2 Shapes","floor":38.0,"turns":2.0},{"damage":0.0,"enemies":"Maw","floor":41.0,"turns":7.0},{"damage":24.0,"enemies":"3 Darklings","floor":45.0,"turns":6.0},{"damage":0.0,"enemies":"4 Shapes","floor":47.0,"turns":3.0},{"damage":19.0,"enemies":"Jaw Worm Horde","floor":48.0,"turns":6.0},{"damage":50,"enemies":"Awakened One","floor":50,"turns":3}],"seed_played":"-5000228559497529652","potions_obtained":[{"floor":3.0,"key":"FocusPotion"},{"floor":4.0,"key":"Dexterity Potion"},{"floor":6.0,"key":"SkillPotion"},{"floor":13.0,"key":"Explosive Potion"},{"floor":16.0,"key":"PotionOfCapacity"},{"floor":20.0,"key":"Dexterity Potion"},{"floor":28.0,"key":"GamblersBrew"},{"floor":29.0,"key":"BlessingOfTheForge"},{"floor":36.0,"key":"AttackPotion"},{"floor":36.0,"key":"Dexterity Potion"},{"floor":36.0,"key":"ColorlessPotion"},{"floor":38.0,"key":"Ancient Potion"},{"floor":47.0,"key":"SteroidPotion"}],"is_trial":false,"path_per_floor":["M","M","M","M","?","E","R","M","T","E","?","?","M","E","R","B",null,"M","$","M","$","?","E","R","M","T","R","M","M","T","$","R","B",null,"M","?","M","M","T","R","M","R","T","?","M","$","M","M","R","B"],"character_chosen":"DEFECT","items_purchased":["Medical Kit","Capacitor","Pantograph","Oddly Smooth Stone"],"campfire_rested":3,"item_purchase_floors":[19,19,31,46],"current_hp_per_floor":[74,74,74,69,69,61,61,60,60,47,47,33,29,7,27,40,69,69,69,33,33,33,21,41,30,30,30,12,3,3,3,23,31,69,66,66,56,56,56,56,63,63,63,63,39,39,41,22,22,0,0],"gold":132,"neow_bonus":"TRANSFORM_CARD","is_daily":false,"chose_seed":false,"campfire_upgraded":4,"win_rate":0.0,"timestamp":1610030229,"path_taken":["M","M","M","M","?","E","R","M","T","E","?","?","M","E","R","BOSS","M","$","M","$","?","E","R","M","T","R","M","M","?","?","R","BOSS","M","?","M","?","?","R","M","R","T","?","?","$","M","M","R","BOSS"],"items_purchased_type":["Relic","Card","Relic","Relic"],"build_version":"2020-12-22","purchased_purges":1,"victory":false,"max_hp_per_floor":[75,75,75,75,75,75,75,75,75,75,69,69,69,69,69,69,69,69,69,69,69,69,69,69,69,69,69,69,69,69,69,69,69,69,69,69,69,69,69,69,71,71,71,71,71,71,73,73,73,73,73],"card_choices":[{"not_picked":["Turbo","Go for the Eyes"],"picked":"Compile Driver","floor":1.0},{"not_picked":["Beam Cell","Fusion"],"picked":"White Noise","floor":2.0},{"not_picked":["Coolheaded","Leap"],"picked":"Ball Lightning","floor":3.0},{"not_picked":["Redo","Ball Lightning"],"picked":"Leap","floor":4.0},{"not_picked":["Fusion","Beam Cell","Hologram"],"picked":"SKIP","floor":6.0},{"not_picked":["Loop","Sunder"],"picked":"Cold Snap","floor":8.0},{"not_picked":["Rainbow","Reinforced Body"],"picked":"Barrage","floor":10.0},{"not_picked":["Compile Driver","Stack","Fusion"],"picked":"SKIP","floor":13.0},{"not_picked":["Static Discharge","Steam","Compile Driver"],"picked":"SKIP","floor":14.0},{"not_picked":["Meteor Strike","Machine Learning"],"picked":"Reboot","floor":16.0},{"not_picked":["Go for the Eyes","Blizzard","Turbo"],"picked":"SKIP","floor":18.0},{"not_picked":["Consume","Doom and Gloom"],"picked":"Coolheaded","floor":20.0},{"not_picked":["Streamline","Cold Snap","BootSequence"],"picked":"SKIP","floor":23.0},{"not_picked":["Steam+1","Sunder+1","Redo+1"],"picked":"SKIP","floor":25.0},{"not_picked":["Ball Lightning","Streamline"],"picked":"White Noise","floor":28.0},{"not_picked":["Rebound","Stack"],"picked":"Chill","floor":29.0},{"not_picked":["Chill+1","Doom and Gloom","Sweeping Beam"],"picked":"SKIP","floor":35.0},{"not_picked":["Blizzard+1","Stack+1"],"picked":"Storm+1","floor":37.0},{"not_picked":["Streamline+1","Compile Driver","Gash+1"],"picked":"SKIP","floor":38.0},{"not_picked":["Auto Shields","Redo+1","Reprogram"],"picked":"Singing Bowl","floor":41.0},{"not_picked":["Redo+1","Streamline+1"],"picked":"Capacitor+1","floor":45.0},{"not_picked":["Streamline","Buffer","Steam"],"picked":"Singing Bowl","floor":47.0},{"not_picked":["Go for the Eyes+1","Fusion+1"],"picked":"Loop+1","floor":48.0}],"player_experience":302270,"relics_obtained":[{"floor":6.0,"key":"Toy Ornithopter"},{"floor":9.0,"key":"Anchor"},{"floor":10.0,"key":"Tiny Chest"},{"floor":14.0,"key":"Omamori"},{"floor":23.0,"key":"StoneCalendar"},{"floor":30.0,"key":"CeramicFish"},{"floor":39.0,"key":"Singing Bowl"},{"floor":43.0,"key":"Emotion Chip"}],"event_choices":[{"cards_removed":["Strike_B"],"damage_healed":0.0,"max_hp_gain":0.0,"max_hp_loss":0.0,"gold_gain":0.0,"event_name":"The Cleric","player_choice":"Card Removal","floor":5.0,"gold_loss":50.0,"damage_taken":0.0},{"damage_healed":0.0,"max_hp_gain":0.0,"max_hp_loss":6.0,"gold_gain":0.0,"event_name":"Golden Idol","player_choice":"Lose Max HP","floor":11.0,"gold_loss":0.0,"damage_taken":0.0,"relics_obtained":["Golden Idol"]},{"damage_healed":0.0,"max_hp_gain":0.0,"max_hp_loss":0.0,"gold_gain":0.0,"event_name":"Shining Light","player_choice":"Entered Light","floor":12.0,"gold_loss":0.0,"damage_taken":14.0,"cards_upgraded":["Defend_B","White Noise"]},{"damage_healed":0.0,"max_hp_gain":0.0,"max_hp_loss":0.0,"gold_gain":0.0,"event_name":"The Mausoleum","player_choice":"Opened","floor":22.0,"gold_loss":0.0,"damage_taken":0.0,"relics_obtained":["Mummified Hand"],"cards_obtained":["Writhe"]},{"damage_healed":0.0,"max_hp_gain":0.0,"max_hp_loss":0.0,"gold_gain":0.0,"event_name":"Lab","player_choice":"Got Potions","floor":36.0,"gold_loss":0.0,"damage_taken":0.0},{"damage_healed":0.0,"max_hp_gain":0.0,"max_hp_loss":0.0,"gold_gain":0.0,"event_name":"WeMeetAgain","player_choice":"Gave Potion","floor":44.0,"gold_loss":0.0,"damage_taken":0.0,"relics_obtained":["War Paint"]}],"is_beta":false,"boss_relics":[{"not_picked":["Runic Pyramid","FrozenCore"],"picked":"SlaversCollar"},{"not_picked":["Black Star","Fusion Hammer"],"picked":"Philosopher\u0027s Stone"}],"items_purged_floors":[21],"is_endless":false,"potions_floor_spawned":[3,4,6,13,16,20,28,29,38,47],"killed_by":"Awakened One","ascension_level":4}}