{"host":"y4sghvfd0ewtcchd","time":1610051691,"event":{"mods":["Aspiration","BaseMod","Better Debug","Better Note","Better Third Choice","BetterRewards","Block Reminder","Colored Map","Colored Powertips","Downfall","Highlight Path","Hubris","Infinite Spire","Minty Spire (QoL Compilation)","Relic Sorter","Relic Stats","Replay The Spire","Shop Mod","StSLib","The Jungle","The Saiyan"],"gold_per_floor":[110,110,126,126,126,126,153,153,153,153,177,201,201,227,227,338,338,365,388,410,434,454,466,466],"floor_reached":23,"playtime":1702,"items_purged":[],"score":282,"play_id":"4f332e20-c006-40a4-b718-35163d8d6955","local_time":"20210107233451","is_ascension_mode":true,"campfire_choices":[{"floor":6,"key":"REST"},{"floor":8,"key":"REST"},{"data":"Loop","floor":10,"key":"SMITH"},{"floor":15,"key":"REST"}],"circlet_count":0,"master_deck":["Strike_B","Strike_B","Strike_B","Strike_B","Defend_B","Defend_B","Defend_B","Defend_B","Zap","Dualcast","expansioncontent:Collect","Loop+1","Replay:BasicMightCard","Echo Form","Conserve Battery","Sweeping Beam","Coolheaded","BootSequence","Doom and Gloom","Meteor Strike","Time Bomb","Turbo","Mirror Shield","AbeCurse","Self Repair","BootSequence","Barrage","Rebound","Electrodynamics"],"relics":["Cracked Core","Mummified Hand","Replay:Bandana","Abe\u0027s Treasure"],"acts_visited":["Exordium","TheCity"],"potions_floor_usage":[19,21,21,22],"damage_taken":[{"damage":1,"enemies":"Cultist","floor":1,"turns":3},{"damage":16,"enemies":"Jaw Worm","floor":3,"turns":4},{"damage":24,"enemies":"Gremlin Nob","floor":7,"turns":5},{"damage":0,"enemies":"Small Slimes","floor":11,"turns":3},{"damage":10,"enemies":"Exordium Wildlife","floor":12,"turns":2},{"damage":1,"enemies":"3 Louse","floor":14,"turns":3},{"damage":3,"enemies":"The Guardian","floor":16,"turns":7},{"damage":16,"enemies":"Shell Parasite","floor":18,"turns":5},{"damage":0,"enemies":"Spheric Guardian","floor":19,"turns":3},{"damage":11,"enemies":"Centurion and Healer","floor":20,"turns":6},{"damage":17,"enemies":"Shelled Parasite and Fungi","floor":21,"turns":6},{"damage":35,"enemies":"Snake Plant","floor":22,"turns":5},{"damage":26,"enemies":"Book of Stabbing","floor":23,"turns":4}],"seed_played":"-6999178533613619022","potions_obtained":[{"floor":1,"key":"BlessingOfTheForge"},{"floor":3,"key":"SneckoOil"},{"floor":7,"key":"BlessingOfTheForge"},{"floor":12,"key":"Block Potion"},{"floor":14,"key":"Fire Potion"},{"floor":19,"key":"Adrenaline Potion"},{"floor":21,"key":"SkillPotion"}],"is_trial":false,"path_per_floor":["M","$","M","?","?","R","E","R","T","R","M","M","$","M","R","B",null,"M","M","M","M","M","E"],"character_chosen":"DEFECT","items_purchased":["Mummified Hand","expansioncontent:Collect","Loop","Replay:BasicMightCard","Echo Form","Conserve Battery"],"campfire_rested":3,"item_purchase_floors":[0,0,0,0,0,0],"current_hp_per_floor":[39,39,23,23,23,45,21,43,43,43,43,33,33,32,54,51,75,59,59,55,52,24,0,0],"gold":466,"neow_bonus":"","is_daily":false,"chose_seed":false,"campfire_upgraded":1,"win_rate":0.0,"timestamp":1610051691,"path_taken":["M","?","M","?","?","R","E","R","T","R","M","M","$","M","R","BOSS","M","M","M","M","M","E"],"items_purchased_type":["Relic","Card","Card","Card","Card","Card"],"build_version":"2020-12-22","purchased_purges":0,"victory":false,"max_hp_per_floor":[75,75,75,75,75,75,75,75,75,75,75,75,75,75,75,75,75,75,75,75,75,75,75,75],"relic_stats":{"counters":[39,175],"Mummified Hand":[67],"obtain_stats":[{"Darkstone Periapt":13,"Regal Pillow":6,"Tiny House":17,"NeowsBlessing":0,"infinitespire:Cubic Diamond":2,"Bag of Preparation":9,"Replay:Bandana":7,"infinitespire:WardingShard":9,"Mummified Hand":0,"infinitespire:Satchel":4,"hubris:DeckOfHolding":10,"Coffee Dripper":17,"Cracked Core":0,"infinitespire:PuzzleCube":0,"Abe\u0027s Treasure":17,"m_BurningSludge":2},{"Darkstone Periapt":8,"Regal Pillow":3,"Tiny House":10,"NeowsBlessing":0,"infinitespire:Cubic Diamond":19,"Bag of Preparation":5,"Replay:Bandana":29,"infinitespire:WardingShard":14,"Mummified Hand":26,"infinitespire:Satchel":2,"hubris:DeckOfHolding":21,"Coffee Dripper":24,"Cracked Core":0,"infinitespire:PuzzleCube":12,"Abe\u0027s Treasure":33,"m_BurningSludge":19},{"Darkstone Periapt":22,"Regal Pillow":3,"Tiny House":30,"NeowsBlessing":0,"infinitespire:Cubic Diamond":63,"Bag of Preparation":11,"Replay:Bandana":131,"infinitespire:WardingShard":45,"Mummified Hand":119,"infinitespire:Satchel":2,"hubris:DeckOfHolding":83,"Coffee Dripper":106,"Cracked Core":0,"infinitespire:PuzzleCube":39,"Abe\u0027s Treasure":146,"m_BurningSludge":63}]},"card_choices":[{"not_picked":["Conserve Battery","Ball Lightning"],"picked":"Sweeping Beam","floor":1},{"not_picked":["BasicCrystalCard","Rebound"],"picked":"Coolheaded","floor":3},{"not_picked":["Steam Power","Gash"],"picked":"Doom and Gloom","floor":7},{"not_picked":["Hologram","Panic Button"],"picked":"Meteor Strike","floor":11},{"not_picked":["Ball Lightning","Gash"],"picked":"Time Bomb","floor":12},{"not_picked":["Sunder","Conserve Battery"],"picked":"Turbo","floor":14},{"not_picked":["Reboot","Meteor Strike"],"picked":"Mirror Shield","floor":16},{"not_picked":["Hologram","Leap"],"picked":"Self Repair","floor":18},{"not_picked":["FTL","Go for the Eyes"],"picked":"BootSequence","floor":19},{"not_picked":["BasicCrystalCard+1","Go for the Eyes+1"],"picked":"Barrage","floor":20},{"not_picked":["BasicCrystalCard","Reinforced Body+1"],"picked":"Rebound","floor":21},{"not_picked":["Streamline+1","Aggregate+1"],"picked":"Electrodynamics","floor":22}],"player_experience":491405,"relics_obtained":[{"floor":7,"key":"Replay:Bandana"}],"event_choices":[],"is_beta":false,"boss_relics":[{"not_picked":["Velvet Choker","Cursed Key"],"picked":"Abe\u0027s Treasure"}],"items_purged_floors":[],"is_endless":false,"potions_floor_spawned":[1,3,7,12,14,19,21],"killed_by":"Book of Stabbing","ascension_level":3}}