{"host":"72mgytrs3lmoygvb","time":1610034088,"event":{"mods":["AchievementEnabler","BaseMod","Colored Powertips","Highlight Path","Minty Spire (QoL Compilation)","StSLib"],"gold_per_floor":[116,132,132,57,70,70,105,124,124,159,159,169,185,150,150,247,247,247,247,265,276,292,321,321,321],"floor_reached":24,"playtime":971,"items_purged":["Strike_R"],"score":334,"play_id":"20806e62-03d5-488f-81dd-11d37306fc37","local_time":"20210107174128","is_ascension_mode":true,"campfire_choices":[{"data":"Bash","floor":6,"key":"SMITH"},{"data":"Armaments","floor":15,"key":"SMITH"}],"circlet_count":0,"master_deck":["Strike_R","Strike_R","Strike_R","Defend_R","Defend_R","Defend_R","Defend_R","Bash+1","Twin Strike","Shrug It Off+1","Cleave","Armaments+1","Juggernaut","Iron Wave","Bludgeon","Mind Blast","Flame Barrier"],"relics":["Burning Blood","NeowsBlessing","Oddly Smooth Stone","Pocketwatch","Black Star","Omamori","Regal Pillow"],"acts_visited":["Exordium","TheCity"],"potions_floor_usage":[10,18,21,21,23,24],"damage_taken":[{"damage":0,"enemies":"2 Louse","floor":1,"turns":1},{"damage":0,"enemies":"Cultist","floor":2,"turns":1},{"damage":0,"enemies":"Jaw Worm","floor":5,"turns":1},{"damage":54,"enemies":"Lagavulin","floor":7,"turns":8},{"damage":10,"enemies":"Red Slaver","floor":8,"turns":4},{"damage":17,"enemies":"3 Sentries","floor":10,"turns":7},{"damage":7,"enemies":"Exordium Wildlife","floor":12,"turns":4},{"damage":0,"enemies":"Large Slime","floor":13,"turns":5},{"damage":26,"enemies":"Slime Boss","floor":16,"turns":10},{"damage":0,"enemies":"Shell Parasite","floor":18,"turns":1},{"damage":6,"enemies":"Chosen","floor":20,"turns":5},{"damage":13,"enemies":"Centurion and Healer","floor":21,"turns":10},{"damage":3,"enemies":"Snecko","floor":22,"turns":5},{"damage":33,"enemies":"Book of Stabbing","floor":23,"turns":7},{"damage":45,"enemies":"Shelled Parasite and Fungi","floor":24,"turns":9}],"seed_played":"4244794129151455739","potions_obtained":[{"floor":1,"key":"SmokeBomb"},{"floor":7,"key":"GamblersBrew"},{"floor":10,"key":"BloodPotion"},{"floor":13,"key":"Energy Potion"},{"floor":16,"key":"LiquidMemories"},{"floor":20,"key":"Weak Potion"},{"floor":22,"key":"EssenceOfSteel"}],"is_trial":false,"path_per_floor":["M","M","?","$","M","R","E","M","T","E","?","M","M","?","R","B",null,"M","?","M","M","M","E","M"],"character_chosen":"IRONCLAD","items_purchased":[],"campfire_rested":0,"item_purchase_floors":[],"current_hp_per_floor":[78,80,80,80,80,80,32,28,28,17,17,16,22,42,42,22,66,72,60,60,53,56,29,0,0],"gold":321,"neow_bonus":"THREE_ENEMY_KILL","is_daily":false,"chose_seed":false,"campfire_upgraded":2,"win_rate":0.0,"timestamp":1610034088,"path_taken":["M","M","?","$","M","R","E","M","T","E","?","?","M","?","R","BOSS","M","?","?","M","M","E","M"],"items_purchased_type":[],"build_version":"2020-12-22","purchased_purges":1,"victory":false,"max_hp_per_floor":[80,80,80,80,80,80,80,80,80,80,80,80,80,80,80,80,80,80,80,80,80,80,80,80,80],"card_choices":[{"not_picked":["Sentinel","Evolve"],"picked":"Twin Strike","floor":1},{"not_picked":["Pommel Strike","Headbutt"],"picked":"Shrug It Off","floor":2},{"not_picked":["Sword Boomerang","Rage"],"picked":"Cleave","floor":5},{"not_picked":["Shockwave","Intimidate"],"picked":"Armaments","floor":7},{"not_picked":["Infernal Blade","Twin Strike"],"picked":"Juggernaut","floor":8},{"not_picked":["Impervious","Perfected Strike"],"picked":"Iron Wave","floor":10},{"not_picked":["Cleave","Flex","Inflame"],"picked":"SKIP","floor":12},{"not_picked":["Headbutt","Heavy Blade","Thunderclap"],"picked":"SKIP","floor":13},{"not_picked":["Corruption","Demon Form"],"picked":"Bludgeon","floor":16},{"not_picked":["Twin Strike","Feel No Pain"],"picked":"Flame Barrier","floor":20},{"not_picked":["Headbutt+1","Clash","Havoc+1"],"picked":"SKIP","floor":21},{"not_picked":["Anger","Sword Boomerang+1","Perfected Strike"],"picked":"SKIP","floor":22},{"not_picked":["Iron Wave+1","Evolve","Second Wind"],"picked":"SKIP","floor":23}],"player_experience":648833,"relics_obtained":[{"floor":7,"key":"Oddly Smooth Stone"},{"floor":10,"key":"Pocketwatch"},{"floor":23,"key":"Omamori"},{"floor":23,"key":"Regal Pillow"}],"event_choices":[{"damage_healed":0,"gold_gain":0,"player_choice":"Grow","damage_taken":0,"max_hp_gain":0,"max_hp_loss":0,"event_name":"Living Wall","floor":3,"gold_loss":0,"cards_upgraded":["Shrug It Off"]},{"cards_removed":["Strike_R"],"damage_healed":0,"gold_gain":0,"player_choice":"Purged","damage_taken":0,"max_hp_gain":0,"max_hp_loss":0,"event_name":"Purifier","floor":11,"gold_loss":0},{"damage_healed":20,"gold_gain":0,"player_choice":"Healed","damage_taken":0,"max_hp_gain":0,"max_hp_loss":0,"event_name":"The Cleric","floor":14,"gold_loss":35},{"damage_healed":0,"gold_gain":0,"player_choice":"CARD ","damage_taken":12,"max_hp_gain":0,"max_hp_loss":0,"event_name":"Knowing Skull","floor":19,"potions_obtained":[],"gold_loss":0,"cards_obtained":["Mind Blast"]}],"is_beta":false,"boss_relics":[{"not_picked":["Black Blood","Tiny House"],"picked":"Black Star"}],"items_purged_floors":[4],"is_endless":false,"potions_floor_spawned":[1,7,10,13,16,20,22],"killed_by":"Shelled Parasite and Fungi","ascension_level":9}}