{"host":"h2zaclyrd1q1i31f","time":1610001317,"event":{"mods":["BaseMod","Colored Map","Downfall","Hermit","Minty Spire (QoL Compilation)","Permanent Neow","StSLib","SuperFastMode","The Hierophant","The Mystic"],"gold_per_floor":[10,10,20,20,30,30,41,41,41,41,55,99,173,98,98,98,98],"floor_reached":16,"playtime":427,"items_purged":["Defend_R"],"score":100,"play_id":"c19c1e7e-4e4e-4f3b-af84-05f5a5bdf45e","local_time":"20210107003517","is_ascension_mode":false,"campfire_choices":[{"data":"Bash","floor":6,"key":"SMITH"},{"floor":15,"key":"REST"}],"circlet_count":0,"master_deck":["Strike_R","Strike_R","Defend_R","Defend_R","Defend_R","Bash+1","Thunderclap","Clash"],"relics":["Burning Blood","Golden Idol","FossilizedHelix","InkBottle"],"acts_visited":["Exordium"],"potions_floor_usage":[11,12,12,16],"damage_taken":[{"damage":1.0,"enemies":"Cultist","floor":1.0,"turns":3.0},{"damage":3.0,"enemies":"2 Louse","floor":3.0,"turns":3.0},{"damage":15.0,"enemies":"Small Slimes","floor":5.0,"turns":4.0},{"damage":10,"enemies":"Looter","floor":7,"turns":3},{"damage":3,"enemies":"Gremlin Gang","floor":11,"turns":5},{"damage":35,"enemies":"3 Sentries","floor":12,"turns":9},{"damage":39,"enemies":"The Guardian","floor":16,"turns":9}],"seed_played":"-6057950285013025836","potions_obtained":[{"floor":2.0,"key":"DistilledChaos"},{"floor":2.0,"key":"DistilledChaos"},{"floor":2.0,"key":"Fire Potion"},{"floor":11,"key":"Slimebound:ThreeZeroPotion"}],"is_trial":false,"path_per_floor":["M","?","M","?","M","R","M","?","T","?","M","E","T","$","R","B"],"character_chosen":"IRONCLAD","items_purchased":[],"campfire_rested":1,"item_purchase_floors":[],"current_hp_per_floor":[80,80,80,73,64,64,60,60,60,40,43,14,14,14,38,0,0],"gold":98,"neow_bonus":"REMOVE_TWO","is_daily":false,"chose_seed":false,"campfire_upgraded":1,"win_rate":0.0,"timestamp":1610001317,"path_taken":["M","?","?","?","M","R","M","?","T","?","M","E","?","$","R","BOSS"],"items_purchased_type":[],"build_version":"2020-12-22","purchased_purges":1,"victory":false,"max_hp_per_floor":[80,80,80,80,80,80,80,80,80,80,80,80,80,80,80,80,80],"card_choices":[{"not_picked":["True Grit","Iron Wave","Twin Strike"],"picked":"SKIP","floor":1.0},{"not_picked":["Reckless Charge","Anger"],"picked":"Thunderclap","floor":3.0},{"not_picked":["Headbutt","Thunderclap","Flex"],"picked":"SKIP","floor":5},{"not_picked":["Entrench","Reckless Charge","Rupture"],"picked":"SKIP","floor":7},{"not_picked":["Bloodletting","Corruption"],"picked":"Clash","floor":11},{"not_picked":["Twin Strike","Seeing Red","True Grit"],"picked":"SKIP","floor":12}],"player_experience":138420,"relics_obtained":[{"floor":12,"key":"FossilizedHelix"},{"floor":13,"key":"InkBottle"}],"event_choices":[{"damage_healed":0.0,"max_hp_gain":0.0,"max_hp_loss":0.0,"gold_gain":0.0,"event_name":"Lab","player_choice":"Got Potions","floor":2.0,"gold_loss":0.0,"damage_taken":0.0},{"cards_removed":["Strike_R"],"damage_healed":0.0,"max_hp_gain":0.0,"max_hp_loss":0.0,"gold_gain":0.0,"event_name":"Golden Wing","player_choice":"Card Removal","floor":4.0,"gold_loss":0.0,"damage_taken":7.0},{"damage_healed":0,"gold_gain":0,"player_choice":"Ignored","damage_taken":0,"max_hp_gain":0,"max_hp_loss":0,"event_name":"Liars Game","floor":8,"gold_loss":0},{"damage_healed":0,"gold_gain":0,"player_choice":"Take Damage","damage_taken":20,"relics_obtained":["Golden Idol"],"max_hp_gain":0,"max_hp_loss":0,"event_name":"Golden Idol","floor":10,"gold_loss":0}],"is_beta":false,"boss_relics":[],"items_purged_floors":[14],"is_endless":false,"potions_floor_spawned":[11],"killed_by":"The Guardian","ascension_level":0}}