{"host":"zxkjcgzis4pm3za5","time":1610026169,"event":{"mods":["AchievementEnabler","BaseMod","Colored Map","Colored Powertips","Minty Spire (QoL Compilation)","Quick Restart","RNG Fix","Random Character Button","StSLib"],"gold_per_floor":[214,214,214,36,46,46,60,89,89,116,130,130,148,148,148,227,227,247,247,258,278,292,319,41,41,64,90,90,90,90,106,106,184,184,201,201,218,231,158,183,183,215,291,311,336,346,246,246,246,246,246,246,76,102,102],"floor_reached":56,"playtime":2915,"items_purged":["Decay","Defend_G"],"score":1950,"play_id":"5ea86778-1f1c-4ac2-9e5e-7954590f1aab","local_time":"20210107185929","is_ascension_mode":true,"campfire_choices":[{"data":"Apotheosis","floor":6.0,"key":"SMITH"},{"floor":12.0,"key":"REST"},{"data":"Caltrops","floor":15.0,"key":"SMITH"},{"data":"Well Laid Plans","floor":25.0,"key":"SMITH"},{"data":"Wraith Form v2","floor":28.0,"key":"SMITH"},{"data":"Burst","floor":30.0,"key":"SMITH"},{"data":"Adrenaline","floor":32.0,"key":"SMITH"},{"floor":41.0,"key":"RECALL"},{"floor":49,"key":"REST"},{"floor":52,"key":"REST"}],"circlet_count":0,"master_deck":["AscendersBane","Defend_G","Defend_G","Defend_G+1","Defend_G","Survivor","Neutralize","Cloak And Dagger+1","Apotheosis+1","Caltrops+1","Blade Dance","Adrenaline+1","Acrobatics","Deflect","Dagger Spray","Wraith Form v2+1","Backflip","Bite","Bite","Bite","Bite","Bite+1","PiercingWail+1","Well Laid Plans+1","Reflex","Finisher+1","Dodge and Roll","Burst+1","After Image","Expertise","Master of Strategy","Accuracy","Blur+1","Footwork","Backflip","Leg Sweep","Blur+1","Backflip","Flash of Steel","Neutralize","Prepared+1","Cloak And Dagger","Master of Strategy"],"relics":["Ring of the Snake","Bronze Scales","Anchor","Vajra","Philosopher\u0027s Stone","Kunai","Strawberry","Dream Catcher","Incense Burner","Fusion Hammer","Whetstone","Calipers","Shuriken","Lantern","Mercury Hourglass"],"acts_visited":["TheCity","TheBeyond","TheEnding"],"potions_floor_usage":[55,55],"damage_taken":[{"damage":10.0,"enemies":"Cultist","floor":1.0,"turns":6.0},{"damage":0.0,"enemies":"2 Louse","floor":5.0,"turns":3.0},{"damage":1.0,"enemies":"Small Slimes","floor":7.0,"turns":4.0},{"damage":15.0,"enemies":"3 Sentries","floor":8.0,"turns":7.0},{"damage":11.0,"enemies":"Gremlin Nob","floor":10.0,"turns":3.0},{"damage":2.0,"enemies":"3 Louse","floor":11.0,"turns":2.0},{"damage":1.0,"enemies":"Exordium Thugs","floor":13.0,"turns":3.0},{"damage":10.0,"enemies":"Hexaghost","floor":16.0,"turns":9.0},{"damage":10.0,"enemies":"Shell Parasite","floor":18.0,"turns":5.0},{"damage":0.0,"enemies":"3 Byrds","floor":20.0,"turns":2.0},{"damage":6.0,"enemies":"Snake Plant","floor":21.0,"turns":3.0},{"damage":2.0,"enemies":"Centurion and Healer","floor":22.0,"turns":4.0},{"damage":18.0,"enemies":"Book of Stabbing","floor":23.0,"turns":5.0},{"damage":4.0,"enemies":"Gremlin Leader","floor":27.0,"turns":7.0},{"damage":7.0,"enemies":"3 Cultists","floor":31.0,"turns":6.0},{"damage":28.0,"enemies":"Champ","floor":33.0,"turns":11.0},{"damage":0.0,"enemies":"3 Darklings","floor":35.0,"turns":5.0},{"damage":0.0,"enemies":"Orb Walker","floor":37.0,"turns":4.0},{"damage":0.0,"enemies":"Maw","floor":38.0,"turns":7.0},{"damage":2.0,"enemies":"Nemesis","floor":40.0,"turns":7.0},{"damage":7.0,"enemies":"Giant Head","floor":42.0,"turns":10.0},{"damage":7.0,"enemies":"Spire Growth","floor":44.0,"turns":5.0},{"damage":19.0,"enemies":"Reptomancer","floor":45.0,"turns":9.0},{"damage":0,"enemies":"Sphere and 2 Shapes","floor":46,"turns":6},{"damage":21,"enemies":"Time Eater","floor":50,"turns":14},{"damage":0,"enemies":"Shield and Spear","floor":54,"turns":6},{"damage":4,"enemies":"The Heart","floor":55,"turns":11}],"seed_played":"-4757235228192815662","potions_obtained":[{"floor":5.0,"key":"FearPotion"},{"floor":11.0,"key":"FearPotion"},{"floor":13.0,"key":"FearPotion"},{"floor":14.0,"key":"CunningPotion"},{"floor":18.0,"key":"SpeedPotion"},{"floor":33.0,"key":"Swift Potion"},{"floor":35.0,"key":"LiquidBronze"},{"floor":37.0,"key":"Dexterity Potion"}],"is_trial":false,"path_per_floor":["M","?","?","$","M","R","M","E","T","E","M","R","M","?","R","B",null,"M","?","M","M","M","E","$","R","T","E","R","T","R","M","R","B",null,"M","?","M","M","$","E","R","E","T","M","E","M","$","?","R","B",null,"R","$","E","B",null],"character_chosen":"THE_SILENT","items_purchased":["Apotheosis","Strawberry","Dodge and Roll","Footwork","Master of Strategy"],"campfire_rested":3,"item_purchase_floors":[4,24,24,39,53],"current_hp_per_floor":[53,53,39,39,39,39,38,23,23,12,10,31,30,30,30,20,58,48,48,49,46,49,34,41,41,41,56,56,56,56,56,56,55,56,56,56,56,56,56,56,56,56,56,56,55,56,56,56,56,56,56,56,56,56,56],"gold":102,"neow_bonus":"HUNDRED_GOLD","is_daily":false,"chose_seed":false,"campfire_upgraded":6,"win_rate":0.0,"timestamp":1610026169,"path_taken":["M","?","?","$","?","R","M","E","T","E","M","R","M","?","R","BOSS","M","?","M","?","M","E","?","R","T","E","R","?","R","M","R","BOSS","M","?","M","M","?","E","R","E","T","M","E","M","$","?","R","BOSS","R","$","E","BOSS"],"items_purchased_type":["Card","Relic","Card","Card","Card"],"build_version":"2020-12-22","purchased_purges":2,"victory":true,"max_hp_per_floor":[70,70,70,70,70,70,70,70,70,70,70,70,70,70,70,70,70,70,49,49,49,49,49,56,56,56,56,56,56,56,56,56,56,56,56,56,56,56,56,56,56,56,56,56,56,56,56,56,56,56,56,56,56,56,56],"card_choices":[{"not_picked":["Dodge and Roll","Skewer"],"picked":"Cloak And Dagger","floor":1.0},{"not_picked":["Riddle With Holes","Crippling Poison"],"picked":"Caltrops","floor":5.0},{"not_picked":["Eviscerate","Sucker Punch"],"picked":"Blade Dance","floor":7.0},{"not_picked":["Deadly Poison","Prepared"],"picked":"Adrenaline","floor":8.0},{"not_picked":["Poisoned Stab","Underhanded Strike"],"picked":"Acrobatics","floor":10.0},{"not_picked":["Bouncing Flask","Acrobatics"],"picked":"Deflect","floor":11.0},{"not_picked":["Sucker Punch","Bane"],"picked":"Dagger Spray","floor":13.0},{"not_picked":["Doppelganger","Corpse Explosion"],"picked":"Wraith Form v2","floor":16.0},{"not_picked":["Poisoned Stab","Blade Dance"],"picked":"Backflip","floor":18.0},{"not_picked":["Deadly Poison","Quick Slash"],"picked":"PiercingWail+1","floor":20.0},{"not_picked":["Bouncing Flask","All Out Attack"],"picked":"Well Laid Plans","floor":21.0},{"not_picked":["Caltrops","Sucker Punch+1"],"picked":"Reflex","floor":22.0},{"not_picked":["Blade Dance","Distraction"],"picked":"Finisher","floor":23.0},{"not_picked":["Eviscerate","Backstab+1"],"picked":"Burst","floor":27.0},{"not_picked":["Catalyst","Slice","Heel Hook"],"picked":"SKIP","floor":31.0},{"not_picked":["Malaise","Night Terror"],"picked":"After Image","floor":33.0},{"not_picked":["Quick Slash","Masterful Stab"],"picked":"Expertise","floor":35.0},{"not_picked":["Madness","Transmutation"],"picked":"Master of Strategy","floor":36.0},{"not_picked":["Caltrops","Underhanded Strike"],"picked":"Accuracy","floor":37.0},{"not_picked":["Dagger Spray+1","Outmaneuver"],"picked":"Blur+1","floor":38.0},{"not_picked":["Dash","Footwork"],"picked":"Backflip","floor":40.0},{"not_picked":["Prepared","Infinite Blades"],"picked":"Leg Sweep","floor":42.0},{"not_picked":["Dagger Spray+1","Expertise"],"picked":"Blur+1","floor":44.0},{"not_picked":["Quick Slash+1","A Thousand Cuts","Deflect"],"picked":"SKIP","floor":45.0},{"not_picked":["Outmaneuver","Poisoned Stab"],"picked":"Backflip","floor":46},{"not_picked":["Dagger Spray","Masterful Stab"],"picked":"Prepared+1","floor":49},{"not_picked":["Calculated Gamble","Poisoned Stab"],"picked":"Cloak And Dagger","floor":52},{"not_picked":["Choke","Expertise","Sucker Punch"],"picked":"SKIP","floor":54}],"player_experience":188490,"relics_obtained":[{"floor":8.0,"key":"Bronze Scales"},{"floor":9.0,"key":"Anchor"},{"floor":10.0,"key":"Vajra"},{"floor":23.0,"key":"Kunai"},{"floor":27.0,"key":"Dream Catcher"},{"floor":29.0,"key":"Incense Burner"},{"floor":40.0,"key":"Whetstone"},{"floor":42.0,"key":"Calipers"},{"floor":43.0,"key":"Shuriken"},{"floor":45.0,"key":"Lantern"},{"floor":54,"key":"Mercury Hourglass"}],"event_choices":[{"damage_healed":0.0,"max_hp_gain":0.0,"max_hp_loss":0.0,"gold_gain":0.0,"event_name":"Wheel of Change","player_choice":"Cursed","floor":2.0,"gold_loss":0.0,"damage_taken":0.0,"cards_obtained":["Decay"]},{"damage_healed":0.0,"max_hp_gain":0.0,"max_hp_loss":0.0,"gold_gain":0.0,"event_name":"Shining Light","player_choice":"Entered Light","floor":3.0,"gold_loss":0.0,"damage_taken":14.0,"cards_upgraded":["Cloak And Dagger","Defend_G"]},{"damage_healed":0.0,"max_hp_gain":0.0,"max_hp_loss":0.0,"gold_gain":0.0,"event_name":"Lab","player_choice":"Got Potions","floor":14.0,"gold_loss":0.0,"damage_taken":0.0},{"damage_healed":0.0,"max_hp_gain":0.0,"max_hp_loss":21.0,"gold_gain":0.0,"event_name":"Vampires","player_choice":"Became a vampire","floor":19.0,"gold_loss":0.0,"damage_taken":0.0,"cards_obtained":["Bite","Bite","Bite","Bite","Bite"]},{"damage_healed":0.0,"max_hp_gain":0.0,"max_hp_loss":0.0,"gold_gain":0.0,"event_name":"SensoryStone","player_choice":"Memory 1","floor":36.0,"gold_loss":0.0,"damage_taken":0.0},{"damage_healed":0,"gold_gain":0,"player_choice":"2 cards matched","damage_taken":0,"max_hp_gain":0,"max_hp_loss":0,"event_name":"Match and Keep!","floor":48,"gold_loss":0,"cards_obtained":["Flash of Steel","Neutralize"]}],"is_beta":false,"boss_relics":[{"not_picked":["Busted Crown","Runic Dome"],"picked":"Philosopher\u0027s Stone"},{"not_picked":["Cursed Key","Snecko Eye"],"picked":"Fusion Hammer"}],"items_purged_floors":[24,47],"is_endless":false,"potions_floor_spawned":[5,11,13,18,20,33,35,37,42,46,54],"ascension_level":13}}