{"host":"ljavmhyz2e552xgo","time":1610024022,"event":{"mods":["BaseMod","Better Third Choice","Downfall","Friendly Minions","GungeonMod","Minty Spire (QoL Compilation)","Permanent Neow","Spicy Shops","StSLib"],"gold_per_floor":[99,114,131,26,49,49,76,76,61,81,6,21,21,37,54,150,150,150,150],"floor_reached":17,"playtime":691,"items_purged":[],"score":147,"play_id":"5ca1f73c-54e5-4d82-b267-696f683bec4e","local_time":"20210107065342","is_ascension_mode":false,"campfire_choices":[{"data":"Slimebound:Split","floor":1,"key":"SMITH"},{"floor":6,"key":"RECALL"},{"data":"Slimebound:SlimeBrawl","floor":11,"key":"SMITH"},{"data":"Slimebound:SlimeBrawl","floor":13,"key":"SMITH"}],"circlet_count":0,"master_deck":["Slimebound:Strike_Slimebound","Slimebound:Strike_Slimebound","Slimebound:Tackle","Slimebound:Defend_Slimebound","Slimebound:Defend_Slimebound","Slimebound:Defend_Slimebound","Slimebound:Defend_Slimebound","Slimebound:Split+1","Slimebound:CorrosiveSpit","Slimebound:SlimeBrawl+1","Slimebound:LeechEnergy","Slimebound:RejuvenatingLick","Slimebound:SplitBruiser","Slimebound:SlimeBrawl+1","Slimebound:LeechingTouch","Slimebound:SplitLeeching","Slimebound:LevelUp","Slimebound:SplitLeeching","Slimebound:WasteNot"],"relics":["Slimebound:AbsorbEndCombatUpgraded","Girya","DemoMod:RingOfEthereal","Bronze Scales","downfall:HeartBlessingRed"],"acts_visited":["Exordium","TheCity"],"potions_floor_usage":[15],"damage_taken":[{"damage":9,"enemies":"Cultist","floor":2,"turns":3},{"damage":8,"enemies":"Small Slimes","floor":3,"turns":3},{"damage":16,"enemies":"downfall:FleeingMerchant","floor":4,"turns":4},{"damage":12,"enemies":"downfall:FleeingMerchant","floor":9,"turns":4},{"damage":15,"enemies":"Jaw Worm","floor":10,"turns":2},{"damage":24,"enemies":"Exordium Thugs","floor":12,"turns":3},{"damage":23,"enemies":"Red Slaver","floor":14,"turns":2},{"damage":7,"enemies":"2 Fungi Beasts","floor":15,"turns":2},{"damage":30,"enemies":"downfall:Watcher","floor":16,"turns":6}],"seed_played":"8124136866634139251","potions_obtained":[{"floor":10,"key":"Strength Potion"},{"floor":12,"key":"Fire Potion"},{"floor":15,"key":"Block Potion"},{"floor":16,"key":"DistilledChaos"}],"is_trial":false,"path_per_floor":["R","M","M","$","T","R","T","?","$","M","R","M","R","M","M","B",null],"character_chosen":"SLIMEBOUND","items_purchased":["DemoMod:RingOfEthereal","Slimebound:SplitBruiser"],"campfire_rested":0,"item_purchase_floors":[4,4],"current_hp_per_floor":[42,45,51,49,49,49,49,49,59,57,57,50,50,45,46,50,60,60,60],"gold":150,"neow_bonus":"ONE_RARE_RELIC","is_daily":false,"chose_seed":false,"campfire_upgraded":3,"win_rate":0.0,"timestamp":1610024022,"path_taken":["R","M","M","$","?","R","T","?","$","M","R","M","R","?","M","BOSS"],"items_purchased_type":["Relic","Card"],"build_version":"2020-12-22","purchased_purges":0,"victory":false,"max_hp_per_floor":[60,60,60,60,60,60,60,60,60,60,60,60,60,60,60,60,60,60,60],"card_choices":[{"not_picked":["Slimebound:PressTheAttack","Slimebound:RollThrough"],"picked":"Slimebound:SlimeBrawl","floor":2},{"not_picked":["Slimebound:HauntingLick","Slimebound:Prepare"],"picked":"Slimebound:LeechEnergy","floor":3},{"not_picked":["Slimebound:ComboTackle","Slimebound:Equalize"],"picked":"Slimebound:RejuvenatingLick","floor":4},{"not_picked":["Slimebound:ItLooksTasty","Slimebound:LeechEnergy"],"picked":"Slimebound:LeechingTouch","floor":9},{"not_picked":["Slimebound:GrowthPunch","Slimebound:LeechEnergy"],"picked":"Slimebound:SplitLeeching","floor":10},{"not_picked":["Slimebound:Prepare","Slimebound:Repurpose"],"picked":"Slimebound:LevelUp","floor":12},{"not_picked":["Slimebound:Schlurp","Slimebound:Equalize","Slimebound:GoopSpray"],"picked":"SKIP","floor":14},{"not_picked":["Slimebound:GrowthPunch","Slimebound:HungryTackle"],"picked":"Slimebound:SplitLeeching","floor":15},{"not_picked":["Slimebound:DouseInSlime","Slimebound:DuplicatedForm"],"picked":"Slimebound:WasteNot","floor":16}],"player_experience":1478919,"relics_obtained":[{"floor":7,"key":"Bronze Scales"}],"event_choices":[{"damage_healed":0,"gold_gain":0,"cards_transformed":["Slimebound:Strike_Slimebound"],"player_choice":"Transformed","damage_taken":0,"max_hp_gain":0,"max_hp_loss":0,"event_name":"Transmorgrifier","floor":8,"gold_loss":0,"cards_obtained":["Slimebound:SlimeBrawl"]}],"is_beta":false,"boss_relics":[{"not_picked":["Astrolabe","Runic Pyramid"],"picked":"Slimebound:AbsorbEndCombatUpgraded"}],"items_purged_floors":[],"is_endless":false,"potions_floor_spawned":[10,12,15,16],"ascension_level":0}}