{"host":"dn6kke80v5f7isus","time":1610038597,"event":{"mods":["AchievementEnabler","Act Like it!","BaseMod","Colored Powertips","Custom Start","Defuse TimeMaze Blight","Downfall","Duelist Mod","Gremlin Skip","Highlight Path","Hubris","Infinite Spire","Minty Spire (QoL Compilation)","Rare Cards Sparkle","Replay The Spire","StSLib","Uncapped"],"gold_per_floor":[135,135,135,149,159,186,186,216,239,239,239,66,89,104,104,206,206,224,224,67,86,96,96,96],"floor_reached":23,"playtime":838,"items_purged":[],"score":286,"play_id":"4ccfae11-5d0e-42ab-8ed2-2be1216b78ec","local_time":"20210107115637","is_ascension_mode":true,"campfire_choices":[{"data":"theDuelist:CyberDragonCore","floor":7,"key":"SMITH"},{"data":"theDuelist:AncientRules","floor":10,"key":"SMITH"},{"data":"theDuelist:Duoterion","floor":15,"key":"SMITH"}],"circlet_count":0,"master_deck":["theDuelist:MirageDragon+1","theDuelist:CyberDragonInfinity+1","theDuelist:Duoterion+1","theDuelist:CaveDragon+1","theDuelist:StormSparks","theDuelist:LesserDragon+1","theDuelist:Earthquake+1","theDuelist:CaveDragon+1","theDuelist:CyberDragonCore+1","theDuelist:CastleWalls","theDuelist:CastleWalls","theDuelist:CyberValley+1","theDuelist:Sparks","theDuelist:LesserDragon+1","theDuelist:YamataDragon+1","theDuelist:BabyDragon+1","theDuelist:SurvivalFittest","theDuelist:AncientRules+1","theDuelist:VeilDarkness"],"relics":["theDuelist:MillenniumPuzzle","theDuelist:CardPoolRelic","theDuelist:CardPoolBasicRelic","theDuelist:BoosterPackPoolRelic","theDuelist:CardPoolAddRelic","theDuelist:CardPoolMinusRelic","theDuelist:CardPoolSaveRelic","theDuelist:CardPoolOptionsRelic","Boot","Strawberry","Bronze Scales","Bronze Scales","theDuelist:MillenniumArmor","SlaversCollar","Potion Belt"],"acts_visited":["Exordium","TheCity"],"potions_floor_usage":[8,8],"damage_taken":[{"damage":0.0,"enemies":"2 Louse","floor":1.0,"turns":1.0},{"damage":1,"enemies":"Jaw Worm","floor":4,"turns":2},{"damage":3,"enemies":"infinitespire:Voidling","floor":5,"turns":2},{"damage":18,"enemies":"Lagavulin","floor":6,"turns":3},{"damage":18,"enemies":"3 Sentries","floor":8,"turns":7},{"damage":9,"enemies":"Looter","floor":14,"turns":4},{"damage":0,"enemies":"Slime Boss","floor":16,"turns":7},{"damage":0,"enemies":"3 Byrds","floor":18,"turns":2},{"damage":3,"enemies":"Spheric Guardian","floor":21,"turns":4},{"damage":0,"enemies":"Centurion and Healer","floor":22,"turns":5},{"damage":0,"enemies":"Slavers","floor":23,"turns":1}],"seed_played":"-6124062279929999501","potions_obtained":[{"floor":4,"key":"theDuelist:SummonFuryPotion"},{"floor":5,"key":"Regen Potion"},{"floor":6,"key":"theDuelist:FireBottle"},{"floor":16,"key":"Block Potion"},{"floor":18,"key":"LifebloodPotion"},{"floor":21,"key":"theDuelist:WaterBottle"}],"is_trial":false,"path_per_floor":["M","?","?","M","M","E","R","E","T","R","?","?","T","M","R","B",null,"M","?","$","M","M","E"],"character_chosen":"THE_DUELIST","items_purchased":["Potion Belt"],"campfire_rested":0,"item_purchase_floors":[20],"current_hp_per_floor":[88,88,88,87,84,66,66,70,70,70,70,70,70,61,61,61,95,95,95,95,92,92,92,92],"gold":96,"neow_bonus":"TEN_PERCENT_HP_BONUS","is_daily":false,"chose_seed":false,"campfire_upgraded":3,"win_rate":0.0,"timestamp":1610038597,"path_taken":["M","?","?","M","?","E","R","E","T","R","?","?","?","M","R","BOSS","M","?","$","M","?","E"],"items_purchased_type":["Relic"],"build_version":"2020-12-22","purchased_purges":0,"victory":false,"max_hp_per_floor":[88,88,88,88,88,88,88,95,95,95,95,95,95,95,95,95,95,95,95,95,95,95,95,95],"card_choices":[{"not_picked":["theDuelist:QueenDragunDjinn","theDuelist:MaskedDragon","theDuelist:Babycerasaurus","theDuelist:AquaDolphin"],"picked":"theDuelist:MiraculousDescent","floor":1.0},{"not_picked":["theDuelist:TwinBarrelDragon","theDuelist:BlackBrutdrago","theDuelist:HazyFlameHydra","theDuelist:CyberDragonDrei"],"picked":"theDuelist:VeilDarkness","floor":4},{"not_picked":["theDuelist:LesserDragon","theDuelist:CurseDragon","theDuelist:FrostflameDragon","theDuelist:DarkDriceratops"],"picked":"theDuelist:CyberDragonCore","floor":5},{"not_picked":["theDuelist:CyberDragon","theDuelist:BlackBrachios","theDuelist:AquaDolphin","theDuelist:Sabersaurus"],"picked":"theDuelist:AncientRules","floor":6},{"not_picked":["theDuelist:MadSwordBeast","theDuelist:Hydrogeddon","theDuelist:BlackBrutdrago","theDuelist:CyberTwinDragon"],"picked":"theDuelist:MirageDragon","floor":8},{"not_picked":["theDuelist:BlackStego","theDuelist:BlackPtera","theDuelist:SphereChaos","theDuelist:BabyDragon"],"picked":"theDuelist:Duoterion","floor":14},{"not_picked":["theDuelist:TailSwipe","theDuelist:OceanDragonLord","theDuelist:LostWorld","theDuelist:ChimeratechOverdragon"],"picked":"theDuelist:SurvivalFittest","floor":16},{"not_picked":["theDuelist:AncientGearGadjiltron+1","theDuelist:OneDayPeace","theDuelist:GuardragonJusticia+1","theDuelist:EvilMind"],"picked":"theDuelist:CyberDragonInfinity+1","floor":18},{"not_picked":["theDuelist:SystemDown+1","theDuelist:MiraculousDescent","theDuelist:DragonRavine","theDuelist:AutorokketDragon","theDuelist:Berserking"],"picked":"SKIP","floor":21},{"not_picked":["theDuelist:VoidOgreDragon","theDuelist:BusterBladerDDS+1","theDuelist:BlackTyranno"],"picked":"SKIP","floor":22}],"player_experience":523226,"relics_obtained":[{"floor":6,"key":"Boot"},{"floor":8,"key":"Strawberry"},{"floor":9,"key":"Bronze Scales"},{"floor":13,"key":"theDuelist:MillenniumArmor"}],"event_choices":[{"damage_healed":0,"gold_gain":0,"player_choice":"1 cards matched","damage_taken":0,"max_hp_gain":0,"max_hp_loss":0,"event_name":"Match and Keep!","floor":3,"gold_loss":0,"cards_obtained":["theDuelist:CyberValley"]},{"damage_healed":0,"gold_gain":0,"player_choice":"Duplicated Relic - Bronze Scales","duelist":true,"damage_taken":0,"max_hp_gain":0,"max_hp_loss":0,"event_name":"Relic Duplicator","floor":12,"gold_loss":0}],"is_beta":false,"boss_relics":[{"not_picked":["infinitespire:Burning Sword","Replay:Drink Me"],"picked":"SlaversCollar"}],"items_purged_floors":[],"is_endless":false,"potions_floor_spawned":[4,5,6,16,18,21],"killed_by":"Slavers","ascension_level":1}}