{"host":"dmdprxj8bosbz96f","time":1610022210,"event":{"mods":["AchievementEnabler","BaseMod","Colored Map","DeckTracker","Minty Spire (QoL Compilation)","Permanent Neow","Quick Restart","SuperFastMode","everything is the same but u backflip on backflip"],"gold_per_floor":[116,116,128,138,4,38,50,68,92,22,88,88,88,108,108,108,108],"floor_reached":16,"playtime":416,"items_purged":[],"score":122,"play_id":"f57d4d0f-e6b2-427f-8361-1d05ea10d91a","local_time":"20210107212330","is_ascension_mode":true,"campfire_choices":[{"data":"Entrench","floor":15,"key":"SMITH"}],"circlet_count":0,"master_deck":["Strike_R","Strike_R","Strike_R","Strike_R","Strike_R","Defend_R","Defend_R","Defend_R","Defend_R","Bash","Immolate","Shrug It Off","Perfected Strike","Pommel Strike","Entrench+1","Body Slam","Body Slam","Dual Wield","Cleave","Entrench","Shrug It Off"],"relics":["Burning Blood","Charon\u0027s Ashes","Smiling Mask","Vajra","Bottled Flame"],"acts_visited":["Exordium"],"potions_floor_usage":[6,6,7,16],"damage_taken":[{"damage":7,"enemies":"Small Slimes","floor":1,"turns":3},{"damage":0,"enemies":"Cultist","floor":3,"turns":3},{"damage":2,"enemies":"Jaw Worm","floor":4,"turns":3},{"damage":4,"enemies":"3 Sentries","floor":6,"turns":5},{"damage":18,"enemies":"Blue Slaver","floor":7,"turns":4},{"damage":24,"enemies":"Exordium Thugs","floor":8,"turns":4},{"damage":0,"enemies":"Lots of Slimes","floor":14,"turns":1},{"damage":40,"enemies":"The Guardian","floor":16,"turns":9}],"seed_played":"8679772390025999068","potions_obtained":[{"floor":2,"key":"HeartOfIron"},{"floor":2,"key":"BloodPotion"},{"floor":2,"key":"Swift Potion"},{"floor":14,"key":"Swift Potion"}],"is_trial":false,"path_per_floor":["M","?","M","M","$","E","M","M","T","$","?","?","T","M","R","B"],"character_chosen":"IRONCLAD","items_purchased":["Entrench","Body Slam","Entrench"],"campfire_rested":0,"item_purchase_floors":[5,5,10],"current_hp_per_floor":[79,79,80,80,80,80,80,62,62,62,62,37,37,43,43,3,3],"gold":108,"neow_bonus":"ONE_RANDOM_RARE_CARD","is_daily":false,"chose_seed":false,"campfire_upgraded":1,"win_rate":0.0,"timestamp":1610022210,"path_taken":["M","?","M","M","$","E","M","?","T","$","?","?","?","M","R","BOSS"],"items_purchased_type":["Card","Card","Card"],"build_version":"2020-12-22","purchased_purges":0,"victory":false,"max_hp_per_floor":[80,80,80,80,80,80,80,80,80,80,80,80,80,80,80,80,80],"card_choices":[{"not_picked":["Sentinel","Fire Breathing"],"picked":"Shrug It Off","floor":1},{"not_picked":["Thunderclap","Clash"],"picked":"Perfected Strike","floor":3},{"not_picked":["Twin Strike","Cleave"],"picked":"Pommel Strike","floor":4},{"not_picked":["Iron Wave","Combust"],"picked":"Body Slam","floor":6},{"not_picked":["Clothesline","Limit Break"],"picked":"Dual Wield","floor":7},{"not_picked":["Clash","Shockwave"],"picked":"Cleave","floor":8},{"not_picked":["Intimidate","Feel No Pain"],"picked":"Shrug It Off","floor":14}],"player_experience":168821,"relics_obtained":[{"floor":6,"key":"Charon\u0027s Ashes"},{"floor":9,"key":"Smiling Mask"},{"floor":13,"key":"Bottled Flame"}],"event_choices":[{"damage_healed":0,"gold_gain":0,"player_choice":"Got Potions","damage_taken":0,"max_hp_gain":0,"max_hp_loss":0,"event_name":"Lab","floor":2,"gold_loss":0},{"damage_healed":0,"gold_gain":66,"player_choice":"Gained Gold","damage_taken":0,"max_hp_gain":0,"max_hp_loss":0,"event_name":"Golden Wing","floor":11,"gold_loss":0},{"damage_healed":0,"gold_gain":0,"player_choice":"Success","damage_taken":25,"relics_obtained":["Vajra"],"max_hp_gain":0,"max_hp_loss":0,"event_name":"Scrap Ooze","floor":12,"gold_loss":0}],"is_beta":false,"boss_relics":[],"items_purged_floors":[],"is_endless":false,"potions_floor_spawned":[3,14],"killed_by":"The Guardian","ascension_level":4}}