{"host":"gndxudri6ebovps6","time":1610002047,"event":{"mods":["AchievementEnabler","Act Like it!","Aspiration","BaseMod","Better Altar","Better Match","Better Note","Better Sensory Stone","Better Skull","Better Vampires","BetterRewards","Block Reminder","GifTheSpireLib","Hubris","Infinite Spire","Marked Mod","Minty Spire (QoL Compilation)","Pale of the Ancients","Quick Restart","Replay The Spire","Shop Mod","Spicy Shops","Spikes Relics","StSLib","Stuff the Spire","The Cursed","The Judge","The Necromancer","everything is the same but u backflip on backflip","vexMod"],"gold_per_floor":[116,133,146,156,156,156,83,83,83,83,83,100,100,126,126,225,225,235,235,85,85,97,124,124,136,187,187,187,205,217,233,233,435,435,535,535,535,585,595,624,624,341,388,419,431,457,469,0,12,24,24],"floor_reached":50,"playtime":2464,"items_purged":[],"score":618,"play_id":"1b9e408a-0890-4ba3-9bed-79f95c15db1d","local_time":"20210107044727","is_ascension_mode":false,"campfire_choices":[{"data":"Blood_Is_Power","floor":6.0,"key":"SMITH"},{"data":"Summon_Undead","floor":8.0,"key":"SMITH"},{"data":"Life_Drain","floor":11.0,"key":"SMITH"},{"data":"Thousand_Bone_Knives","floor":13.0,"key":"SMITH"},{"data":"Bone_Wall","floor":15.0,"key":"SMITH"},{"floor":24.0,"key":"REST"},{"floor":27.0,"key":"REST"},{"data":"Summon_Undead_Army","floor":32.0,"key":"SMITH"},{"floor":41,"key":"REST"},{"data":"Bone_Prison","floor":45,"key":"SMITH"},{"floor":49,"key":"REST"}],"circlet_count":0,"master_deck":["Strike_W","Strike_W","Strike_W","Strike_W","Defend_W","Defend_W","Defend_W","Negative_Energy_Arrows","Bone_Wall+1","Summon_Undead+1","Blood_Is_Power+1","Negative_Energy_Javelin","Stop_Heart","Life_Drain+1","Negative_Energy_Sphere","Bone_Bullets+1","Summon_Undead_Army+1","Spectral_Walk","Scare","Necrotic_Claws","Bone_Bullets","Slay_Living+1","Bone_Prison+1","Life_Drain+1","Skeleton_Dragon","Blood_Curse+1","Thousand_Bone_Knives+1","Bone_Shift+1","Vampiric_Strike","Requiem","Requiem","Finger_Of_Death","Summon_Undead_Army"],"relics":["Vampire_Amulet","NeowsBlessing","Potion Belt","hubris:Icosahedron","Oddly Smooth Stone","Philosopher\u0027s Stone","SuspiciousGoo","StuffTheSpire:Mouthbags","aspiration:RunicSpoon","vexMod:PlasmaPancake","Torii","CherryCoatedStake","OrangePellets","ReplayTheSpireMod:TigerMarble","MawBank","Red Mask"],"acts_visited":["Exordium","TheCity","TheBeyond"],"potions_floor_usage":[40],"damage_taken":[{"damage":0.0,"enemies":"Cultist","floor":1.0,"turns":1.0},{"damage":0.0,"enemies":"Small Slimes","floor":2.0,"turns":2.0},{"damage":0.0,"enemies":"Jaw Worm","floor":3.0,"turns":1.0},{"damage":8.0,"enemies":"Blue Slaver","floor":4.0,"turns":3.0},{"damage":2.0,"enemies":"2 Fungi Beasts","floor":12.0,"turns":2.0},{"damage":2.0,"enemies":"Gremlin Nob","floor":14.0,"turns":2.0},{"damage":42.0,"enemies":"Slime Boss","floor":16.0,"turns":8.0},{"damage":17.0,"enemies":"Shell Parasite","floor":18.0,"turns":3.0},{"damage":36.0,"enemies":"2 Thieves","floor":22.0,"turns":3.0},{"damage":33.0,"enemies":"Book of Stabbing","floor":23.0,"turns":5.0},{"damage":19.0,"enemies":"Shelled Parasite and Fungi","floor":25.0,"turns":2.0},{"damage":28.0,"enemies":"Snake Plant","floor":29.0,"turns":4.0},{"damage":2.0,"enemies":"Sentry and Sphere","floor":30.0,"turns":5.0},{"damage":12.0,"enemies":"Snecko","floor":31.0,"turns":4.0},{"damage":26.0,"enemies":"Automaton","floor":33.0,"turns":7.0},{"damage":41.0,"enemies":"3 Darklings","floor":35.0,"turns":4.0},{"damage":39.0,"enemies":"Mind Bloom Boss Battle","floor":38.0,"turns":8.0},{"damage":8,"enemies":"3 Shapes","floor":39,"turns":4},{"damage":41,"enemies":"Giant Head","floor":40,"turns":9},{"damage":40,"enemies":"Nemesis","floor":44,"turns":7},{"damage":35,"enemies":"Writhing Mass","floor":46,"turns":6},{"damage":43,"enemies":"Awakened One","floor":50,"turns":3}],"seed_played":"7631746487089189559","potions_obtained":[{"floor":1.0,"key":"Toxic Potion"},{"floor":2.0,"key":"SteroidPotion"},{"floor":12.0,"key":"SpeedPotion"},{"floor":14.0,"key":"SpeedPotion"},{"floor":18.0,"key":"Regen Potion"},{"floor":23.0,"key":"AttackPotion"},{"floor":25.0,"key":"SmokeBomb"},{"floor":31.0,"key":"Adrenaline Potion"},{"floor":38.0,"key":"Block Potion"}],"is_trial":false,"path_per_floor":["M","M","M","M","?","R","$","R","T","?","R","M","R","E","R","B",null,"M","?","$","?","M","E","R","M","T","R","?","M","M","M","R","B",null,"M","?","?","?","M","E","R","$","T","E","R","M","$","?","R","B"],"character_chosen":"NECROMANCER","items_purchased":["Life_Drain","Summon_Undead_Army","Spectral_Walk","CherryCoatedStake","Requiem","OrangePellets"],"campfire_rested":4,"item_purchase_floors":[7,20,20,42,42,42],"current_hp_per_floor":[75,75,75,69,69,69,69,69,69,69,69,75,75,75,75,41,75,66,66,66,66,34,17,39,30,30,52,85,59,67,75,75,82,85,46,46,46,27,37,20,47,47,47,25,25,4,4,4,31,3,3],"gold":24,"neow_bonus":"THREE_ENEMY_KILL","is_daily":false,"chose_seed":false,"campfire_upgraded":7,"win_rate":0.0,"timestamp":1610002047,"path_taken":["M","M","?","M","?","R","?","R","T","?","R","?","R","E","R","BOSS","M","?","$","?","?","E","R","M","T","R","?","M","?","M","R","BOSS","M","?","?","?","M","E","R","?","T","E","R","M","$","?","R","BOSS"],"items_purchased_type":["Card","Card","Card","Relic","Card","Relic"],"build_version":"2020-12-22","purchased_purges":0,"victory":false,"max_hp_per_floor":[75,75,75,75,75,75,75,75,75,75,75,75,75,75,75,75,75,75,75,75,75,75,75,75,75,75,75,85,85,85,85,85,85,85,85,85,85,91,91,91,91,91,91,91,91,91,91,91,91,91,91],"card_choices":[{"not_picked":["Strike_from_Beyond","Consume_Illness"],"picked":"Summon_Undead","floor":1.0},{"not_picked":["Bone_Shift","Bone_Prison"],"picked":"Blood_Is_Power","floor":2.0},{"not_picked":["Strike_from_Beyond","Negative_Energy_Mist"],"picked":"Negative_Energy_Javelin","floor":3.0},{"not_picked":["Flesh_Made_Foul","Death_Coil"],"picked":"Stop_Heart","floor":4.0},{"not_picked":["Negative_Energy_Bomb","Consume_Illness"],"picked":"Thousand_Bone_Knives","floor":12.0},{"not_picked":["Blood_Whip","Death_Coil"],"picked":"Negative_Energy_Sphere","floor":14.0},{"not_picked":["Requiem","Negative_Energy_Bomb"],"picked":"Summon_Death_Knight","floor":16.0},{"not_picked":["Death_Knell+1","Finger_Of_Death"],"picked":"Bone_Bullets+1","floor":18.0},{"not_picked":["Chill_Blood","Negative_Energy_Shield"],"picked":"Scare","floor":22.0},{"not_picked":["Blood_for_Blood","Reap_The_Weak"],"picked":"Necrotic_Claws","floor":23.0},{"not_picked":["Negative_Energy_Sphere","Scare"],"picked":"Bone_Bullets","floor":25.0},{"not_picked":["Blood_Whip","Blood_Curse"],"picked":"Slay_Living+1","floor":29.0},{"not_picked":["Whirlwind_of_Bones+1","Shackles_Of_Pain"],"picked":"Bone_Prison","floor":30.0},{"not_picked":["Negative_Energy_Burst","Negative_Energy_Shield"],"picked":"Life_Drain+1","floor":31.0},{"not_picked":["Blood_Wake","Blood_Magic"],"picked":"Skeleton_Dragon","floor":33.0},{"not_picked":["Bone_Bullets+1","Negative_Energy_Javelin"],"picked":"Blood_Curse+1","floor":38.0},{"not_picked":["Siphon_Strength","Epidemic"],"picked":"Bone_Shift+1","floor":39},{"not_picked":["Death_Coil+1","Violent_Necrosis"],"picked":"Vampiric_Strike","floor":40},{"not_picked":["Bone_Bullets","Slay_Living+1"],"picked":"Finger_Of_Death","floor":44},{"not_picked":["Finger_Of_Death+1","Negative_Energy_Burst"],"picked":"Summon_Undead_Army","floor":46}],"player_experience":479756,"relics_obtained":[{"floor":9.0,"key":"Potion Belt"},{"floor":14.0,"key":"Oddly Smooth Stone"},{"floor":23.0,"key":"SuspiciousGoo"},{"floor":26.0,"key":"StuffTheSpire:Mouthbags"},{"floor":38.0,"key":"vexMod:PlasmaPancake"},{"floor":40,"key":"Torii"},{"floor":43,"key":"ReplayTheSpireMod:TigerMarble"},{"floor":44,"key":"MawBank"}],"event_choices":[{"damage_healed":0.0,"max_hp_gain":0.0,"max_hp_loss":0.0,"gold_gain":0.0,"event_name":"Transmorgrifier","player_choice":"Ignored","floor":5.0,"gold_loss":0.0,"damage_taken":0.0},{"damage_healed":0.0,"max_hp_gain":0.0,"max_hp_loss":0.0,"gold_gain":0.0,"event_name":"betterNote:BetterNote","player_choice":"Ignored","floor":19.0,"gold_loss":0.0,"damage_taken":0.0,"cards_obtained":["Doubt"]},{"damage_healed":0.0,"max_hp_gain":0.0,"max_hp_loss":0.0,"gold_gain":0.0,"event_name":"The Woman in Blue","player_choice":"Bought 0 Potions","floor":21.0,"gold_loss":0.0,"damage_taken":0.0},{"cards_removed":["Summon_Death_Knight"],"damage_healed":23.0,"max_hp_gain":10.0,"max_hp_loss":0.0,"gold_gain":0.0,"event_name":"Bonfire Elementals","player_choice":"Offered Rare","floor":28.0,"gold_loss":0.0,"damage_taken":0.0},{"cards_removed":["Defend_W"],"damage_healed":0.0,"max_hp_gain":0.0,"max_hp_loss":0.0,"gold_gain":0.0,"event_name":"Falling","player_choice":"Removed Skill","floor":37.0,"gold_loss":0.0,"damage_taken":0.0},{"damage_healed":0.0,"max_hp_gain":0.0,"max_hp_loss":0.0,"gold_gain":0.0,"event_name":"MindBloom","player_choice":"Fight","floor":38.0,"gold_loss":0.0,"damage_taken":0.0},{"damage_healed":0,"gold_gain":0,"player_choice":"Paid","damage_taken":0,"relics_obtained":["Red Mask"],"max_hp_gain":0,"max_hp_loss":0,"event_name":"Tomb of Lord Red Mask","floor":48,"gold_loss":481}],"is_beta":false,"boss_relics":[{"not_picked":["Replay:Wanted Poster","ReplayTheSpireMod:SealedPack"],"picked":"Philosopher\u0027s Stone"},{"not_picked":["hubris:BlackHole","hubris:GrandSneckoEye"],"picked":"aspiration:RunicSpoon"}],"items_purged_floors":[],"is_endless":false,"potions_floor_spawned":[1,2,12,14,18,23,25,31,35,38],"killed_by":"Awakened One","ascension_level":0}}