{"host":"dnd25fcf5l5puhl9","time":1610031846,"event":{"mods":["AchievementEnabler","Act Like it!","BaseMod","BetterRewards","Colored Map","Colored Powertips","Downfall","Gensokyo","Hermit","Hubris","Infinite Spire","Lobotomy","Minty Spire (QoL Compilation)","Replay The Spire","Shop Mod","StSLib","SuperFastMode"],"gold_per_floor":[99,109,129,146,163,163,188,188,20,20,20,31,31,63,77,181,181,31,45,63,81,100,100,100,100,28,150,151,186,186,234,272,392,392,317,351,379,379,411,411,435,483,140,140,140,140,163,163],"floor_reached":47,"playtime":2904,"items_purged":["Writhe"],"score":497,"play_id":"aea13b07-3b2f-4dd7-b2c5-4dc40e136133","local_time":"20210107130406","is_ascension_mode":false,"campfire_choices":[{"data":"expansioncontent:TimeRipple","floor":1,"key":"SMITH"},{"data":"hermit:Dive","floor":8,"key":"SMITH"},{"data":"hermit:Covet","floor":10,"key":"SMITH"},{"floor":13,"key":"RECALL"},{"data":"hermit:Vantage","floor":18,"key":"SMITH"},{"floor":30,"key":"DIG"},{"floor":35,"key":"DIG"},{"data":"hermit:DeadOrAlive","floor":44,"key":"SMITH"}],"circlet_count":0,"master_deck":["hermit:Strike_Hermit","hermit:Strike_Hermit","hermit:Strike_Hermit","hermit:Strike_Hermit","hermit:Defend_Hermit","hermit:Defend_Hermit","hermit:Defend_Hermit","hermit:Defend_Hermit","hermit:Snapshot+1","hermit:Covet+1","expansioncontent:TimeRipple+1","hermit:Headshot","hermit:Feint+1","hermit:Dive+1","hermit:Vantage+1","hermit:EyeOfTheStorm+1","hermit:Maintenance+1","hermit:Ricochet","hermit:Determination+1","hermit:Adapt+1","hermit:ItchyTrigger+1","hermit:TrackingShot+1","hermit:Quickdraw+1","hermit:Scavenge","hermit:CalledShot+1","hermit:DeadOrAlive+1"],"relics":["hermit:Momento","downfall:ShatteredFragment","Bronze Scales","infinitespire:PuzzleCube","Regal Pillow","Busted Crown","downfall:HeartBlessingRed","downfall:HeartBlessingGreen","Garlic","Replay:Bandana","Shovel","Frozen Egg 2","Question Card","Replay:Bottled Eggs","Sozu","downfall:HeartBlessingBlue","hubris:CrystalStatue","Art of War","InkBottle","StoneCalendar","Mango","Membership Card"],"acts_visited":["Exordium","TheCity","TheBeyond"],"potions_floor_usage":[14,16,27,33,47,47],"damage_taken":[{"damage":0,"enemies":"Small Slimes","floor":2,"turns":2},{"damage":0,"enemies":"2 Louse","floor":3,"turns":1},{"damage":0,"enemies":"Cultist","floor":4,"turns":2},{"damage":0,"enemies":"2 Fungi Beasts","floor":5,"turns":2},{"damage":0,"enemies":"downfall:FleeingMerchant","floor":9,"turns":4},{"damage":0,"enemies":"Exordium Wildlife","floor":12,"turns":1},{"damage":12,"enemies":"Gremlin Nob","floor":14,"turns":4},{"damage":5,"enemies":"Blue Slaver","floor":15,"turns":2},{"damage":21,"enemies":"downfall:Watcher","floor":16,"turns":8},{"damage":0,"enemies":"3 Byrds","floor":19,"turns":2},{"damage":12,"enemies":"Centurion and Healer","floor":20,"turns":4},{"damage":6,"enemies":"Cultist and Chosen","floor":21,"turns":5},{"damage":1,"enemies":"Snake Plant","floor":22,"turns":3},{"damage":0,"enemies":"downfall:FleeingMerchant","floor":26,"turns":4},{"damage":5,"enemies":"Colosseum Nobs","floor":27,"turns":3},{"damage":0,"enemies":"downfall:FleeingMerchant","floor":28,"turns":4},{"damage":9,"enemies":"Centurion and Healer","floor":29,"turns":6},{"damage":18,"enemies":"Nightmare","floor":31,"turns":8},{"damage":0,"enemies":"Sentry and Sphere","floor":32,"turns":3},{"damage":10,"enemies":"downfall:Silent","floor":33,"turns":7},{"damage":0,"enemies":"3 Darklings","floor":36,"turns":3},{"damage":3,"enemies":"Orb Walker","floor":37,"turns":3},{"damage":0,"enemies":"Transient","floor":39,"turns":5},{"damage":5,"enemies":"3 Darklings","floor":42,"turns":3},{"damage":0,"enemies":"downfall:FleeingMerchant","floor":43,"turns":3},{"damage":87,"enemies":"Nightmare","floor":47,"turns":7}],"seed_played":"-5440935812033788322","potions_obtained":[{"floor":5,"key":"Adrenaline Potion"},{"floor":12,"key":"FearPotion"},{"floor":14,"key":"SkillPotion"},{"floor":20,"key":"SkillPotion"},{"floor":27,"key":"infinitespire:BlackPotion"},{"floor":29,"key":"hexamod:EctoCoolerPotion"},{"floor":33,"key":"Block Potion"}],"is_trial":false,"path_per_floor":["R","M","M","M","M","?","T","R","$","R","?","M","R","E","M","B",null,"R","M","M","M","M","AVR","T","?","$","?","$","M","R","NM","M","B",null,"R","M","M","?","M","?","T","M","$","R","AVR","$","NM"],"character_chosen":"HERMIT","items_purchased":["infinitespire:PuzzleCube","hermit:DeadOrAlive","InkBottle","StoneCalendar","Membership Card"],"campfire_rested":0,"item_purchase_floors":[9,43,43,43,46],"current_hp_per_floor":[75,75,75,75,75,63,63,63,63,63,63,63,63,51,46,25,75,75,75,63,57,56,56,56,56,56,51,51,42,42,24,24,14,75,85,85,82,82,82,82,82,77,77,77,91,81,0,0],"gold":163,"neow_bonus":"RANDOM_COLORLESS","is_daily":false,"chose_seed":false,"campfire_upgraded":5,"win_rate":0.0,"timestamp":1610031846,"path_taken":["R","M","M","M","M","?","T","R","$","R","?","?","R","E","M","BOSS","R","M","M","M","M","AVR","T","?","$","?","?","?","R","NM","M","BOSS","R","M","M","?","?","?","T","?","$","R","AVR","?","NM"],"items_purchased_type":["Relic","Card","Relic","Relic","Relic"],"build_version":"2020-12-22","purchased_purges":1,"victory":false,"max_hp_per_floor":[75,75,75,75,75,75,75,75,75,75,75,75,75,75,75,75,75,75,75,75,75,75,75,75,75,75,75,75,75,75,75,75,75,75,85,85,85,85,85,85,85,85,85,85,99,99,99,99],"card_choices":[{"not_picked":["ReplayTheSpireMod:Trickstab","ReplayTheSpireMod:Private Reserves"],"picked":"expansioncontent:TimeRipple","floor":0},{"not_picked":["hermit:Horror","hermit:Glare","hermit:Roulette"],"picked":"SKIP","floor":2},{"not_picked":["hermit:Glare","hermit:CalledShot"],"picked":"hermit:Headshot","floor":3},{"not_picked":["hermit:BodyArmor","hermit:Scavenge"],"picked":"hermit:Feint","floor":4},{"not_picked":["hermit:Feint","hermit:FatalDesire"],"picked":"hermit:Dive","floor":5},{"not_picked":["hermit:Cheat","hermit:SprayPray","hermit:Grudge"],"picked":"SKIP","floor":9},{"not_picked":["hermit:Showdown","hermit:ItchyTrigger","hermit:Roulette"],"picked":"SKIP","floor":12},{"not_picked":["hermit:CalledShot","hermit:Virtue"],"picked":"hermit:Vantage","floor":14},{"not_picked":["hermit:CalledShot","hermit:Enervate","hermit:Ricochet"],"picked":"SKIP","floor":15},{"not_picked":["hermit:CalledShot"],"picked":"SKIP","floor":19},{"not_picked":["hermit:TrackingShot"],"picked":"SKIP","floor":20},{"not_picked":[],"picked":"hermit:EyeOfTheStorm+1","floor":21},{"not_picked":[],"picked":"hermit:Maintenance","floor":22},{"not_picked":["hermit:Malice"],"picked":"SKIP","floor":26},{"not_picked":["hermit:Roulette"],"picked":"SKIP","floor":28},{"not_picked":["hermit:CalledShot"],"picked":"SKIP","floor":29},{"not_picked":["hermit:Cheat"],"picked":"hermit:Ricochet","floor":31},{"not_picked":["hermit:CalledShot"],"picked":"hermit:Determination+1","floor":32},{"not_picked":["hermit:Purgatory"],"picked":"hermit:Adapt+1","floor":33},{"not_picked":["hermit:BodyArmor+1"],"picked":"hermit:ItchyTrigger+1","floor":36},{"not_picked":["hermit:Shortfuse+1"],"picked":"hermit:TrackingShot+1","floor":37},{"not_picked":["hermit:BodyArmor"],"picked":"hermit:Quickdraw+1","floor":39},{"not_picked":["hermit:Desperado"],"picked":"hermit:Scavenge","floor":42},{"not_picked":["hermit:Manifest"],"picked":"hermit:CalledShot+1","floor":43}],"player_experience":539395,"relics_obtained":[{"floor":7,"key":"Bronze Scales"},{"floor":14,"key":"Regal Pillow"},{"floor":27,"key":"Shovel"},{"floor":27,"key":"Frozen Egg 2"},{"floor":30,"key":"Question Card"},{"floor":31,"key":"Replay:Bottled Eggs"},{"floor":35,"key":"hubris:CrystalStatue"},{"floor":41,"key":"Art of War"}],"event_choices":[{"damage_healed":0,"gold_gain":0,"player_choice":"Upgraded","damage_taken":0,"max_hp_gain":0,"max_hp_loss":0,"event_name":"Upgrade Shrine","floor":11,"gold_loss":0,"cards_upgraded":["hermit:Feint"]},{"damage_healed":0,"gold_gain":0,"player_choice":"Upgraded","damage_taken":0,"max_hp_gain":0,"max_hp_loss":0,"event_name":"Upgrade Shrine","floor":40,"gold_loss":0,"cards_upgraded":["hermit:Snapshot"]}],"is_beta":false,"boss_relics":[{"not_picked":["Kintsugi","Coffee Dripper"],"picked":"Busted Crown"},{"not_picked":["Philosopher\u0027s Stone","Replay:Ancient Bell"],"picked":"Sozu"}],"items_purged_floors":[26],"is_endless":true,"potions_floor_spawned":[5,12,14,20,27,29,33,36],"killed_by":"Nightmare","ascension_level":0}}