{"host":"4coy96o7l3fioe37","time":1610034532,"event":{"mods":["AchievementEnabler","Act Like it!","AlwaysNeverKeys","BaseMod","Better Altar","Better Match","Better Note","Better Sensory Stone","Better Skull","Better Third Choice","Better Vampires","BetterRewards","ChefMod","Colored Map","Disable Question Mark Monsters","Downfall","Minty Spire (QoL Compilation)","Rare Cards Sparkle","StSLib","The Dragon Tamer","The Marked"],"gold_per_floor":[114,132,132,132,147,147,147],"floor_reached":6,"playtime":265,"items_purged":[],"score":36,"play_id":"7fd2eedd-0dd3-4018-9673-913702f93af8","local_time":"20210107154852","is_ascension_mode":false,"campfire_choices":[],"circlet_count":0,"master_deck":["Strike_P","Strike_P","Strike_P+1","Strike_P","Defend_P","Defend_P","Defend_P","Defend_P","Eruption","Vigilance","Conclude","BowlingBash","Apotheosis","FlyingSleeves"],"relics":["SacredBark","PreservedInsect"],"acts_visited":["Exordium"],"potions_floor_usage":[],"damage_taken":[{"damage":0.0,"enemies":"Small Slimes","floor":1.0,"turns":3.0},{"damage":4.0,"enemies":"2 Louse","floor":2.0,"turns":2.0},{"damage":0,"enemies":"Cultist","floor":5,"turns":2},{"damage":46,"enemies":"Lagavulin","floor":6,"turns":3}],"seed_played":"742800745479805762","potions_obtained":[{"floor":1.0,"key":"AttackPotion"},{"floor":5,"key":"Ambrosia"}],"is_trial":false,"path_per_floor":["M","M","?","?","M","E"],"character_chosen":"WATCHER","items_purchased":[],"campfire_rested":0,"item_purchase_floors":[],"current_hp_per_floor":[72,68,68,43,43,0,0],"gold":147,"neow_bonus":"BOSS_RELIC","is_daily":false,"chose_seed":false,"campfire_upgraded":0,"win_rate":0.0,"timestamp":1610034532,"path_taken":["M","M","?","?","?","E"],"items_purchased_type":[],"build_version":"2020-12-22","purchased_purges":0,"victory":false,"max_hp_per_floor":[72,72,72,72,72,72,72],"card_choices":[{"not_picked":["TalkToTheHand","InnerPeace"],"picked":"Conclude","floor":1.0},{"not_picked":["ThirdEye","FlyingSleeves"],"picked":"BowlingBash","floor":2.0},{"not_picked":["Swift Strike","expansioncontent:ChargeUp"],"picked":"Apotheosis","floor":3.0},{"not_picked":["FollowUp","Prostrate"],"picked":"FlyingSleeves","floor":5}],"player_experience":287819,"relics_obtained":[],"event_choices":[{"damage_healed":0.0,"max_hp_gain":0.0,"max_hp_loss":0.0,"gold_gain":1.0,"event_name":"betterStone:BetterStone","player_choice":"1","floor":3.0,"gold_loss":0.0,"damage_taken":0.0},{"damage_healed":0.0,"max_hp_gain":0.0,"max_hp_loss":0.0,"gold_gain":0.0,"event_name":"betterSkull:BetterSkull","player_choice":"RE UP ","floor":4.0,"gold_loss":0.0,"damage_taken":29.0,"cards_upgraded":["Strike_P"],"relics_obtained":["PreservedInsect"]}],"is_beta":false,"boss_relics":[],"items_purged_floors":[],"is_endless":false,"potions_floor_spawned":[1,5],"killed_by":"Lagavulin","ascension_level":0}}