{"host":"f5gffvlv6a66yqkd","time":1610002244,"event":{"mods":["2.2 Compatiblity","BaseMod","Colored Map","DeckTracker","Keyboard Shortcuts","Minty Spire (QoL Compilation)","Permanent Neow","Quick Restart","Relic Stats","StSLib","SuperFastMode"],"gold_per_floor":[14,64,75,75,85,85,85,105,105,105,117,61,93,106,106,106,106],"floor_reached":16,"playtime":376,"items_purged":[],"score":204,"play_id":"f480a538-0b8a-4d6c-a0fa-2f88ddbdd16e","local_time":"20210107155044","is_ascension_mode":true,"campfire_choices":[{"data":"Eruption","floor":6.0,"key":"SMITH"},{"data":"CrushJoints","floor":10.0,"key":"SMITH"},{"data":"Wallop","floor":15.0,"key":"SMITH"}],"circlet_count":0,"master_deck":["AscendersBane","Strike_P","Strike_P","Strike_P","Strike_P","Defend_P","Defend_P","Eruption+1","Vigilance","EmptyBody","CrushJoints+1","Halt","FlurryOfBlows","Wallop+1"],"relics":["PureWater","Mummified Hand","Incense Burner","Blood Vial"],"acts_visited":["Exordium"],"potions_floor_usage":[16],"damage_taken":[{"damage":1.0,"enemies":"2 Louse","floor":1.0,"turns":3.0},{"damage":0.0,"enemies":"Cultist","floor":3.0,"turns":3.0},{"damage":16.0,"enemies":"Small Slimes","floor":5.0,"turns":4.0},{"damage":6.0,"enemies":"Blue Slaver","floor":8.0,"turns":3.0},{"damage":0.0,"enemies":"Looter","floor":11.0,"turns":1.0},{"damage":20.0,"enemies":"3 Sentries","floor":13.0,"turns":6.0},{"damage":2.0,"enemies":"2 Fungi Beasts","floor":14.0,"turns":3.0},{"damage":24,"enemies":"Hexaghost","floor":16,"turns":7}],"seed_played":"-7983695580473785967","potions_obtained":[{"floor":1.0,"key":"BottledMiracle"},{"floor":13.0,"key":"PowerPotion"}],"is_trial":false,"path_per_floor":["M","?","M","T","M","R","?","M","T","R","M","$","E","M","R","B"],"character_chosen":"WATCHER","items_purchased":["FlurryOfBlows"],"campfire_rested":0,"item_purchase_floors":[12],"current_hp_per_floor":[60,54,54,54,38,38,38,32,32,32,32,32,12,12,12,0,0],"gold":106,"neow_bonus":"REMOVE_TWO","is_daily":false,"chose_seed":false,"campfire_upgraded":3,"win_rate":0.0,"timestamp":1610002244,"path_taken":["M","?","?","?","?","R","?","M","T","R","M","$","E","M","R","BOSS"],"items_purchased_type":["Card"],"build_version":"2020-12-22","purchased_purges":0,"victory":false,"max_hp_per_floor":[68,68,68,68,68,68,68,68,68,68,68,68,68,68,68,68,68],"relic_stats":{"Blood Vial":4,"counters":[8,30],"Mummified Hand":[1],"obtain_stats":[{"Blood Vial":13,"Mummified Hand":4,"Incense Burner":9,"PureWater":0},{"Blood Vial":6,"Mummified Hand":2,"Incense Burner":4,"PureWater":0},{"Blood Vial":20,"Mummified Hand":6,"Incense Burner":13,"PureWater":0}]},"card_choices":[{"not_picked":["WreathOfFlame","FollowUp"],"picked":"EmptyBody","floor":1.0},{"not_picked":["JustLucky","Crescendo"],"picked":"CrushJoints","floor":3.0},{"not_picked":["WreathOfFlame","Prostrate","WaveOfTheHand"],"picked":"SKIP","floor":5.0},{"not_picked":["Meditate","EmptyFist"],"picked":"Halt","floor":8.0},{"not_picked":["Pray","FlyingSleeves","Perseverance"],"picked":"SKIP","floor":11.0},{"not_picked":["Halt","DevaForm","Perseverance"],"picked":"SKIP","floor":13.0},{"not_picked":["SashWhip","EmptyFist"],"picked":"Wallop","floor":14.0}],"player_experience":1520706,"relics_obtained":[{"floor":4.0,"key":"Mummified Hand"},{"floor":9.0,"key":"Incense Burner"},{"floor":13.0,"key":"Blood Vial"}],"event_choices":[{"damage_healed":0.0,"max_hp_gain":0.0,"max_hp_loss":0.0,"gold_gain":50.0,"event_name":"FaceTrader","player_choice":"Touch","floor":2.0,"gold_loss":0.0,"damage_taken":6.0},{"damage_healed":0.0,"max_hp_gain":0.0,"max_hp_loss":0.0,"gold_gain":0.0,"event_name":"Liars Game","player_choice":"Ignored","floor":7.0,"gold_loss":0.0,"damage_taken":0.0}],"is_beta":false,"boss_relics":[],"items_purged_floors":[],"is_endless":false,"potions_floor_spawned":[1,13],"killed_by":"Hexaghost","ascension_level":20}}