{"host":"J","time":1610009872,"event":{"mods":["BaseMod","Better Third Choice","Minty Spire (QoL Compilation)","StSLib"],"gold_per_floor":[110,127,138,63,28,28,56,56,126,156,170,245,245,27,27,101,101,117,131,144,5,19,51,51,81,81,96,96,125,15,28,28,103,103,114,134,153,28,45,45,74,74,98,98,109,119,144,161,161,161,161],"floor_reached":52,"playtime":1930,"items_purged":["Defend_G","Strike_G","Defend_G"],"score":2168,"play_id":"7e3b38cd-8d57-44f4-b7e4-0d9fb0a7c452","local_time":"20210107095752","is_ascension_mode":true,"campfire_choices":[{"data":"Blade Dance","floor":6.0,"key":"SMITH"},{"data":"Neutralize","floor":8.0,"key":"SMITH"},{"data":"Accuracy","floor":13.0,"key":"SMITH"},{"data":"Blade Dance","floor":15.0,"key":"SMITH"},{"data":"Concentrate","floor":24.0,"key":"SMITH"},{"data":"Acrobatics","floor":28.0,"key":"SMITH"},{"data":"Burst","floor":32.0,"key":"SMITH"},{"data":"Tools of the Trade","floor":40,"key":"SMITH"},{"data":"Blade Dance","floor":44,"key":"SMITH"},{"data":"Corpse Explosion","floor":49,"key":"SMITH"}],"circlet_count":0,"master_deck":["AscendersBane","Defend_G+1","Defend_G","Defend_G","Survivor","Neutralize+1","Blade Dance+1","Poisoned Stab","Backstab","Blade Dance+1","Accuracy+1","Concentrate+1","Burst+1","Finisher+1","Slice+1","Venomology+1","Backflip","Backflip+1","Infinite Blades","Corpse Explosion+1","Acrobatics+1","Blade Dance+1","Deflect+1","Tools of the Trade+1","Backflip+1","Accuracy+1","Acrobatics+1","Reflex"],"relics":["Ring of the Snake","Bronze Scales","Potion Belt","Eternal Feather","Happy Flower","Bag of Marbles","Astrolabe","InkBottle","FossilizedHelix","Gremlin Horn","Blood Vial","Philosopher\u0027s Stone","Mango","Toy Ornithopter","MealTicket"],"acts_visited":["Exordium","TheCity","TheBeyond"],"potions_floor_usage":[37,41,45,46,47,50,50,51,51],"damage_taken":[{"damage":1.0,"enemies":"Cultist","floor":1.0,"turns":4.0},{"damage":7.0,"enemies":"Small Slimes","floor":2.0,"turns":4.0},{"damage":0.0,"enemies":"Jaw Worm","floor":3.0,"turns":3.0},{"damage":19.0,"enemies":"3 Sentries","floor":7.0,"turns":9.0},{"damage":26.0,"enemies":"Lagavulin","floor":10.0,"turns":6.0},{"damage":0.0,"enemies":"Exordium Thugs","floor":11.0,"turns":3.0},{"damage":6.0,"enemies":"Slime Boss","floor":16.0,"turns":5.0},{"damage":0.0,"enemies":"Shell Parasite","floor":18.0,"turns":1.0},{"damage":0.0,"enemies":"Spheric Guardian","floor":19.0,"turns":1.0},{"damage":0.0,"enemies":"Snecko","floor":20.0,"turns":3.0},{"damage":5.0,"enemies":"3 Cultists","floor":22.0,"turns":3.0},{"damage":15.0,"enemies":"Gremlin Leader","floor":23.0,"turns":2.0},{"damage":2.0,"enemies":"Slavers","floor":25.0,"turns":3.0},{"damage":0.0,"enemies":"Centurion and Healer","floor":27.0,"turns":1.0},{"damage":0.0,"enemies":"Book of Stabbing","floor":29.0,"turns":3.0},{"damage":0.0,"enemies":"Sentry and Sphere","floor":31.0,"turns":2.0},{"damage":19.0,"enemies":"Collector","floor":33.0,"turns":4.0},{"damage":0.0,"enemies":"Orb Walker","floor":35.0,"turns":1.0},{"damage":0.0,"enemies":"3 Darklings","floor":36.0,"turns":3.0},{"damage":0,"enemies":"Jaw Worm Horde","floor":37,"turns":1},{"damage":2,"enemies":"Writhing Mass","floor":39,"turns":4},{"damage":0,"enemies":"Reptomancer","floor":41,"turns":2},{"damage":0,"enemies":"Sphere and 2 Shapes","floor":45,"turns":2},{"damage":0,"enemies":"Maw","floor":46,"turns":3},{"damage":0,"enemies":"Giant Head","floor":47,"turns":3},{"damage":0,"enemies":"3 Darklings","floor":48,"turns":1},{"damage":8,"enemies":"Awakened One","floor":50,"turns":7},{"damage":44,"enemies":"Donu and Deca","floor":51,"turns":4}],"seed_played":"4815101871013771098","potions_obtained":[{"floor":2.0,"key":"LiquidMemories"},{"floor":3.0,"key":"LiquidMemories"},{"floor":7.0,"key":"Explosive Potion"},{"floor":10.0,"key":"EssenceOfSteel"},{"floor":18.0,"key":"Energy Potion"},{"floor":19.0,"key":"PowerPotion"},{"floor":29.0,"key":"Weak Potion"},{"floor":36.0,"key":"Strength Potion"},{"floor":45,"key":"FairyPotion"},{"floor":47,"key":"Ancient Potion"}],"is_trial":false,"path_per_floor":["M","M","M","$","?","R","E","R","T","E","M","?","R","$","R","B",null,"M","M","M","$","M","E","R","E","T","M","R","E","?","M","R","B",null,"M","M","M","$","M","R","E","$","T","R","M","M","E","M","R","B","B",null],"character_chosen":"THE_SILENT","items_purchased":["Bag of Marbles","FearPotion","Infinite Blades"],"campfire_rested":0,"item_purchase_floors":[14,14,21],"current_hp_per_floor":[58,51,51,51,66,66,47,47,47,21,21,10,19,19,28,22,55,55,55,55,55,59,44,56,54,54,54,66,66,66,66,66,47,61,63,65,66,66,64,66,80,80,80,80,80,80,80,80,80,72,40],"gold":161,"neow_bonus":"RANDOM_COMMON_RELIC","is_daily":false,"chose_seed":false,"campfire_upgraded":10,"win_rate":0.0,"timestamp":1610009872,"path_taken":["M","M","M","$","?","R","E","R","T","E","M","?","R","?","R","BOSS","M","M","M","$","M","E","R","E","T","M","R","E","?","?","R","BOSS","M","M","M","$","M","R","E","?","T","R","M","?","E","M","R","BOSS","BOSS"],"items_purchased_type":["Relic","Potion","Card"],"build_version":"2020-12-18","purchased_purges":3,"victory":true,"max_hp_per_floor":[66,66,66,66,66,66,66,66,66,66,66,66,66,66,66,66,66,66,66,66,66,66,66,66,66,66,66,66,66,66,66,66,66,66,66,66,66,66,66,66,80,80,80,80,80,80,80,80,80,80,80],"card_choices":[{"not_picked":["Dodge and Roll","Acrobatics"],"picked":"Blade Dance","floor":1.0},{"not_picked":["Footwork","Bane"],"picked":"Poisoned Stab","floor":2.0},{"not_picked":["Prepared","Well Laid Plans"],"picked":"Backstab","floor":3.0},{"not_picked":["Glass Knife","Deadly Poison"],"picked":"Blade Dance","floor":7.0},{"not_picked":["Bouncing Flask","Blade Dance"],"picked":"Accuracy","floor":10.0},{"not_picked":["Choke","Eviscerate"],"picked":"Concentrate","floor":11.0},{"not_picked":["Glass Knife","Tools of the Trade"],"picked":"Burst","floor":16.0},{"not_picked":["PiercingWail","Deflect"],"picked":"Backflip","floor":18.0},{"not_picked":["Infinite Blades","Poisoned Stab"],"picked":"Backflip+1","floor":19.0},{"not_picked":["Dash","Dagger Throw","Dagger Spray+1"],"picked":"SKIP","floor":20.0},{"not_picked":["Backflip+1","Cloak And Dagger","Setup"],"picked":"SKIP","floor":22.0},{"not_picked":["Predator","Reflex"],"picked":"Corpse Explosion","floor":23.0},{"not_picked":["Dodge and Roll","Riddle With Holes"],"picked":"Acrobatics","floor":25.0},{"not_picked":["Poisoned Stab","Slice+1"],"picked":"Blade Dance","floor":27.0},{"not_picked":["Catalyst","Blade Dance","Acrobatics"],"picked":"SKIP","floor":29.0},{"not_picked":["PiercingWail","Masterful Stab"],"picked":"Deflect+1","floor":31.0},{"not_picked":["Venomology","Die Die Die"],"picked":"Tools of the Trade","floor":33.0},{"not_picked":["Slice","Setup","Underhanded Strike"],"picked":"SKIP","floor":35.0},{"not_picked":["Prepared+1","Deadly Poison","Flying Knee"],"picked":"SKIP","floor":36.0},{"not_picked":["Cloak And Dagger","Bane","Backflip"],"picked":"SKIP","floor":37},{"not_picked":["Masterful Stab","Quick Slash"],"picked":"Backflip+1","floor":39},{"not_picked":["Blade Dance+1","Dagger Throw+1"],"picked":"Accuracy+1","floor":41},{"not_picked":["Dagger Throw+1","Bullet Time","Poisoned Stab+1"],"picked":"SKIP","floor":45},{"not_picked":["Bane","Deflect","PiercingWail+1"],"picked":"SKIP","floor":46},{"not_picked":["Deflect","Bullet Time"],"picked":"Acrobatics+1","floor":47},{"not_picked":["Choke","Outmaneuver"],"picked":"Reflex","floor":48}],"player_experience":1068699,"relics_obtained":[{"floor":7.0,"key":"Potion Belt"},{"floor":9.0,"key":"Eternal Feather"},{"floor":10.0,"key":"Happy Flower"},{"floor":23.0,"key":"InkBottle"},{"floor":25.0,"key":"FossilizedHelix"},{"floor":26.0,"key":"Gremlin Horn"},{"floor":29.0,"key":"Blood Vial"},{"floor":41,"key":"Mango"},{"floor":43,"key":"Toy Ornithopter"},{"floor":47,"key":"MealTicket"}],"event_choices":[{"damage_healed":16.0,"max_hp_gain":0.0,"max_hp_loss":0.0,"gold_gain":0.0,"event_name":"The Cleric","player_choice":"Healed","floor":5.0,"gold_loss":35.0,"damage_taken":0.0},{"damage_healed":0.0,"max_hp_gain":0.0,"max_hp_loss":0.0,"gold_gain":75.0,"event_name":"betterThird:BetterGoop","player_choice":"Gold","floor":12.0,"gold_loss":0.0,"damage_taken":11.0},{"cards_removed":["Strike_G"],"damage_healed":0.0,"max_hp_gain":0.0,"max_hp_loss":0.0,"gold_gain":0.0,"event_name":"Designer","player_choice":"Upgrade and Remove","floor":30.0,"gold_loss":110.0,"damage_taken":0.0,"cards_upgraded":["Defend_G"]}],"is_beta":true,"boss_relics":[{"not_picked":["Pandora\u0027s Box","WristBlade"],"picked":"Astrolabe"},{"not_picked":["Coffee Dripper","SlaversCollar"],"picked":"Philosopher\u0027s Stone"}],"items_purged_floors":[4,21,38],"is_endless":false,"potions_floor_spawned":[2,3,7,10,18,19,29,33,36,45,47,48],"ascension_level":20}}