{"host":"t9ey1ebdrj6sa9fi","time":1610046801,"event":{"mods":["100% Spire Juice","Act Like it!","BaseMod","Better Silent Start","Better Vampires","Colored Map","Colored Powertips","DregsMod","Emptier Cage","Gensokyo","Highlight Path","Minty Spire (QoL Compilation)","Optimize The Spire","Permanent Neow","Quick Restart","Random Character Button","Relic Stats","Spicy Shops","StSLib","SuperFastMode","The IronCluck","Wandering Minibosses","Wide Potions","everything is the same but u backflip on backflip"],"gold_per_floor":[111,111,111,130,148,179,179],"floor_reached":6,"playtime":456,"items_purged":[],"score":46,"play_id":"99c00e86-a8ce-4205-8975-53184bd87a3c","local_time":"20210107201321","is_ascension_mode":false,"campfire_choices":[],"circlet_count":0,"master_deck":["dregsmod:DregsStrike","dregsmod:DregsStrike","dregsmod:DregsStrike","dregsmod:DregsStrike","dregsmod:DregsDefend","dregsmod:DregsDefend","dregsmod:DregsDefend","dregsmod:DregsDefend","dregsmod:Adaptability","dregsmod:LashOut","dregsmod:Jealousy","dregsmod:WaveOfDarkness","dregsmod:Glare","dregsmod:BrushOff"],"relics":["dregsmod:CurseBrand","dregsmod:NeowsHatred","Torii","Darkstone Periapt"],"acts_visited":["Gensokyo:Gensokyo"],"potions_floor_usage":[],"damage_taken":[{"damage":2,"enemies":"Gensokyo:3_Fairies","floor":1,"turns":4},{"damage":0,"enemies":"Gensokyo:2_Kodama","floor":4,"turns":3},{"damage":0,"enemies":"Gensokyo:Gryphon","floor":5,"turns":4},{"damage":49,"enemies":"Gensokyo:Mamizou","floor":6,"turns":12}],"seed_played":"-5837502853845559892","potions_obtained":[{"floor":4,"key":"Strength Potion"}],"is_trial":false,"path_per_floor":["M","?","?","M","M","E"],"character_chosen":"DREGS","items_purchased":[],"campfire_rested":0,"item_purchase_floors":[],"current_hp_per_floor":[83,83,83,83,83,34,34],"gold":179,"neow_bonus":"ONE_RARE_RELIC","is_daily":false,"chose_seed":false,"campfire_upgraded":0,"win_rate":0.0,"timestamp":1610046801,"path_taken":["M","?","?","M","M","E"],"items_purchased_type":[],"build_version":"2020-12-22","purchased_purges":0,"victory":false,"max_hp_per_floor":[85,85,85,85,85,85,85],"relic_stats":{"Darkstone Periapt":0,"Torii":4,"counters":[4,23],"obtain_stats":[{"dregsmod:CurseBrand":0,"Darkstone Periapt":6,"Torii":0,"dregsmod:NeowsHatred":0},{"dregsmod:CurseBrand":0,"Darkstone Periapt":4,"Torii":0,"dregsmod:NeowsHatred":0},{"dregsmod:CurseBrand":0,"Darkstone Periapt":23,"Torii":0,"dregsmod:NeowsHatred":0}]},"card_choices":[{"not_picked":["dregsmod:IcyTouch","dregsmod:EmeraldShard"],"picked":"dregsmod:WaveOfDarkness","floor":1},{"not_picked":["dregsmod:LostPotential","dregsmod:Chomp"],"picked":"dregsmod:Glare","floor":4},{"not_picked":["dregsmod:ShadowShield","dregsmod:RubyShard"],"picked":"dregsmod:BrushOff","floor":5}],"player_experience":27415,"relics_obtained":[{"floor":6,"key":"Darkstone Periapt"}],"event_choices":[],"is_beta":false,"boss_relics":[],"items_purged_floors":[],"is_endless":false,"potions_floor_spawned":[4],"killed_by":"Gensokyo:Mamizou","ascension_level":0}}