{"host":"7mhyj3osjecvpzx6","time":1610040070,"event":{"mods":["Act Like it!","Astrologer","BaseMod","Elementarium","Gensokyo","Menagerie","Minty Spire (QoL Compilation)","Permanent Neow","StSLib"],"gold_per_floor":[119,119,140,160,177,208,208,238,287,287,287,325,325,359,359,488,488,516,516,516,555,207,207,237,300,300,305,305],"floor_reached":27,"playtime":2241,"items_purged":["astrologer:Strike"],"score":327,"play_id":"9711f289-f30d-4fab-978b-17cf88b3d071","local_time":"20210107122109","is_ascension_mode":true,"campfire_choices":[{"data":"astrologer:Confirmation","floor":7,"key":"SMITH"},{"data":"astrologer:FrozenStar","floor":11,"key":"SMITH"},{"data":"astrologer:CosmicExpanse","floor":13,"key":"SMITH"},{"data":"astrologer:Eclipse","floor":15,"key":"SMITH"},{"data":"astrologer:Confirmation","floor":23,"key":"SMITH"}],"circlet_count":0,"master_deck":["astrologer:Strike+1","astrologer:Strike+1","astrologer:Defend","astrologer:Defend","astrologer:Defend","astrologer:Defend","astrologer:NorthStar","astrologer:TheFool","astrologer:Shine","astrologer:Prismatic","astrologer:Confirmation+1","astrologer:Radiance","astrologer:Stardust","astrologer:Justice","astrologer:FrozenStar+1","astrologer:CosmicExpanse+1","astrologer:Eclipse+1","astrologer:CometStrike+1","astrologer:Retelling","astrologer:Confirmation+1","astrologer:TheSun"],"relics":["astrologer:SkyMirror","Menagerie:HuntersKnife","Whetstone","CeramicFish","Golden Idol","Sozu","HandDrill","Gremlin Horn","Anchor"],"acts_visited":["Menagerie:Menagerie","Elementarium:Elementarium"],"potions_floor_usage":[6,6,16,25,27],"damage_taken":[{"damage":0,"enemies":"Menagerie:MonstrousExperiment","floor":1,"turns":5},{"damage":2,"enemies":"Menagerie:StygianBoar","floor":3,"turns":3},{"damage":1,"enemies":"Menagerie:2_RABBITS","floor":4,"turns":4},{"damage":6,"enemies":"Menagerie:Hexasnake","floor":5,"turns":5},{"damage":20,"enemies":"Menagerie:Hydra","floor":6,"turns":6},{"damage":2,"enemies":"Menagerie:BEAST_MAGE_AND_PROWLING_AMALGAM","floor":8,"turns":6},{"damage":0,"enemies":"Menagerie:MENAGERIE_WILDLIFE","floor":12,"turns":4},{"damage":0,"enemies":"Menagerie:RedMage","floor":14,"turns":4},{"damage":19,"enemies":"Menagerie:AVATARS","floor":16,"turns":6},{"damage":4,"enemies":"Elementarium:VoidCorruption","floor":18,"turns":5},{"damage":5,"enemies":"Elementarium:2_ELEMENTALS","floor":21,"turns":4},{"damage":25,"enemies":"Elementarium:Hydrostalker","floor":24,"turns":6},{"damage":6,"enemies":"Elementarium:WarGolem","floor":25,"turns":2},{"damage":11,"enemies":"Elementarium:CYCLONE_AND_LIVING_STORMCLOUD","floor":27,"turns":5}],"seed_played":"206388799446534294","potions_obtained":[{"floor":1,"key":"Dexterity Potion"},{"floor":4,"key":"EssenceOfSteel"},{"floor":5,"key":"Swift Potion"},{"floor":12,"key":"GamblersBrew"},{"floor":16,"key":"ColorlessPotion"}],"is_trial":false,"path_per_floor":["M","?","M","M","M","E","R","M","T","?","R","M","R","M","R","B",null,"M","?","?","M","$","R","M","E","T","M"],"character_chosen":"ASTROLOGER","items_purchased":["astrologer:Confirmation","astrologer:TheSun","HandDrill"],"campfire_rested":0,"item_purchase_floors":[22,22,22],"current_hp_per_floor":[63,63,61,60,54,34,34,32,32,32,32,32,32,32,32,13,48,44,44,44,39,39,39,14,8,8,0,0],"gold":305,"neow_bonus":"TRANSFORM_CARD","is_daily":false,"chose_seed":false,"campfire_upgraded":5,"win_rate":0.0,"timestamp":1610040069,"path_taken":["M","?","M","M","M","E","R","M","T","?","R","?","R","M","R","BOSS","M","?","?","?","$","R","M","E","T","M"],"items_purchased_type":["Card","Card","Relic"],"build_version":"2020-12-22","purchased_purges":1,"victory":false,"max_hp_per_floor":[70,65,65,65,65,65,65,65,65,60,60,60,60,60,60,60,60,60,60,60,60,60,60,60,60,60,60,60],"card_choices":[{"not_picked":["astrologer:Temperance","astrologer:ReadTheStars"],"picked":"astrologer:Prismatic","floor":1},{"not_picked":["astrologer:LonelyStar","astrologer:TheStar"],"picked":"astrologer:Confirmation","floor":3},{"not_picked":["astrologer:Opposition","astrologer:Observe"],"picked":"astrologer:Radiance","floor":4},{"not_picked":["astrologer:SolarFlare","astrologer:TheDevil"],"picked":"astrologer:Stardust","floor":5},{"not_picked":["astrologer:StarOfCourage","astrologer:TheMoon"],"picked":"astrologer:Justice","floor":6},{"not_picked":["astrologer:MeteorShower","astrologer:Premeditation"],"picked":"astrologer:FrozenStar","floor":8},{"not_picked":["astrologer:TheSun","astrologer:Fireball"],"picked":"astrologer:CosmicExpanse","floor":12},{"not_picked":["astrologer:Opposition","astrologer:ReadTheStars"],"picked":"astrologer:Eclipse","floor":14},{"not_picked":["astrologer:Opposition+1","astrologer:Conjunction+1"],"picked":"astrologer:CometStrike+1","floor":18},{"not_picked":["astrologer:Eclipse+1","astrologer:Conjunction"],"picked":"astrologer:Retelling","floor":21},{"not_picked":["astrologer:Conjunction","astrologer:Eclipse","astrologer:Stardust+1"],"picked":"SKIP","floor":24},{"not_picked":["astrologer:Judgement","astrologer:Opposition+1","astrologer:Retelling+1"],"picked":"SKIP","floor":25}],"player_experience":514030,"relics_obtained":[{"floor":6,"key":"Whetstone"},{"floor":9,"key":"CeramicFish"},{"floor":25,"key":"Gremlin Horn"},{"floor":26,"key":"Anchor"}],"event_choices":[{"damage_healed":0,"gold_gain":0,"player_choice":"Take","damage_taken":0,"relics_obtained":["Menagerie:HuntersKnife"],"max_hp_gain":0,"max_hp_loss":5,"event_name":"Menagerie:BigGameHunter","floor":2,"gold_loss":0},{"damage_healed":0,"gold_gain":0,"player_choice":"Lose Max HP","damage_taken":0,"relics_obtained":["Golden Idol"],"max_hp_gain":0,"max_hp_loss":5,"event_name":"Golden Idol","floor":10,"gold_loss":0},{"damage_healed":0,"gold_gain":0,"player_choice":"Ignored","damage_taken":0,"max_hp_gain":0,"max_hp_loss":0,"event_name":"Elementarium:FountainOfGold","floor":19,"gold_loss":0},{"damage_healed":0,"gold_gain":0,"player_choice":"Ignored","damage_taken":0,"max_hp_gain":0,"max_hp_loss":0,"event_name":"Elementarium:ElementalBlades","floor":20,"gold_loss":0}],"is_beta":false,"boss_relics":[{"not_picked":["SacredBark","Empty Cage"],"picked":"Sozu"}],"items_purged_floors":[22],"is_endless":false,"potions_floor_spawned":[1,4,5,12,16,21,24],"killed_by":"Elementarium:CYCLONE_AND_LIVING_STORMCLOUD","ascension_level":9}}