{"host":"9l4mw5jqza9qz9hr","time":1610026182,"event":{"mods":["AchievementEnabler","Always Whale","BaseMod","Colored Map","Minty Spire (QoL Compilation)","StSLib","SuperFastMode"],"gold_per_floor":[118,88,40,52,62,62,87,63,63,74,74,91,117,152,152,252,252,265,121,138,138,138,164,164,194,194,219,238,32,45,62,62,164,164,178,228,228,23,43,43,75,87,87,122,146,158,184,209,221,233],"floor_reached":51,"playtime":6560,"items_purged":["Strike_B","Strike_B"],"score":1274,"play_id":"d7ebaa3b-7328-429f-a399-bda083a25f3a","local_time":"20210107222942","is_ascension_mode":true,"campfire_choices":[{"data":"Zap","floor":6.0,"key":"SMITH"},{"data":"Echo Form","floor":11.0,"key":"SMITH"},{"data":"Genetic Algorithm","floor":15.0,"key":"SMITH"},{"data":"Self Repair","floor":24.0,"key":"SMITH"},{"data":"Coolheaded","floor":32.0,"key":"SMITH"},{"data":"Master of Strategy","floor":40.0,"key":"SMITH"},{"data":"Buffer","floor":49,"key":"SMITH"}],"circlet_count":0,"master_deck":["Defend_B","Defend_B","Defend_B","Zap+1","Dualcast","Cold Snap","Go for the Eyes","Coolheaded+1","Self Repair+1","Echo Form+1","Ball Lightning","Genetic Algorithm+1","Compile Driver","Conserve Battery","Electrodynamics","Tempest","Capacitor","Defragment+1","Ghostly","Ghostly","Ghostly","Ghostly","Ghostly","Compile Driver","Heatsinks","Storm","Coolheaded+1","Biased Cognition","Storm+1","Hologram","Glacier","Storm","Master of Strategy+1","Force Field+1","Coolheaded+1","Turbo+1","Creative AI","Compile Driver+1","Turbo","Buffer+1","Coolheaded","Parasite"],"relics":["Cracked Core","Dead Branch","Lizard Tail","Akabeko","Anchor","Cursed Key","Regal Pillow","Lantern","Blood Vial","Membership Card","Coffee Dripper","Prayer Wheel","DataDisk","HornCleat","MawBank"],"acts_visited":["Exordium","TheCity","TheBeyond"],"potions_floor_usage":[50,50,50],"damage_taken":[{"damage":0.0,"enemies":"Jaw Worm","floor":1.0,"turns":3.0},{"damage":0.0,"enemies":"Cultist","floor":4.0,"turns":4.0},{"damage":2.0,"enemies":"Small Slimes","floor":5.0,"turns":3.0},{"damage":46.0,"enemies":"Gremlin Nob","floor":7.0,"turns":6.0},{"damage":4.0,"enemies":"Exordium Wildlife","floor":10.0,"turns":3.0},{"damage":30.0,"enemies":"Lots of Slimes","floor":12.0,"turns":4.0},{"damage":31.0,"enemies":"3 Sentries","floor":14.0,"turns":6.0},{"damage":12.0,"enemies":"The Guardian","floor":16.0,"turns":12.0},{"damage":10.0,"enemies":"Spheric Guardian","floor":18.0,"turns":4.0},{"damage":13.0,"enemies":"Shell Parasite","floor":20.0,"turns":6.0},{"damage":18.0,"enemies":"Slavers","floor":23.0,"turns":4.0},{"damage":4.0,"enemies":"Gremlin Leader","floor":25.0,"turns":6.0},{"damage":0.0,"enemies":"Slavers","floor":27.0,"turns":6.0},{"damage":10.0,"enemies":"Shelled Parasite and Fungi","floor":28.0,"turns":7.0},{"damage":0.0,"enemies":"Cultist and Chosen","floor":30.0,"turns":4.0},{"damage":0.0,"enemies":"Sentry and Sphere","floor":31.0,"turns":5.0},{"damage":7.0,"enemies":"Champ","floor":33.0,"turns":7.0},{"damage":0.0,"enemies":"Orb Walker","floor":35.0,"turns":3.0},{"damage":1.0,"enemies":"Mind Bloom Boss Battle","floor":36.0,"turns":5.0},{"damage":8.0,"enemies":"3 Shapes","floor":39.0,"turns":2.0},{"damage":1.0,"enemies":"Nemesis","floor":41.0,"turns":3.0},{"damage":0.0,"enemies":"Spire Growth","floor":42.0,"turns":4.0},{"damage":0,"enemies":"Giant Head","floor":44,"turns":6},{"damage":20,"enemies":"4 Shapes","floor":45,"turns":2},{"damage":0,"enemies":"Transient","floor":47,"turns":5},{"damage":29,"enemies":"Writhing Mass","floor":48,"turns":5},{"damage":0,"enemies":"Awakened One","floor":50,"turns":8}],"seed_played":"-1245237137369634597","potions_obtained":[{"floor":1.0,"key":"PotionOfCapacity"},{"floor":2.0,"key":"SneckoOil"},{"floor":2.0,"key":"SkillPotion"},{"floor":5.0,"key":"LiquidBronze"},{"floor":10.0,"key":"Dexterity Potion"},{"floor":12.0,"key":"ColorlessPotion"},{"floor":20.0,"key":"Fire Potion"},{"floor":27.0,"key":"SteroidPotion"},{"floor":33.0,"key":"SpeedPotion"},{"floor":36.0,"key":"PowerPotion"},{"floor":42.0,"key":"LiquidMemories"}],"is_trial":false,"path_per_floor":["M","?","$","M","M","R","E","$","T","M","R","M","T","E","R","B",null,"M","$","M","?","?","E","R","E","T","E","M","$","M","M","R","B",null,"M","?","?","$","M","R","E","M","T","E","M","?","M","M","R","B",null],"character_chosen":"DEFECT","items_purchased":["Coolheaded","Ball Lightning","Capacitor","Membership Card","DataDisk","Storm","Master of Strategy"],"campfire_rested":0,"item_purchase_floors":[3,8,19,29,38,38,38],"current_hp_per_floor":[68,68,68,68,66,66,27,27,27,30,30,44,44,20,20,22,62,59,59,60,37,37,26,26,32,32,37,37,37,37,37,37,37,37,37,37,37,37,29,29,37,37,37,37,17,17,29,2,2,4],"gold":245,"neow_bonus":"TRANSFORM_CARD","is_daily":false,"chose_seed":false,"campfire_upgraded":7,"win_rate":0.0,"timestamp":1610026182,"path_taken":["M","?","?","M","M","R","E","$","T","M","R","M","?","E","R","BOSS","M","$","M","?","?","E","R","E","T","E","M","?","?","M","R","BOSS","M","?","?","$","M","R","E","M","T","E","?","?","?","M","R","BOSS"],"items_purchased_type":["Card","Card","Card","Relic","Relic","Card","Card"],"build_version":"2020-12-22","purchased_purges":2,"victory":true,"max_hp_per_floor":[75,75,75,75,75,75,75,75,75,75,75,75,75,75,75,75,75,75,75,75,37,37,37,37,37,37,37,37,37,37,37,37,37,37,37,37,37,37,37,37,37,37,37,37,37,37,37,37,37,37],"card_choices":[{"not_picked":["Reinforced Body","Beam Cell"],"picked":"Go for the Eyes","floor":1.0},{"not_picked":["Stack","Streamline","Chaos"],"picked":"SKIP","floor":4.0},{"not_picked":["Streamline","Hologram"],"picked":"Self Repair","floor":5.0},{"not_picked":["Genetic Algorithm","Capacitor"],"picked":"Echo Form","floor":7.0},{"not_picked":["Streamline","Cold Snap"],"picked":"Genetic Algorithm","floor":10.0},{"not_picked":["Blizzard","Stack"],"picked":"Compile Driver","floor":12.0},{"not_picked":["Compile Driver","Barrage"],"picked":"Conserve Battery","floor":14.0},{"not_picked":["Rainbow","Reboot"],"picked":"Electrodynamics","floor":16.0},{"not_picked":["Cold Snap","Gash"],"picked":"Tempest","floor":18.0},{"not_picked":["Compile Driver","Sweeping Beam"],"picked":"Defragment+1","floor":20.0},{"not_picked":["Rebound","Barrage"],"picked":"Compile Driver","floor":23.0},{"not_picked":["Static Discharge+1","FTL"],"picked":"Heatsinks","floor":25.0},{"not_picked":["Melter","Sweeping Beam","Barrage"],"picked":"SKIP","floor":27.0},{"not_picked":["Steam","Undo"],"picked":"Storm","floor":28.0},{"not_picked":["Buffer","Beam Cell+1"],"picked":"Coolheaded+1","floor":30.0},{"not_picked":["Redo+1","Gash","Aggregate"],"picked":"SKIP","floor":31.0},{"not_picked":["Machine Learning","Reboot"],"picked":"Biased Cognition","floor":33.0},{"not_picked":["Steam+1","Go for the Eyes+1"],"picked":"Storm+1","floor":35.0},{"not_picked":["Recycle","Streamline+1"],"picked":"Hologram","floor":36.0},{"not_picked":["Stack","Cold Snap"],"picked":"Force Field+1","floor":39.0},{"not_picked":["Barrage","Beam Cell+1"],"picked":"Coolheaded+1","floor":39.0},{"not_picked":["Redo+1","Compile Driver","Conserve Battery"],"picked":"SKIP","floor":41.0},{"not_picked":["Scrape+1","Stack"],"picked":"Turbo+1","floor":42.0},{"not_picked":["Steam+1","Compile Driver+1","Consume+1"],"picked":"SKIP","floor":42.0},{"not_picked":["Gash+1","Glacier"],"picked":"Creative AI","floor":44},{"not_picked":["Turbo","Stack+1"],"picked":"Compile Driver+1","floor":45},{"not_picked":["Beam Cell","Redo+1"],"picked":"Turbo","floor":45},{"not_picked":["Leap+1","Gash"],"picked":"Buffer","floor":47},{"not_picked":["Leap+1","Conserve Battery+1"],"picked":"Coolheaded","floor":47},{"not_picked":["Hologram","Beam Cell","Conserve Battery"],"picked":"SKIP","floor":48},{"not_picked":["Ball Lightning+1","Sweeping Beam","Conserve Battery+1"],"picked":"SKIP","floor":48}],"player_experience":195274,"relics_obtained":[{"floor":7.0,"key":"Dead Branch"},{"floor":9.0,"key":"Lizard Tail"},{"floor":13.0,"key":"Akabeko"},{"floor":14.0,"key":"Anchor"},{"floor":23.0,"key":"Regal Pillow"},{"floor":25.0,"key":"Lantern"},{"floor":27.0,"key":"Blood Vial"},{"floor":36.0,"key":"Prayer Wheel"},{"floor":41.0,"key":"HornCleat"},{"floor":44,"key":"MawBank"}],"event_choices":[{"damage_healed":0.0,"max_hp_gain":0.0,"max_hp_loss":0.0,"gold_gain":0.0,"event_name":"The Woman in Blue","player_choice":"Bought 2 Potions","floor":2.0,"gold_loss":0.0,"damage_taken":0.0},{"damage_healed":0.0,"max_hp_gain":0.0,"max_hp_loss":38.0,"gold_gain":0.0,"event_name":"Ghosts","player_choice":"Became a Ghost","floor":21.0,"gold_loss":0.0,"damage_taken":0.0,"cards_obtained":["Ghostly","Ghostly","Ghostly","Ghostly","Ghostly"]},{"cards_removed":["Strike_B"],"damage_healed":0.0,"max_hp_gain":0.0,"max_hp_loss":0.0,"gold_gain":0.0,"event_name":"Back to Basics","player_choice":"Elegance","floor":22.0,"gold_loss":0.0,"damage_taken":0.0},{"damage_healed":0.0,"max_hp_gain":0.0,"max_hp_loss":0.0,"gold_gain":0.0,"event_name":"MindBloom","player_choice":"Fight","floor":36.0,"gold_loss":0.0,"damage_taken":0.0},{"damage_healed":0.0,"max_hp_gain":0.0,"max_hp_loss":0.0,"gold_gain":0.0,"event_name":"Match and Keep!","player_choice":"1 cards matched","floor":37.0,"gold_loss":0.0,"damage_taken":0.0,"cards_obtained":["Glacier"]},{"cards_removed":["Defend_B"],"damage_healed":0,"gold_gain":0,"player_choice":"Purged","damage_taken":0,"max_hp_gain":0,"max_hp_loss":0,"event_name":"Purifier","floor":46,"gold_loss":0}],"is_beta":false,"boss_relics":[{"not_picked":["FrozenCore","Fusion Hammer"],"picked":"Cursed Key"},{"not_picked":["Sozu","Black Star"],"picked":"Coffee Dripper"}],"items_purged_floors":[19,29],"is_endless":false,"potions_floor_spawned":[1,5,10,12,16,20,27,28,30,33,36,42,45],"ascension_level":9}}