{"host":"zdhcon9z6t4xbcdl","time":1610032763,"event":{"mods":["BaseMod","Minty Spire (QoL Compilation)"],"gold_per_floor":[112,130,2,13,25,53,53,53,53],"floor_reached":8,"playtime":1058,"items_purged":[],"score":68,"play_id":"14117027-9d95-404c-80aa-001deb6b5ae3","local_time":"20210107151923","is_ascension_mode":false,"campfire_choices":[{"floor":7.0,"key":"REST"}],"circlet_count":0,"master_deck":["Strike_G","Strike_G","Strike_G","Strike_G","Strike_G","Defend_G","Defend_G","Defend_G","Defend_G","Defend_G","Survivor","Neutralize","Jack Of All Trades","Flying Knee","Heel Hook","Infinite Blades","Slice","Poisoned Stab","Backstab","Slice","Bane"],"relics":["Ring of the Snake","Oddly Smooth Stone"],"acts_visited":[],"potions_floor_usage":[],"damage_taken":[{"damage":2.0,"enemies":"Cultist","floor":1.0,"turns":4.0},{"damage":10.0,"enemies":"2 Louse","floor":2.0,"turns":3.0},{"damage":0.0,"enemies":"Jaw Worm","floor":4.0,"turns":2.0},{"damage":12.0,"enemies":"Large Slime","floor":5.0,"turns":5.0},{"damage":14.0,"enemies":"Gremlin Nob","floor":6.0,"turns":4.0},{"damage":15.0,"enemies":"Lagavulin","floor":8.0,"turns":5.0}],"seed_played":"8504537569720748722","potions_obtained":[{"floor":1.0,"key":"AttackPotion"},{"floor":2.0,"key":"Poison Potion"},{"floor":4.0,"key":"Weak Potion"}],"is_trial":false,"path_per_floor":["M","M","$","M","M","E","R","E"],"character_chosen":"THE_SILENT","items_purchased":["Infinite Blades","Slice","Poisoned Stab"],"campfire_rested":1,"item_purchase_floors":[3,3,3],"current_hp_per_floor":[68,58,58,58,46,32,53,38,38],"gold":53,"neow_bonus":"RANDOM_COLORLESS","is_daily":false,"chose_seed":false,"campfire_upgraded":0,"win_rate":0.0,"timestamp":1610032763,"path_taken":["M","?","?","M","M","E","R","E"],"items_purchased_type":["Card","Card","Card"],"build_version":"2020-12-22","purchased_purges":0,"victory":false,"max_hp_per_floor":[70,70,70,70,70,70,70,70,70],"card_choices":[{"not_picked":["Blind","Finesse"],"picked":"Jack Of All Trades","floor":0.0},{"not_picked":["Flechettes","Sucker Punch"],"picked":"Flying Knee","floor":1.0},{"not_picked":["Backflip","Prepared"],"picked":"Heel Hook","floor":2.0},{"not_picked":["Dodge and Roll","Eviscerate"],"picked":"Backstab","floor":4.0},{"not_picked":["Outmaneuver","Flechettes"],"picked":"Slice","floor":5.0},{"not_picked":["Reflex","Slice"],"picked":"Bane","floor":6.0}],"player_experience":12212,"relics_obtained":[{"floor":6.0,"key":"Oddly Smooth Stone"}],"event_choices":[],"is_beta":false,"boss_relics":[],"items_purged_floors":[],"is_endless":false,"potions_floor_spawned":[1,2,4],"killed_by":"Lagavulin","ascension_level":0}}