{"host":"o7j6aatxjwpw1421","time":1610035955,"event":{"mods":["2.2 Compatiblity","AchievementEnabler","BaseMod","Colored Map","DeckTracker","Highlight Path","Keyboard Shortcuts","Minty Spire (QoL Compilation)","Permanent Neow","Quick Restart","StSLib","SuperFastMode","everything is the same but u backflip on backflip"],"gold_per_floor":[118,43,54,54,54,88,88,117,117,150,162,174,204,216,228,313,325,354,134,145,162,162,162,191,191,191,191,202,230,280,295,295,372,372,390,403,403,421,321,346,359,377,377,377,396,412,412,425,425,425],"floor_reached":51,"playtime":2160,"items_purged":["Evolve","Parasite"],"score":1545,"play_id":"4450b186-343c-4466-9c2d-ddb8f0c542a5","local_time":"20210108011235","is_ascension_mode":true,"campfire_choices":[{"data":"Whirlwind","floor":7.0,"key":"SMITH"},{"data":"Reckless Charge","floor":12.0,"key":"SMITH"},{"data":"Evolve","floor":15.0,"key":"SMITH"},{"data":"Body Slam","floor":23.0,"key":"SMITH"},{"data":"Offering","floor":25.0,"key":"SMITH"},{"floor":27.0,"key":"REST"},{"data":"Immolate","floor":32.0,"key":"SMITH"},{"floor":44.0,"key":"REST"},{"data":"Double Tap","floor":49.0,"key":"SMITH"}],"circlet_count":0,"master_deck":["AscendersBane","Bash","Reckless Charge+1","Whirlwind+1","Feel No Pain","Evolve+1","Immolate+1","Immolate","Iron Wave","Offering+1","Sentinel","Double Tap+1","Thunderclap","Shrug It Off","Body Slam+1","Shrug It Off","Flame Barrier","Shockwave","Shrug It Off+1","Sentinel","Madness","Madness"],"relics":["Burning Blood","NeowsBlessing","CaptainsWheel","Potion Belt","TungstenRod","MawBank","Pandora\u0027s Box","Chemical X","Ornamental Fan","Shuriken","Pantograph","Philosopher\u0027s Stone","Omamori","White Beast Statue"],"acts_visited":["Exordium","TheCity","TheBeyond"],"potions_floor_usage":[50,50,50,50],"damage_taken":[{"damage":0.0,"enemies":"Small Slimes","floor":1.0,"turns":1.0},{"damage":0.0,"enemies":"Jaw Worm","floor":3.0,"turns":1.0},{"damage":0.0,"enemies":"Lagavulin","floor":6.0,"turns":1.0},{"damage":14.0,"enemies":"3 Sentries","floor":8.0,"turns":5.0},{"damage":35.0,"enemies":"Lagavulin","floor":10.0,"turns":7.0},{"damage":7.0,"enemies":"2 Louse","floor":13.0,"turns":3.0},{"damage":0.0,"enemies":"Hexaghost","floor":16.0,"turns":9.0},{"damage":5.0,"enemies":"Shell Parasite","floor":18.0,"turns":1.0},{"damage":0.0,"enemies":"Spheric Guardian","floor":20.0,"turns":1.0},{"damage":5.0,"enemies":"Snake Plant","floor":21.0,"turns":2.0},{"damage":19.0,"enemies":"Gremlin Leader","floor":24.0,"turns":3.0},{"damage":0.0,"enemies":"3 Cultists","floor":28.0,"turns":3.0},{"damage":20.0,"enemies":"Slavers","floor":29.0,"turns":3.0},{"damage":10.0,"enemies":"Centurion and Healer","floor":31.0,"turns":3.0},{"damage":66.0,"enemies":"Automaton","floor":33.0,"turns":11.0},{"damage":0.0,"enemies":"3 Darklings","floor":35.0,"turns":1.0},{"damage":5.0,"enemies":"Orb Walker","floor":36.0,"turns":2.0},{"damage":28.0,"enemies":"Writhing Mass","floor":38.0,"turns":5.0},{"damage":5.0,"enemies":"Reptomancer","floor":40.0,"turns":4.0},{"damage":23.0,"enemies":"4 Shapes","floor":41.0,"turns":2.0},{"damage":5.0,"enemies":"Spire Growth","floor":42.0,"turns":2.0},{"damage":12.0,"enemies":"Writhing Mass","floor":45.0,"turns":4.0},{"damage":11.0,"enemies":"3 Darklings","floor":46.0,"turns":3.0},{"damage":26.0,"enemies":"Transient","floor":48.0,"turns":6.0},{"damage":48,"enemies":"Donu and Deca","floor":50,"turns":7}],"seed_played":"8129324406105396894","potions_obtained":[{"floor":3.0,"key":"ColorlessPotion"},{"floor":6.0,"key":"Regen Potion"},{"floor":10.0,"key":"LiquidBronze"},{"floor":13.0,"key":"Block Potion"},{"floor":21.0,"key":"AttackPotion"},{"floor":24.0,"key":"Weak Potion"},{"floor":28.0,"key":"BloodPotion"},{"floor":29.0,"key":"BlessingOfTheForge"},{"floor":31.0,"key":"HeartOfIron"},{"floor":36.0,"key":"GamblersBrew"},{"floor":38.0,"key":"Energy Potion"},{"floor":45.0,"key":"SkillPotion"},{"floor":46.0,"key":"ColorlessPotion"},{"floor":48.0,"key":"CultistPotion"}],"is_trial":false,"path_per_floor":["M","?","M","?","?","E","R","E","T","E","$","R","M","?","R","B",null,"M","$","M","M","?","R","E","R","T","R","M","E","?","M","R","B",null,"M","M","?","M","$","E","M","M","T","R","M","M","?","M","R","B",null],"character_chosen":"IRONCLAD","items_purchased":["Chemical X"],"campfire_rested":2,"item_purchase_floors":[19],"current_hp_per_floor":[74,74,75,52,52,58,58,50,50,21,21,21,20,20,20,26,63,64,64,70,71,51,51,38,38,38,62,68,54,54,50,50,31,68,74,75,75,53,53,54,37,38,38,61,55,50,37,32,32,15],"gold":425,"neow_bonus":"THREE_ENEMY_KILL","is_daily":false,"chose_seed":false,"campfire_upgraded":7,"win_rate":0.0,"timestamp":1610035955,"path_taken":["M","?","M","?","?","E","R","E","T","E","?","R","?","?","R","BOSS","M","?","?","M","?","R","E","R","T","R","M","E","?","M","R","BOSS","M","M","?","M","$","E","M","M","T","R","?","M","?","M","R","BOSS"],"items_purchased_type":["Relic"],"build_version":"2020-12-22","purchased_purges":2,"victory":true,"max_hp_per_floor":[75,75,75,75,75,75,75,75,75,75,75,75,75,75,75,75,75,75,75,75,75,80,80,80,80,80,80,80,80,80,80,80,80,80,80,80,80,80,77,77,77,77,77,77,77,77,77,77,77,77],"card_choices":[{"not_picked":["Clash","Flex","Twin Strike"],"picked":"SKIP","floor":1.0},{"not_picked":["Heavy Blade","Sword Boomerang"],"picked":"Reckless Charge","floor":3.0},{"not_picked":["Cleave","Shrug It Off"],"picked":"Whirlwind","floor":6.0},{"not_picked":["Flex","Exhume"],"picked":"Feel No Pain","floor":8.0},{"not_picked":["Hemokinesis","Searing Blow","Inflame"],"picked":"SKIP","floor":10.0},{"not_picked":["Ghostly Armor","Clothesline"],"picked":"Evolve","floor":13.0},{"not_picked":["Berserk","Brutality"],"picked":"Immolate","floor":16.0},{"not_picked":["Clothesline","Cleave"],"picked":"Shrug It Off","floor":18.0},{"not_picked":["Heavy Blade+1","Pummel"],"picked":"Body Slam","floor":20.0},{"not_picked":["Clothesline","Perfected Strike","Sever Soul"],"picked":"SKIP","floor":21.0},{"not_picked":["True Grit","Combust+1","Infernal Blade"],"picked":"SKIP","floor":24.0},{"not_picked":["Shrug It Off","Sword Boomerang","True Grit"],"picked":"SKIP","floor":28.0},{"not_picked":["Sword Boomerang","True Grit"],"picked":"Shrug It Off","floor":28.0},{"not_picked":["Wild Strike","Clash"],"picked":"Flame Barrier","floor":29.0},{"not_picked":["Searing Blow","Body Slam","Warcry"],"picked":"SKIP","floor":31.0},{"not_picked":["Evolve","Carnage","Wild Strike"],"picked":"SKIP","floor":35.0},{"not_picked":["Pommel Strike","True Grit+1"],"picked":"Shockwave","floor":36.0},{"not_picked":["Sword Boomerang+1","Heavy Blade"],"picked":"Shrug It Off+1","floor":38.0},{"not_picked":["Juggernaut","Hemokinesis","Havoc"],"picked":"SKIP","floor":40.0},{"not_picked":["Warcry","Ghostly Armor"],"picked":"Sentinel","floor":41.0},{"not_picked":["Havoc","Uppercut","Thunderclap+1"],"picked":"SKIP","floor":42.0},{"not_picked":["Thunderclap","Cleave","Bloodletting"],"picked":"SKIP","floor":45.0},{"not_picked":["Demon Form","Ghostly Armor","Pommel Strike"],"picked":"SKIP","floor":46.0},{"not_picked":["Rupture","Sword Boomerang","Clash"],"picked":"SKIP","floor":48.0}],"player_experience":439191,"relics_obtained":[{"floor":6.0,"key":"CaptainsWheel"},{"floor":8.0,"key":"Potion Belt"},{"floor":9.0,"key":"TungstenRod"},{"floor":10.0,"key":"MawBank"},{"floor":24.0,"key":"Ornamental Fan"},{"floor":26.0,"key":"Shuriken"},{"floor":29.0,"key":"Pantograph"},{"floor":40.0,"key":"Omamori"},{"floor":43.0,"key":"White Beast Statue"}],"event_choices":[{"cards_removed":["Strike_R"],"damage_healed":0.0,"max_hp_gain":0.0,"max_hp_loss":0.0,"gold_gain":0.0,"event_name":"The Cleric","player_choice":"Card Removal","floor":2.0,"gold_loss":75.0,"damage_taken":0.0},{"damage_healed":0.0,"max_hp_gain":0.0,"max_hp_loss":0.0,"gold_gain":0.0,"event_name":"Shining Light","player_choice":"Entered Light","floor":4.0,"gold_loss":0.0,"damage_taken":23.0,"cards_upgraded":["Defend_R","Defend_R"]},{"damage_healed":0.0,"max_hp_gain":0.0,"max_hp_loss":0.0,"gold_gain":0.0,"event_name":"Liars Game","player_choice":"Ignored","floor":5.0,"gold_loss":0.0,"damage_taken":0.0},{"cards_removed":["Strike_R"],"damage_healed":0.0,"max_hp_gain":0.0,"max_hp_loss":0.0,"gold_gain":0.0,"event_name":"Bonfire Elementals","player_choice":"Offered Basic","floor":14.0,"gold_loss":0.0,"damage_taken":0.0},{"damage_healed":0.0,"max_hp_gain":5.0,"max_hp_loss":0.0,"gold_gain":0.0,"event_name":"Forgotten Altar","player_choice":"Shed Blood","floor":22.0,"gold_loss":0.0,"damage_taken":26.0},{"damage_healed":0.0,"max_hp_gain":0.0,"max_hp_loss":0.0,"gold_gain":50.0,"event_name":"Nest","player_choice":"Stole From Cult","floor":30.0,"gold_loss":0.0,"damage_taken":0.0},{"damage_healed":0.0,"max_hp_gain":0.0,"max_hp_loss":0.0,"gold_gain":0.0,"event_name":"Match and Keep!","player_choice":"0 cards matched","floor":37.0,"gold_loss":0.0,"damage_taken":0.0,"cards_obtained":[]},{"damage_healed":0.0,"max_hp_gain":0.0,"max_hp_loss":0.0,"gold_gain":0.0,"event_name":"Winding Halls","player_choice":"Embrace Madness","floor":47.0,"gold_loss":0.0,"damage_taken":14.0,"cards_obtained":["Madness","Madness"]}],"is_beta":false,"boss_relics":[{"not_picked":["Coffee Dripper","Mark of Pain"],"picked":"Pandora\u0027s Box"},{"not_picked":["Velvet Choker","Black Blood"],"picked":"Philosopher\u0027s Stone"}],"items_purged_floors":[19,39],"is_endless":false,"potions_floor_spawned":[3,6,10,13,21,24,28,29,31,36,38,45,46,48],"ascension_level":18}}