{"host":"28p8ce41sjwa6lzf","time":1610041480,"event":{"mods":["BaseMod","Bestiary","Colored Map","Colored Powertips","Dark Map","Highlight Path","Minty Spire (QoL Compilation)","Permanent Neow","Quick Restart","Random Character Button","Rare Cards Sparkle","Relic Stats","StSLib","Unceasing Turn Reminder"],"gold_per_floor":[112,124,139,158,168,195,133,133,133],"floor_reached":8,"playtime":414,"items_purged":[],"score":120,"play_id":"4126a636-66da-4c48-a2ad-267e7f677a14","local_time":"20210107114440","is_ascension_mode":true,"campfire_choices":[],"circlet_count":0,"master_deck":["AscendersBane","Strike_R","Strike_R","Strike_R","Strike_R","Strike_R","Defend_R","Defend_R","Defend_R","Defend_R","Bash","Exhume","Dark Embrace","Infernal Blade","Disarm","Impervious"],"relics":["Burning Blood","Strawberry"],"acts_visited":["Exordium"],"potions_floor_usage":[],"damage_taken":[{"damage":11.0,"enemies":"Small Slimes","floor":1.0,"turns":5.0},{"damage":5.0,"enemies":"2 Louse","floor":2.0,"turns":3.0},{"damage":2.0,"enemies":"Cultist","floor":3.0,"turns":4.0},{"damage":28.0,"enemies":"Lots of Slimes","floor":4.0,"turns":6.0},{"damage":17.0,"enemies":"Exordium Thugs","floor":5.0,"turns":5.0},{"damage":40.0,"enemies":"Gremlin Nob","floor":6.0,"turns":5.0},{"damage":25,"enemies":"3 Sentries","floor":8,"turns":3}],"seed_played":"-7830000350445147882","potions_obtained":[{"floor":2.0,"key":"BloodPotion"},{"floor":3.0,"key":"Ancient Potion"},{"floor":6.0,"key":"Ancient Potion"}],"is_trial":false,"path_per_floor":["M","M","M","M","M","E","?","E"],"character_chosen":"IRONCLAD","items_purchased":[],"campfire_rested":0,"item_purchase_floors":[],"current_hp_per_floor":[63,64,68,46,35,23,23,0,0],"gold":133,"neow_bonus":"ONE_RANDOM_RARE_CARD","is_daily":false,"chose_seed":false,"campfire_upgraded":0,"win_rate":0.0,"timestamp":1610041480,"path_taken":["M","M","M","M","M","E","?","E"],"items_purchased_type":[],"build_version":"2020-12-22","purchased_purges":0,"victory":false,"max_hp_per_floor":[75,75,75,75,75,82,82,82,82],"relic_stats":{"counters":[7,31],"obtain_stats":[{"Strawberry":6,"Burning Blood":0},{"Strawberry":6,"Burning Blood":0},{"Strawberry":28,"Burning Blood":0}],"Burning Blood":36},"card_choices":[{"not_picked":["Thunderclap","Havoc"],"picked":"Dark Embrace","floor":1.0},{"not_picked":["Warcry","Pommel Strike"],"picked":"Infernal Blade","floor":2.0},{"not_picked":["Power Through","Clothesline"],"picked":"Disarm","floor":3.0},{"not_picked":["Flex","Heavy Blade","Body Slam"],"picked":"SKIP","floor":4.0},{"not_picked":["Anger","Combust"],"picked":"Impervious","floor":5.0},{"not_picked":["Thunderclap","Havoc","Reckless Charge"],"picked":"SKIP","floor":6.0}],"player_experience":1102885,"relics_obtained":[{"floor":6.0,"key":"Strawberry"}],"event_choices":[{"damage_healed":0.0,"max_hp_gain":0.0,"max_hp_loss":0.0,"gold_gain":0.0,"event_name":"World of Goop","player_choice":"Left Gold","floor":7.0,"gold_loss":62.0,"damage_taken":0.0}],"is_beta":false,"boss_relics":[],"items_purged_floors":[],"is_endless":false,"potions_floor_spawned":[2,3,6],"killed_by":"3 Sentries","ascension_level":20}}