{"host":"kabf61oc9jgfwufg","time":1610035417,"event":{"mods":["AchievementEnabler","Act Like it!","Aspiration","BaseMod","Conspire","GifTheSpireLib","Halation","HexUI Lib","Hubris","Infinite Spire","Minty Spire (QoL Compilation)","Quick Restart","Rare Cards Sparkle","Replay The Spire","Shop Mod","StSLib","Waifu the Spire"],"gold_per_floor":[114,143,143,68,68,101,118,128,128,128,28,28,28],"floor_reached":12,"playtime":219,"items_purged":["Injury","Strike_B"],"score":78,"play_id":"f385a576-49cd-4cbc-81fd-06d3331ca743","local_time":"20210107160337","is_ascension_mode":false,"campfire_choices":[{"floor":10,"key":"REST"}],"circlet_count":0,"master_deck":["Strike_B","Strike_B","Strike_B","Defend_B","Defend_B","Defend_B","Defend_B","Zap","Dualcast","ReplayGash"],"relics":["Cracked Core","NeowsBlessing","Lantern","Molten Egg 2","Blue Candle","Replay:Accelerometer"],"acts_visited":["Exordium"],"potions_floor_usage":[12],"damage_taken":[{"damage":0,"enemies":"Jaw Worm","floor":1,"turns":1},{"damage":0,"enemies":"conspire:MimicChest","floor":2,"turns":1},{"damage":0,"enemies":"Small Slimes","floor":5,"turns":1},{"damage":54,"enemies":"Lagavulin","floor":6,"turns":7},{"damage":0,"enemies":"2 Louse","floor":7,"turns":1},{"damage":14,"enemies":"Blue Slaver","floor":8,"turns":4},{"damage":29,"enemies":"Gremlin Nob","floor":12,"turns":4}],"seed_played":"8054363055862968432","potions_obtained":[{"floor":1,"key":"LifebloodPotion"}],"is_trial":false,"path_per_floor":["M","?","?","$","M","E","M","M","T","R","$","E"],"character_chosen":"DEFECT","items_purchased":[],"campfire_rested":1,"item_purchase_floors":[],"current_hp_per_floor":[75,75,75,75,75,21,21,7,7,29,29,0,0],"gold":28,"neow_bonus":"THREE_ENEMY_KILL","is_daily":false,"chose_seed":false,"campfire_upgraded":0,"win_rate":0.0,"timestamp":1610035417,"path_taken":["M","?","?","$","M","E","M","M","T","R","$","E"],"items_purchased_type":[],"build_version":"2020-12-22","purchased_purges":2,"victory":false,"max_hp_per_floor":[75,75,75,75,75,75,75,75,75,75,75,75,75],"card_choices":[{"not_picked":["Conserve Battery","Steam","Ball Lightning"],"picked":"SKIP","floor":1},{"not_picked":["Go for the Eyes","Force Field"],"picked":"ReplayGash","floor":2},{"not_picked":["BasicCrystalCard","Doom and Gloom+1","Compile Driver+1"],"picked":"SKIP","floor":5},{"not_picked":["Ball Lightning+1","Defragment","Fusion"],"picked":"SKIP","floor":6},{"not_picked":["Sweeping Beam+1","Darkness","Time Bomb"],"picked":"SKIP","floor":7},{"not_picked":["Cold Snap+1","aspiration:Polymerization","Fission"],"picked":"SKIP","floor":8}],"player_experience":65584,"relics_obtained":[{"floor":2,"key":"Lantern"},{"floor":6,"key":"Blue Candle"},{"floor":9,"key":"Replay:Accelerometer"}],"event_choices":[],"is_beta":false,"boss_relics":[],"items_purged_floors":[4,11],"is_endless":false,"potions_floor_spawned":[1],"killed_by":"Gremlin Nob","ascension_level":0}}