{"host":"5dk97cf2ubw2v967","time":1610014667,"event":{"mods":["AlwaysNeverKeys","BaseMod","Better Altar","Better Vampires","Block Reminder","Colored Powertips","Downfall","Googly Eyes","Highlight Path","Minty Spire (QoL Compilation)","Permanent Neow","Potion Indicator Mod","Quick Restart","Relic Filter","Relic Stats","Say the Spire","Spicy Shops","StSLib","Waifu the Spire","everything is the same but u backflip on backflip"],"gold_per_floor":[99,111,211,211,221,146,171,191,47,47,47,47,63,98,117,194,194,194,214,226,226,240,240,240,257,289,289,289,618,543,571,584,661,661,661,675,87,87,72,72,72,72],"floor_reached":40,"playtime":3017,"items_purged":["Guardian:Defend_Guardian"],"score":913,"play_id":"6abc6f8d-b04c-42a4-9bb1-b1a11bce4bd7","local_time":"20210107101747","is_ascension_mode":true,"campfire_choices":[{"floor":1,"key":"RECALL"},{"data":"Guardian:TwinSlam","floor":6,"key":"SMITH"},{"data":"Guardian:Orbwalk","floor":10,"key":"SMITH"},{"data":"Guardian:Orbwalk","floor":12,"key":"SMITH"},{"data":"Guardian:ChargeUp","floor":18,"key":"SMITH"},{"floor":23,"key":"REST"},{"floor":30,"key":"REST"},{"data":"Guardian:AncientConstruct","floor":35,"key":"SMITH"}],"circlet_count":0,"master_deck":["AscendersBane","Guardian:Defend_Guardian","Guardian:Defend_Guardian","Guardian:Defend_Guardian","Guardian:CurlUp","Guardian:TwinSlam+1","Bandage Up","Guardian:RollAttack","Guardian:VentSteam","Guardian:Orbwalk+1","Guardian:Orbwalk+1","Guardian:BronzeOrb","Guardian:ChargeUp+1","Guardian:ShieldCharger","Guardian:ExploitGems","CurseOfTheBell","Guardian:SentryBeam","Guardian:Reroute","Bite","Bite","Bite","Bite","Guardian:FastForward","Guardian:WalkerClaw","Guardian:AncientConstruct+1","Guardian:Gem_Fragmented","Guardian:Aged","Guardian:Gem_Red"],"relics":["Guardian:ModeShifter","Strawberry","downfall:HeartBlessingRed","Regal Pillow","WarpedTongs","Juzu Bracelet","Calling Bell","Orichalcum","Ornamental Fan","Turnip","Bottled Tornado","Old Coin","downfall:HeartBlessingBlue","Blood Vial","Runic Pyramid","Kunai","Toolbox","Guardian:StasisEgg"],"acts_visited":["Exordium","TheCity","TheBeyond"],"potions_floor_usage":[14,16,26,27,29,32,39],"damage_taken":[{"damage":6,"enemies":"Cultist","floor":2,"turns":6},{"damage":4,"enemies":"Small Slimes","floor":5,"turns":4},{"damage":1,"enemies":"Jaw Worm","floor":8,"turns":3},{"damage":1,"enemies":"downfall:FleeingMerchant","floor":9,"turns":4},{"damage":4,"enemies":"Large Slime","floor":13,"turns":5},{"damage":19,"enemies":"Gremlin Nob","floor":14,"turns":4},{"damage":20,"enemies":"3 Louse","floor":15,"turns":4},{"damage":19,"enemies":"downfall:Silent","floor":16,"turns":6},{"damage":16,"enemies":"3 Byrds","floor":19,"turns":5},{"damage":15,"enemies":"Shell Parasite","floor":20,"turns":6},{"damage":0,"enemies":"Snecko","floor":22,"turns":5},{"damage":0,"enemies":"Centurion and Healer","floor":25,"turns":6},{"damage":41,"enemies":"Gremlin Leader","floor":26,"turns":8},{"damage":0,"enemies":"Cultist and Chosen","floor":27,"turns":3},{"damage":42,"enemies":"Book of Stabbing","floor":29,"turns":5},{"damage":16,"enemies":"Gremlin Leader","floor":31,"turns":6},{"damage":14,"enemies":"Chosen and Byrds","floor":32,"turns":6},{"damage":38,"enemies":"downfall:Watcher","floor":33,"turns":9},{"damage":12,"enemies":"Orb Walker","floor":36,"turns":3},{"damage":11,"enemies":"downfall:FleeingMerchant","floor":37,"turns":4},{"damage":6,"enemies":"downfall:FleeingMerchant","floor":39,"turns":4},{"damage":96,"enemies":"Reptomancer","floor":40,"turns":14}],"seed_played":"-2896200241429370869","potions_obtained":[{"floor":8,"key":"Strength Potion"},{"floor":13,"key":"PowerPotion"},{"floor":15,"key":"SmokeBomb"},{"floor":20,"key":"sneckomod:MuddlingPotion"},{"floor":22,"key":"Energy Potion"},{"floor":26,"key":"champ:CounterPotion"},{"floor":31,"key":"SneckoOil"}],"is_trial":false,"path_per_floor":["R","M","?","?","M","R","T","M","$","R","?","R","M","E","M","B",null,"R","M","M","?","M","R","T","M","E","M","?","E","R","E","M","B",null,"R","M","$","?","$","E"],"character_chosen":"GUARDIAN","items_purchased":["Guardian:Orbwalk","Guardian:BronzeOrb","Kunai","Toolbox","SteroidPotion"],"campfire_rested":2,"item_purchase_floors":[9,9,37,37,37],"current_hp_per_floor":[65,63,63,52,52,52,52,55,58,58,58,58,58,39,25,10,62,62,50,39,39,43,79,79,79,42,42,42,17,63,57,56,51,65,65,60,60,60,61,0,0,0],"gold":72,"neow_bonus":"RANDOM_COLORLESS","is_daily":false,"chose_seed":false,"campfire_upgraded":5,"win_rate":0.0,"timestamp":1610014667,"path_taken":["R","M","?","?","M","R","T","M","$","R","?","R","M","E","M","BOSS","R","M","M","?","M","R","T","M","E","M","?","E","R","E","M","BOSS","R","M","$","?","$","E"],"items_purchased_type":["Card","Card","Relic","Relic","Potion"],"build_version":"2020-12-22","purchased_purges":1,"victory":false,"max_hp_per_floor":[72,72,72,79,79,79,79,79,79,79,79,79,79,79,79,79,79,79,79,79,79,79,79,79,79,79,79,60,60,70,70,70,70,70,70,70,70,70,70,70,70,70],"relic_stats":{"Blood Vial":12,"Regal Pillow":28,"counters":[22,120],"Ornamental Fan":[128],"Turnip":[4],"Juzu Bracelet":0,"Kunai":[6],"Orichalcum":[72],"obtain_stats":[{"Regal Pillow":7,"downfall:HeartBlessingRed":6,"Guardian:StasisEgg":38,"Guardian:ModeShifter":0,"Juzu Bracelet":14,"Orichalcum":17,"Bottled Tornado":26,"WarpedTongs":11,"Old Coin":29,"Calling Bell":17,"Blood Vial":31,"Ornamental Fan":17,"downfall:HeartBlessingBlue":30,"Strawberry":4,"Toolbox":37,"Turnip":17,"Kunai":37,"Runic Pyramid":34},{"Regal Pillow":2,"downfall:HeartBlessingRed":2,"Guardian:StasisEgg":20,"Guardian:ModeShifter":0,"Juzu Bracelet":6,"Orichalcum":8,"Bottled Tornado":13,"WarpedTongs":4,"Old Coin":15,"Calling Bell":8,"Blood Vial":16,"Ornamental Fan":8,"downfall:HeartBlessingBlue":15,"Strawberry":1,"Toolbox":20,"Turnip":8,"Kunai":20,"Runic Pyramid":18},{"Regal Pillow":10,"downfall:HeartBlessingRed":10,"Guardian:StasisEgg":102,"Guardian:ModeShifter":0,"Juzu Bracelet":26,"Orichalcum":36,"Bottled Tornado":66,"WarpedTongs":17,"Old Coin":74,"Calling Bell":36,"Blood Vial":80,"Ornamental Fan":36,"downfall:HeartBlessingBlue":74,"Strawberry":6,"Toolbox":102,"Turnip":36,"Kunai":102,"Runic Pyramid":95}],"WarpedTongs":[103]},"card_choices":[{"not_picked":["Madness","Mind Blast"],"picked":"Bandage Up","floor":0},{"not_picked":["Guardian:Gem_Green","Guardian:ChargeCore"],"picked":"Guardian:Gem_White","floor":2},{"not_picked":["Guardian:Gem_Lightblue","Guardian:Gem_Red"],"picked":"Guardian:RollAttack","floor":5},{"not_picked":["Guardian:TemporalShield","Guardian:PiercingHide"],"picked":"Guardian:VentSteam","floor":8},{"not_picked":["Guardian:RollAttack","Guardian:FloatingOrbs"],"picked":"Guardian:Orbwalk","floor":9},{"not_picked":["Guardian:WalkerClaw","Guardian:ShieldCharger"],"picked":"Guardian:ChargeUp","floor":13},{"not_picked":["Guardian:PiercingHide","Guardian:WalkerClaw"],"picked":"Guardian:ShieldCharger","floor":14},{"not_picked":["Guardian:Preprogram","Guardian:ShieldSpikes"],"picked":"Guardian:Gem_Orange","floor":15},{"not_picked":["Guardian:TimeSifter","Guardian:HyperBeam_Guardian"],"picked":"Guardian:ExploitGems","floor":16},{"not_picked":["Guardian:PiercingHide","Guardian:Gem_Red"],"picked":"Guardian:SentryBeam","floor":19},{"not_picked":["Guardian:Preprogram","Guardian:FloatingOrbs"],"picked":"Guardian:Gem_Fragmented","floor":20},{"not_picked":["Guardian:TemporalShield","Guardian:Incinerate"],"picked":"Guardian:Reroute","floor":22},{"not_picked":["Guardian:Gem_Crimson","Guardian:TemporalShield"],"picked":"Guardian:Gem_Purple","floor":25},{"not_picked":["Guardian:VentSteam","Guardian:TemporalStrike"],"picked":"Guardian:Gem_Orange","floor":26},{"not_picked":["Guardian:Gem_Green","Guardian:Gem_Red"],"picked":"Guardian:FastForward","floor":29},{"not_picked":["Guardian:Gem_Red","Guardian:Emergency","Guardian:MultiBeam"],"picked":"SKIP","floor":31},{"not_picked":["Guardian:Harden","Guardian:Gem_Lightblue"],"picked":"Guardian:WalkerClaw","floor":32},{"not_picked":["Guardian:RevengeProtocol","Guardian:ExploitGems"],"picked":"Guardian:AncientConstruct","floor":33},{"not_picked":["Guardian:Harden","Guardian:Gem_Lightblue"],"picked":"Guardian:Gem_Fragmented","floor":36},{"not_picked":["Guardian:Recover","Guardian:CrystalBeam","Guardian:PrimingBeam"],"picked":"SKIP","floor":37},{"not_picked":["Guardian:FierceBash","Guardian:Gem_Yellow"],"picked":"Guardian:Gem_Red","floor":39}],"player_experience":1322942,"relics_obtained":[{"floor":7,"key":"Regal Pillow"},{"floor":14,"key":"Juzu Bracelet"},{"floor":17,"key":"Orichalcum"},{"floor":17,"key":"Ornamental Fan"},{"floor":17,"key":"Turnip"},{"floor":26,"key":"Bottled Tornado"},{"floor":29,"key":"Old Coin"},{"floor":31,"key":"Blood Vial"}],"event_choices":[{"damage_healed":0,"gold_gain":0,"player_choice":"Success","damage_taken":18,"relics_obtained":["Strawberry"],"max_hp_gain":0,"max_hp_loss":0,"event_name":"Scrap Ooze","floor":4,"gold_loss":0},{"damage_healed":0,"gold_gain":0,"player_choice":"Became a vampire","damage_taken":0,"max_hp_gain":0,"max_hp_loss":19,"event_name":"Vampires","floor":28,"gold_loss":0,"cards_obtained":["Bite","Bite","Bite","Bite"]}],"is_beta":false,"boss_relics":[{"not_picked":["Fusion Hammer","Busted Crown"],"picked":"Calling Bell"},{"not_picked":["Philosopher\u0027s Stone","Empty Cage"],"picked":"Runic Pyramid"}],"items_purged_floors":[37],"is_endless":false,"potions_floor_spawned":[8,13,15,20,22,25,26,31],"killed_by":"Reptomancer","ascension_level":20}}