{"host":"bpkhhmvsfrvlto2l","time":1610007293,"event":{"mods":["2.2 Compatiblity","Act Like it!","AlwaysNeverKeys","BaseMod","Better Silent Start","Challenge The Spire","Colored Map","Colored Powertips","Custom Start","Downfall","Energized Spire","Friendly Minions","GifTheSpireLib","Halation","Hubris","Infinite Spire","Ironclad Rager","Mimic Mod","Minty Spire (QoL Compilation)","Permanent Neow","Quick Restart","Random Character Button","Relic Sorter","Replay The Spire","Spikes Relics","StSLib","Stuff the Spire","Swap Starting Deck Mod","Trackpad"],"gold_per_floor":[215,185,198,213,228,228,261,274,309,309,309],"floor_reached":10,"playtime":333,"items_purged":[],"score":74,"play_id":"278897fc-fd22-42bf-9aa2-0af17830dcb6","local_time":"20210107031453","is_ascension_mode":true,"campfire_choices":[{"data":"ReplayTheSpireMod:Muscle Training","floor":6,"key":"SMITH"}],"circlet_count":0,"master_deck":["Strike_R","Strike_R","Strike_R","Strike_R","Strike_R","Defend_R","Defend_R","Defend_R","Defend_R","Bash","Heavy Blade","ReplayTheSpireMod:Muscle Training+1","Flex","Spot Weakness","ReplayTheSpireMod:Muscle Training"],"relics":["Burning Blood","trackpad:PetRock","hubris:ToyBattleship"],"acts_visited":["Exordium"],"potions_floor_usage":[7,7,10],"damage_taken":[{"damage":7,"enemies":"Small Slimes","floor":1,"turns":4},{"damage":0,"enemies":"Cultist","floor":3,"turns":4},{"damage":7,"enemies":"Jaw Worm","floor":4,"turns":4},{"damage":29,"enemies":"Red Slaver","floor":5,"turns":5},{"damage":21,"enemies":"3 Sentries","floor":7,"turns":5},{"damage":6,"enemies":"Looter","floor":8,"turns":2},{"damage":10,"enemies":"2 Fungi Beasts","floor":9,"turns":5},{"damage":20,"enemies":"Lagavulin","floor":10,"turns":5}],"seed_played":"553405361213158353","potions_obtained":[{"floor":1,"key":"Venom Potion"},{"floor":2,"key":"Death Potion"},{"floor":2,"key":"sneckomod:MuddlingPotion"},{"floor":7,"key":"SpeedPotion"},{"floor":8,"key":"Energy Potion"}],"is_trial":false,"path_per_floor":["M","?","M","M","M","R","E","M","MIM","E"],"character_chosen":"IRONCLAD","items_purchased":[],"campfire_rested":0,"item_purchase_floors":[],"current_hp_per_floor":[79,79,80,79,56,56,41,41,37,17,17],"gold":309,"neow_bonus":"HUNDRED_GOLD","is_daily":false,"chose_seed":false,"campfire_upgraded":1,"win_rate":0.0,"timestamp":1610007293,"path_taken":["M","?","M","?","M","R","E","M","MIM","E"],"items_purchased_type":[],"build_version":"2020-12-22","purchased_purges":0,"victory":false,"max_hp_per_floor":[80,80,80,80,80,80,80,80,80,80,80],"card_choices":[{"not_picked":["Replay:Undeath\u0027s Touch","Cleave"],"picked":"Heavy Blade","floor":1},{"not_picked":["Heavy Blade","Bloodletting"],"picked":"ReplayTheSpireMod:Muscle Training","floor":3},{"not_picked":["Sword Boomerang","Second Wind"],"picked":"Flex","floor":5},{"not_picked":["StuffTheSpire:Slingshot","hubris:CleavingFinish"],"picked":"Spot Weakness","floor":7},{"not_picked":["Wild Strike","Heavy Blade"],"picked":"ReplayTheSpireMod:Muscle Training","floor":8}],"player_experience":32708,"relics_obtained":[{"floor":7,"key":"trackpad:PetRock"},{"floor":9,"key":"hubris:ToyBattleship"}],"event_choices":[{"damage_healed":0,"gold_gain":0,"player_choice":"Bought 2 Potions","damage_taken":0,"max_hp_gain":0,"max_hp_loss":0,"event_name":"The Woman in Blue","floor":2,"gold_loss":0}],"is_beta":false,"boss_relics":[],"items_purged_floors":[],"is_endless":false,"potions_floor_spawned":[1,7,8],"killed_by":"Lagavulin","ascension_level":1}}