{"host":"qdfumeom6htv8yxl","time":1610049442,"event":{"mods":["AchievementEnabler","BaseMod","Block Reminder","Minty Spire (QoL Compilation)","Quick Restart","Relic Stats"],"gold_per_floor":[115,115,133,148,36,36,51,51,51,62,62,62,78,97,97,172,172,172,172],"floor_reached":18,"playtime":675,"items_purged":[],"score":300,"play_id":"1f1b6e8d-a4fe-48a9-8ffe-c4323b8f9b00","local_time":"20210107135722","is_ascension_mode":true,"campfire_choices":[{"data":"Cloak And Dagger","floor":6.0,"key":"SMITH"},{"data":"Predator","floor":8.0,"key":"SMITH"},{"data":"Neutralize","floor":11.0,"key":"SMITH"},{"floor":15.0,"key":"REST"}],"circlet_count":0,"master_deck":["AscendersBane","Strike_G","Strike_G","Strike_G","Defend_G","Defend_G","Defend_G+1","Defend_G+1","Survivor","Neutralize+1","Cloak And Dagger","Blade Dance","Blade Dance","Predator+1","Cloak And Dagger+1","PiercingWail","Dodge and Roll","Sucker Punch"],"relics":["Ring of the Snake","Paper Crane","Empty Cage"],"acts_visited":["Exordium","TheCity"],"potions_floor_usage":[16,16],"damage_taken":[{"damage":0.0,"enemies":"Small Slimes","floor":1.0,"turns":4.0},{"damage":0.0,"enemies":"2 Louse","floor":3.0,"turns":4.0},{"damage":1.0,"enemies":"Jaw Worm","floor":4.0,"turns":6.0},{"damage":0.0,"enemies":"2 Fungi Beasts","floor":7.0,"turns":3.0},{"damage":0.0,"enemies":"Looter","floor":10.0,"turns":4.0},{"damage":4.0,"enemies":"Lots of Slimes","floor":13.0,"turns":4.0},{"damage":0.0,"enemies":"Red Slaver","floor":14.0,"turns":3.0},{"damage":24,"enemies":"Slime Boss","floor":16,"turns":10},{"damage":0,"enemies":"Shell Parasite","floor":18,"turns":1}],"seed_played":"-7425116858305038648","potions_obtained":[{"floor":3.0,"key":"ColorlessPotion"},{"floor":4.0,"key":"LiquidBronze"},{"floor":7.0,"key":"Strength Potion"},{"floor":13.0,"key":"PowerPotion"},{"floor":16,"key":"GamblersBrew"}],"is_trial":false,"path_per_floor":["M","?","M","M","$","R","M","R","T","M","R","?","M","M","R","B",null,"M"],"character_chosen":"THE_SILENT","items_purchased":["Predator","Cloak And Dagger"],"campfire_rested":1,"item_purchase_floors":[5,5],"current_hp_per_floor":[65,65,65,64,64,64,64,64,64,64,64,42,38,38,59,35,63,63,63],"gold":172,"neow_bonus":"TEN_PERCENT_HP_BONUS","is_daily":false,"chose_seed":false,"campfire_upgraded":3,"win_rate":0.0,"timestamp":1610049442,"path_taken":["M","?","M","M","$","R","M","R","T","M","R","?","M","M","R","BOSS","M"],"items_purchased_type":["Card","Card"],"build_version":"2020-12-22","purchased_purges":0,"victory":false,"max_hp_per_floor":[72,72,72,72,72,72,72,72,72,72,72,72,72,72,72,72,72,72,72],"relic_stats":{"counters":[9,39],"obtain_stats":[{"Paper Crane":9,"Empty Cage":17,"Ring of the Snake":0},{"Paper Crane":4,"Empty Cage":8,"Ring of the Snake":0},{"Paper Crane":17,"Empty Cage":38,"Ring of the Snake":0}],"Ring of the Snake":[18]},"card_choices":[{"not_picked":["Dagger Throw","Masterful Stab"],"picked":"Cloak And Dagger","floor":1.0},{"not_picked":["Cloak And Dagger","Catalyst"],"picked":"Blade Dance","floor":3.0},{"not_picked":["Deflect","Flechettes"],"picked":"Blade Dance","floor":4.0},{"not_picked":["Outmaneuver","Dagger Throw","Underhanded Strike"],"picked":"SKIP","floor":7.0},{"not_picked":["Prepared","Deflect"],"picked":"PiercingWail","floor":10.0},{"not_picked":["Flechettes","Outmaneuver"],"picked":"Dodge and Roll","floor":13.0},{"not_picked":["Corpse Explosion","Bane"],"picked":"Sucker Punch","floor":14.0}],"player_experience":1724713,"relics_obtained":[{"floor":9.0,"key":"Paper Crane"}],"event_choices":[{"cards_removed":["Strike_G"],"damage_healed":0.0,"max_hp_gain":0.0,"max_hp_loss":0.0,"gold_gain":0.0,"event_name":"Living Wall","player_choice":"Forget","floor":2.0,"gold_loss":0.0,"damage_taken":0.0},{"damage_healed":0.0,"max_hp_gain":0.0,"max_hp_loss":0.0,"gold_gain":0.0,"event_name":"Shining Light","player_choice":"Entered Light","floor":12.0,"gold_loss":0.0,"damage_taken":22.0,"cards_upgraded":["Defend_G","Defend_G"]}],"is_beta":false,"boss_relics":[{"not_picked":["Runic Dome","Coffee Dripper"],"picked":"Empty Cage"}],"items_purged_floors":[],"is_endless":false,"potions_floor_spawned":[3,4,7,13,16],"killed_by":"Shell Parasite","ascension_level":19}}