{"host":"o5or1zybx7au40zl","time":1610055006,"event":{"mods":["Act Like it!","BaseMod","Better Third Choice","Conspire","Dota2Spire","Hubris","Minty Spire (QoL Compilation)","Replay The Spire","StSLib"],"gold_per_floor":[110,0,0,19,30,63,77,6,60,60,72,82,92,80,80,80,80],"floor_reached":16,"playtime":380,"items_purged":[],"score":131,"play_id":"8e7d0121-552e-49a8-8734-6ed8612f71c6","local_time":"20210107223006","is_ascension_mode":false,"campfire_choices":[{"floor":10,"key":"REST"},{"floor":15,"key":"REST"}],"circlet_count":0,"master_deck":["Strike_B","Strike_B","Strike_B","Strike_B","Defend_B","Defend_B","Defend_B","Defend_B","Zap","Dualcast","Enlightenment","Glacier","hubris:Ukulele","Core Surge","Loop","BasicCrystalCard","ReplayTheSpireMod:Dual Polarity"],"relics":["Cracked Core","Ornamental Fan","Prayer Wheel"],"acts_visited":["Exordium"],"potions_floor_usage":[7,7],"damage_taken":[{"damage":3,"enemies":"Jaw Worm","floor":1,"turns":3},{"damage":1,"enemies":"Cultist","floor":4,"turns":3},{"damage":9,"enemies":"2 Louse","floor":5,"turns":3},{"damage":56,"enemies":"Gremlin Nob","floor":6,"turns":8},{"damage":5,"enemies":"Exordium Thugs","floor":7,"turns":5},{"damage":11,"enemies":"3 Louse","floor":11,"turns":4},{"damage":2,"enemies":"2 Fungi Beasts","floor":12,"turns":4},{"damage":2,"enemies":"Red Slaver","floor":13,"turns":4},{"damage":20,"enemies":"Exordium Thugs","floor":14,"turns":5},{"damage":82,"enemies":"Fading Forest","floor":16,"turns":9}],"seed_played":"-6262913410772230447","potions_obtained":[{"floor":3,"key":"Dota2Spire:HealingSalve"},{"floor":3,"key":"FairyPotion"},{"floor":3,"key":"Toxic Potion"},{"floor":7,"key":"Dexterity Potion"},{"floor":11,"key":"EssenceOfSteel"},{"floor":14,"key":"Block Potion"}],"is_trial":false,"path_per_floor":["M","?","?","M","M","E","M","$","T","R","M","M","M","M","R","B"],"character_chosen":"DEFECT","items_purchased":["Loop"],"campfire_rested":2,"item_purchase_floors":[8],"current_hp_per_floor":[65,71,71,70,61,5,6,6,6,34,23,21,19,28,56,0,0],"gold":80,"neow_bonus":"TWENTY_PERCENT_HP_BONUS","is_daily":false,"chose_seed":false,"campfire_upgraded":0,"win_rate":0.0,"timestamp":1610055006,"path_taken":["M","?","?","M","M","E","?","$","T","R","M","M","M","M","R","BOSS"],"items_purchased_type":["Card"],"build_version":"2020-12-22","purchased_purges":0,"victory":false,"max_hp_per_floor":[89,95,95,95,95,95,95,95,95,95,95,95,95,95,95,95,95],"card_choices":[{"not_picked":["Panic Button","Rebound","Compile Driver"],"picked":"SKIP","floor":1},{"not_picked":["Reprogram","Coolheaded","Turbo"],"picked":"SKIP","floor":4},{"not_picked":["Rebound","Ball Lightning"],"picked":"Glacier","floor":5},{"not_picked":["Ball Lightning","Turbo"],"picked":"hubris:Ukulele","floor":6},{"not_picked":["Sweeping Beam","Beam Cell"],"picked":"Core Surge","floor":7},{"not_picked":["Hologram","Gash"],"picked":"BasicCrystalCard","floor":11},{"not_picked":["Compile Driver","BasicCrystalCard"],"picked":"ReplayTheSpireMod:Dual Polarity","floor":12},{"not_picked":["Beam Cell","Go for the Eyes","Steam"],"picked":"SKIP","floor":13},{"not_picked":["Compile Driver","Turbo"],"picked":"ReplayTheSpireMod:Fabricate Wheel","floor":14}],"player_experience":929528,"relics_obtained":[{"floor":6,"key":"Ornamental Fan"}],"event_choices":[{"damage_healed":0,"gold_gain":0,"player_choice":"RENOUNCE","damage_taken":110,"max_hp_gain":0,"max_hp_loss":0,"event_name":"betterThird:BetterSerpent","floor":2,"gold_loss":110,"cards_obtained":["Enlightenment"]},{"damage_healed":0,"gold_gain":0,"player_choice":"Got Potions","damage_taken":0,"max_hp_gain":0,"max_hp_loss":0,"event_name":"Lab","floor":3,"gold_loss":0}],"is_beta":false,"boss_relics":[],"items_purged_floors":[],"is_endless":false,"potions_floor_spawned":[6,7,11,13,14],"killed_by":"Fading Forest","ascension_level":0}}