{"host":"h2zaclyrd1q1i31f","time":1610002622,"event":{"mods":["BaseMod","Colored Map","Downfall","Hermit","Minty Spire (QoL Compilation)","Permanent Neow","StSLib","SuperFastMode","The Hierophant","The Mystic"],"gold_per_floor":[17,29,129,30,30,30,56,22,22,22,22,76,76,90,90,191,191,210,110,110,110,121,121,153,171,171,191,201,201,49,68,68,165,165,178,193,209,223,223,223],"floor_reached":39,"playtime":1294,"items_purged":["Strike_R","Defend_R"],"score":426,"play_id":"4edba6b4-3bfa-4e25-8844-606c414ecbbe","local_time":"20210107005702","is_ascension_mode":false,"campfire_choices":[{"data":"Bash","floor":6,"key":"SMITH"},{"data":"Rage","floor":10,"key":"SMITH"},{"data":"Shrug It Off","floor":13,"key":"SMITH"},{"data":"Limit Break","floor":15,"key":"SMITH"},{"data":"Flex","floor":23,"key":"SMITH"},{"data":"Reaper","floor":29,"key":"SMITH"},{"data":"Defend_R","floor":32,"key":"SMITH"}],"circlet_count":0,"master_deck":["Defend_R","Defend_R","Defend_R+1","Bash+1","Shrug It Off+1","Limit Break+1","Rage+1","Flex+1","Reaper+1","Slimebound:Tackle+1","Slimebound:Tackle+1","Slimebound:Tackle+1","Twin Strike+1","Heavy Blade+1","Flex+1","Pummel+1"],"relics":["Burning Blood","Magic Flower","Letter Opener","Blue Candle","Omamori","SlaversCollar","Gremlin Horn","Boot","Brimstone","Calling Bell","Calipers","Toxic Egg 2","Tiny Chest"],"acts_visited":["Exordium","TheCity","TheBeyond"],"potions_floor_usage":[16,22,25,31,35],"damage_taken":[{"damage":14,"enemies":"Jaw Worm","floor":1,"turns":4},{"damage":1,"enemies":"Cultist","floor":2,"turns":3},{"damage":42,"enemies":"3 Sentries","floor":7,"turns":14},{"damage":1,"enemies":"2 Louse","floor":14,"turns":3},{"damage":47,"enemies":"Hexaghost","floor":16,"turns":10},{"damage":13,"enemies":"Chosen","floor":18,"turns":7},{"damage":27,"enemies":"3 Byrds","floor":22,"turns":5},{"damage":60,"enemies":"Book of Stabbing","floor":24,"turns":6},{"damage":26,"enemies":"Cultist and Chosen","floor":25,"turns":5},{"damage":16,"enemies":"Centurion and Healer","floor":27,"turns":5},{"damage":33,"enemies":"Snake Plant","floor":28,"turns":3},{"damage":2,"enemies":"3 Cultists","floor":31,"turns":3},{"damage":14,"enemies":"Collector","floor":33,"turns":5},{"damage":36,"enemies":"3 Darklings","floor":35,"turns":4},{"damage":9,"enemies":"3 Shapes","floor":36,"turns":4},{"damage":33,"enemies":"Spire Growth","floor":37,"turns":4},{"damage":9,"enemies":"Jaw Worm Horde","floor":38,"turns":2},{"damage":91,"enemies":"2 Orb Walkers","floor":39,"turns":4}],"seed_played":"-535578554464936120","potions_obtained":[{"floor":7,"key":"BloodPotion"},{"floor":18,"key":"Fire Potion"},{"floor":24,"key":"LiquidMemories"},{"floor":28,"key":"champ:CounterPotion"},{"floor":33,"key":"Block Potion"},{"floor":36,"key":"LiquidMemories"}],"is_trial":false,"path_per_floor":["M","M","?","$","T","R","E","$","T","R","?","T","R","M","R","B",null,"M","$","?","?","M","R","E","M","T","M","M","R","$","M","R","B",null,"M","M","M","M","?"],"character_chosen":"IRONCLAD","items_purchased":["Shrug It Off","Rage","Brimstone"],"campfire_rested":0,"item_purchase_floors":[4,8,30],"current_hp_per_floor":[75,80,80,80,80,80,47,47,47,47,47,47,47,55,55,41,80,76,76,76,76,70,70,37,44,44,67,43,43,43,80,80,75,80,53,80,56,56,0,0],"gold":223,"neow_bonus":"ONE_RARE_RELIC","is_daily":false,"chose_seed":false,"campfire_upgraded":7,"win_rate":0.0,"timestamp":1610002622,"path_taken":["M","M","?","$","?","R","E","$","T","R","?","?","R","M","R","BOSS","M","$","?","?","M","R","E","M","T","?","M","R","$","M","R","BOSS","M","M","M","M","?"],"items_purchased_type":["Card","Card","Relic"],"build_version":"2020-12-22","purchased_purges":2,"victory":false,"max_hp_per_floor":[80,80,80,80,80,80,80,80,80,80,80,80,80,80,80,80,80,80,80,80,80,80,80,80,80,80,80,80,80,80,80,80,80,80,80,80,80,80,80,80],"card_choices":[{"not_picked":["Pommel Strike","Disarm","Sword Boomerang"],"picked":"SKIP","floor":1},{"not_picked":["Warcry","Armaments","Shockwave"],"picked":"SKIP","floor":2},{"not_picked":["Exhume","Armaments"],"picked":"Limit Break","floor":7},{"not_picked":["True Grit","Perfected Strike"],"picked":"Flex","floor":14},{"not_picked":["Berserk","Demon Form"],"picked":"Reaper","floor":16},{"not_picked":["Clash","Carnage","Shrug It Off+1"],"picked":"SKIP","floor":18},{"not_picked":["Sever Soul+1","Blood for Blood","Perfected Strike+1"],"picked":"SKIP","floor":22},{"not_picked":["Twin Strike","Warcry","Clash+1"],"picked":"SKIP","floor":24},{"not_picked":["Warcry","Bludgeon"],"picked":"Twin Strike+1","floor":25},{"not_picked":["Havoc","Rupture+1","Headbutt"],"picked":"SKIP","floor":27},{"not_picked":["Warcry","Cleave+1","Burning Pact+1"],"picked":"SKIP","floor":28},{"not_picked":["Burning Pact","Headbutt","Iron Wave"],"picked":"SKIP","floor":31},{"not_picked":["Burning Pact+1","Wild Strike+1"],"picked":"Heavy Blade+1","floor":35},{"not_picked":["Sentinel+1","Body Slam+1"],"picked":"Flex+1","floor":36},{"not_picked":["Iron Wave+1","Heavy Blade"],"picked":"Pummel+1","floor":37},{"not_picked":["Blood for Blood+1","Warcry+1","True Grit+1"],"picked":"SKIP","floor":38}],"player_experience":138847,"relics_obtained":[{"floor":7,"key":"Letter Opener"},{"floor":9,"key":"Blue Candle"},{"floor":12,"key":"Omamori"},{"floor":24,"key":"Gremlin Horn"},{"floor":26,"key":"Boot"},{"floor":34,"key":"Calipers"},{"floor":34,"key":"Toxic Egg 2"},{"floor":34,"key":"Tiny Chest"}],"event_choices":[{"damage_healed":0,"gold_gain":100,"player_choice":"Pray","damage_taken":0,"max_hp_gain":0,"max_hp_loss":0,"event_name":"Golden Shrine","floor":3,"gold_loss":0},{"damage_healed":0,"gold_gain":0,"player_choice":"Ignored","damage_taken":0,"max_hp_gain":0,"max_hp_loss":0,"event_name":"Liars Game","floor":11,"gold_loss":0},{"damage_healed":0,"gold_gain":0,"player_choice":"Bought 0 Potions","damage_taken":0,"max_hp_gain":0,"max_hp_loss":0,"event_name":"The Woman in Blue","floor":21,"gold_loss":0},{"damage_healed":0,"gold_gain":0,"player_choice":"Fight","damage_taken":0,"max_hp_gain":0,"max_hp_loss":0,"event_name":"Mysterious Sphere","floor":39,"gold_loss":0}],"is_beta":false,"boss_relics":[{"not_picked":["Sozu","Runic Pyramid"],"picked":"SlaversCollar"},{"not_picked":["Empty Cage","Mark of Pain"],"picked":"Calling Bell"}],"items_purged_floors":[4,19],"is_endless":false,"potions_floor_spawned":[7,18,24,28,33,35,36],"killed_by":"2 Orb Walkers","ascension_level":0}}