{"host":"raai0vtvcfkt8csp","time":1610062465,"event":{"mods":["2.2 Compatiblity","BaseMod","Beaked The Cultist","Block Reminder","Booster Modes","DeckTracker","Defective Defect","Dio Mod","Downfall","GifTheSpireLib","Minty Spire (QoL Compilation)","Quick Restart","Random Character Button","Rare Cards Sparkle","StSLib","Unceasing Turn Reminder"],"gold_per_floor":[99,114,129,129,279,279,303,303,335,351,385,310,324,336,354,354,354],"floor_reached":16,"playtime":5106,"items_purged":[],"score":118,"play_id":"f1f350bd-fddd-4675-b572-2b0fb93e1873","local_time":"20210108003425","is_ascension_mode":true,"campfire_choices":[{"data":"dioMod:UltimateSacrifice","floor":1,"key":"SMITH"},{"floor":12,"key":"REST"}],"circlet_count":0,"master_deck":["dioMod:Strike","dioMod:Strike","dioMod:Strike","dioMod:Strike","Bite","dioMod:Defend","dioMod:Defend","dioMod:Defend","dioMod:Defend","dioMod:UltimateSacrifice+1","dioMod:BloodShield","dioMod:DarkRebirth","Slimebound:Icky","dioMod:GoodbyeJojo","dioMod:RoadRoller","dioMod:DoubleTime","dioMod:SlashThroughTime","dioMod:Hiss"],"relics":["dioMod:VampireBlood","Ancient Tea Set","downfall:BrokenWingStatue","Guardian:PocketSentry","Tiny Chest","Ornamental Fan","downfall:HeartBlessingGreen"],"acts_visited":["Exordium"],"potions_floor_usage":[16,16,16],"damage_taken":[{"damage":0,"enemies":"2 Louse","floor":2,"turns":3},{"damage":9,"enemies":"Jaw Worm","floor":3,"turns":2},{"damage":67,"enemies":"Gremlin Nob","floor":9,"turns":7},{"damage":1,"enemies":"Small Slimes","floor":10,"turns":3},{"damage":15,"enemies":"3 Sentries","floor":11,"turns":10},{"damage":13,"enemies":"Exordium Thugs","floor":13,"turns":6},{"damage":6,"enemies":"2 Fungi Beasts","floor":14,"turns":3},{"damage":1,"enemies":"Lots of Slimes","floor":15,"turns":5},{"damage":88,"enemies":"downfall:Silent","floor":16,"turns":12}],"seed_played":"-4303704375372974304","potions_obtained":[{"floor":8,"key":"Regen Potion"},{"floor":8,"key":"LiquidMemories"},{"floor":8,"key":"Regen Potion"}],"is_trial":false,"path_per_floor":["R","M","M","?","?","?","T","?","E","M","E","R","M","M","M","B"],"character_chosen":"THE_DEFAULT","items_purchased":[],"campfire_rested":1,"item_purchase_floors":[],"current_hp_per_floor":[75,75,73,70,70,70,70,70,12,19,17,39,32,34,50,17,17],"gold":354,"neow_bonus":"ONE_RANDOM_RARE_CARD","is_daily":false,"chose_seed":false,"campfire_upgraded":1,"win_rate":0.0,"timestamp":1610062465,"path_taken":["R","M","M","?","?","?","T","?","E","M","E","R","M","M","M","BOSS"],"items_purchased_type":[],"build_version":"2020-12-22","purchased_purges":0,"victory":false,"max_hp_per_floor":[75,75,75,75,75,75,75,75,75,75,75,75,75,75,75,75,75],"card_choices":[{"not_picked":["dioMod:LaserVision","dioMod:SecretPlan"],"picked":"dioMod:BloodShield","floor":2},{"not_picked":["dioMod:DominatingPresence","dioMod:LaserVision"],"picked":"dioMod:DarkRebirth","floor":3},{"not_picked":["dioMod:TripleThreat","dioMod:Roundabout","dioMod:Hiss"],"picked":"SKIP","floor":9},{"not_picked":["dioMod:HeavyLifting","dioMod:StreetSign"],"picked":"dioMod:GoodbyeJojo","floor":10},{"not_picked":["dioMod:SecretPlan","dioMod:VengefulMuda"],"picked":"dioMod:RoadRoller","floor":11},{"not_picked":["dioMod:BloodSplash","dioMod:DaggerToss"],"picked":"dioMod:DoubleTime","floor":13},{"not_picked":["dioMod:Donut","dioMod:CautiousMuda"],"picked":"dioMod:SlashThroughTime","floor":14},{"not_picked":["dioMod:HeavyLifting","dioMod:StreetSign"],"picked":"dioMod:Hiss","floor":15}],"player_experience":855798,"relics_obtained":[{"floor":7,"key":"Guardian:PocketSentry"},{"floor":9,"key":"Tiny Chest"},{"floor":11,"key":"Ornamental Fan"}],"event_choices":[{"damage_healed":0,"gold_gain":0,"player_choice":"Success","damage_taken":3,"relics_obtained":["Ancient Tea Set"],"max_hp_gain":0,"max_hp_loss":0,"event_name":"Scrap Ooze","floor":4,"gold_loss":0},{"damage_healed":0,"gold_gain":0,"player_choice":"Got Potions","damage_taken":0,"max_hp_gain":0,"max_hp_loss":0,"event_name":"Lab","floor":8,"gold_loss":0}],"is_beta":false,"boss_relics":[],"items_purged_floors":[],"is_endless":false,"potions_floor_spawned":[9,10,11,13,15],"killed_by":"downfall:Silent","ascension_level":1}}