{"host":"ci7cmvrwpmzqnw7e","time":1610060898,"event":{"mods":["BaseMod","BetterRewards","Colored Map","Downfall","Hubris","Minty Spire (QoL Compilation)","Rare Cards Sparkle","Replay The Spire","Shop Mod","StSLib","The Necromancer","The Servant 0.9.4"],"gold_per_floor":[99,114,129,144,144,144,144,144,144,62,62,162,4,34,34,45,57,156,156,156,166,166,166,166,166,166],"floor_reached":24,"playtime":974,"items_purged":[],"score":184,"play_id":"48074a73-3a6e-4599-962b-e9994100853d","local_time":"20210107160818","is_ascension_mode":false,"campfire_choices":[{"floor":1,"key":"DIG"},{"data":"Slimebound:Split","floor":8,"key":"SMITH"},{"data":"Slimebound:LeadByExample","floor":11,"key":"SMITH"},{"floor":15,"key":"REST"},{"data":"Slimebound:Overexert","floor":20,"key":"SMITH"}],"circlet_count":0,"master_deck":["Slimebound:Strike_Slimebound","Slimebound:Strike_Slimebound","Slimebound:Strike_Slimebound","Slimebound:Tackle","Slimebound:Defend_Slimebound","Slimebound:Defend_Slimebound","Slimebound:Defend_Slimebound","Slimebound:Defend_Slimebound","Slimebound:Split+1","Slimebound:CorrosiveSpit","Slimebound:SplitMire","Slimebound:LeadByExample+1","Slimebound:ProtectTheBoss","Slimebound:SlimeBrawl","Slimebound:SlimeBarrage","Slimebound:MassRepurpose","Slimebound:Overexert+1","Slimebound:Schlurp"],"relics":["Slimebound:AbsorbEndCombat","Matryoshka","Sundial","InkBottle","Dream Catcher","Regal Pillow","hubris:Backtick","Slimebound:MaxSlimesRelic"],"acts_visited":["Exordium","TheCity"],"potions_floor_usage":[18,18,22],"damage_taken":[{"damage":12,"enemies":"Small Slimes","floor":2,"turns":3},{"damage":12,"enemies":"Cultist","floor":3,"turns":3},{"damage":22,"enemies":"Jaw Worm","floor":4,"turns":2},{"damage":20,"enemies":"downfall:FleeingMerchant","floor":10,"turns":4},{"damage":21,"enemies":"downfall:FleeingMerchant","floor":13,"turns":4},{"damage":15,"enemies":"Blue Slaver","floor":16,"turns":3},{"damage":18,"enemies":"Large Slime","floor":17,"turns":4},{"damage":89,"enemies":"downfall:Watcher","floor":18,"turns":11},{"damage":31,"enemies":"Shell Parasite","floor":21,"turns":4},{"damage":41,"enemies":"3 Byrds","floor":22,"turns":3},{"damage":64,"enemies":"Cultist and Chosen","floor":24,"turns":4}],"seed_played":"8036116307674040887","potions_obtained":[{"floor":4,"key":"DistilledChaos"},{"floor":16,"key":"Strength Potion"},{"floor":18,"key":"Weak Potion"},{"floor":21,"key":"SmokeBomb"}],"is_trial":false,"path_per_floor":["R_BF","M","M","M","?","PTL","PTL","R","T","$","R","?","$","?","R","M","M","B",null,"R","M","M","?","M"],"character_chosen":"SLIMEBOUND","items_purchased":["Slimebound:ProtectTheBoss","Dream Catcher"],"campfire_rested":1,"item_purchase_floors":[10,13],"current_hp_per_floor":[66,65,66,59,64,64,64,64,64,63,63,63,66,66,66,66,66,5,66,66,59,36,36,0,0,0],"gold":166,"neow_bonus":"TEN_PERCENT_HP_BONUS","is_daily":false,"chose_seed":false,"campfire_upgraded":3,"win_rate":0.0,"timestamp":1610060898,"path_taken":["R_BF","M","M","M","?","PTL","PTL","R","T","?","R","?","$","?","R","?","M","BOSS","R","M","M","?","M"],"items_purchased_type":["Card","Relic"],"build_version":"2020-12-22","purchased_purges":0,"victory":false,"max_hp_per_floor":[66,66,66,66,66,66,66,66,66,66,66,66,66,66,66,66,66,66,66,66,66,66,66,66,66,66],"card_choices":[{"not_picked":["Slimebound:RollThrough","Slimebound:LeechEnergy"],"picked":"Slimebound:SplitMire","floor":2},{"not_picked":["Slimebound:FinishingTackle","Slimebound:FlameTackle"],"picked":"Slimebound:LeadByExample","floor":3},{"not_picked":["Slimebound:SpikyOuterGoop","Slimebound:SlimeSlap"],"picked":"Slimebound:Schlurp","floor":4},{"not_picked":["Slimebound:FirmFortitude","Slimebound:LeechingTouch","Slimebound:PressTheAttack"],"picked":"SKIP","floor":10},{"not_picked":["Slimebound:Grow","Slimebound:GrowthPunch"],"picked":"Slimebound:SlimeBrawl","floor":13},{"not_picked":["Slimebound:GrowthPunch","Slimebound:Grow"],"picked":"Slimebound:SlimeBarrage","floor":16},{"not_picked":["Slimebound:FormOfPuddle","Slimebound:LeechEnergy"],"picked":"Slimebound:MassRepurpose","floor":17},{"not_picked":["Slimebound:OneTwoCombo","Slimebound:DouseInSlime"],"picked":"Slimebound:Overexert","floor":18},{"not_picked":["Slimebound:Nibble","Slimebound:RollThrough"],"picked":"Slimebound:Schlurp","floor":21}],"player_experience":8710,"relics_obtained":[{"floor":1,"key":"Matryoshka"},{"floor":9,"key":"Sundial"},{"floor":9,"key":"InkBottle"}],"event_choices":[{"cards_removed":["Slimebound:Schlurp"],"damage_healed":5,"gold_gain":0,"player_choice":"Offered Common","damage_taken":0,"max_hp_gain":0,"max_hp_loss":0,"event_name":"Bonfire Elementals","floor":5,"gold_loss":0},{"cards_removed":["Slimebound:Schlurp"],"damage_healed":5,"gold_gain":0,"player_choice":"Offered Special","damage_taken":0,"max_hp_gain":0,"max_hp_loss":0,"event_name":"Bonfire Elementals","floor":5,"gold_loss":0}],"is_beta":false,"boss_relics":[{"not_picked":["Fusion Hammer","hubris:RunicObelisk"],"picked":"hubris:Backtick"}],"items_purged_floors":[],"is_endless":false,"potions_floor_spawned":[4,16,18,21],"killed_by":"Cultist and Chosen","ascension_level":0}}