{"host":"xkmvu47k9fdstweo","time":1610024278,"event":{"mods":["BaseMod","Colored Map","Conspire","Hubris","Minty Spire (QoL Compilation)","Quick Restart","Railgun Mod","Shop Mod","StSLib","The Alterego","The Servant 0.9.4","The Wild Card","TheBandit","WarShipGirlsR/??è≠èóR mod","vexMod"],"gold_per_floor":[117,117,31,107,107,107,125,159,184,196,210,245,81,91,91,191,191,204,7,7,7,7],"floor_reached":21,"playtime":522,"items_purged":["Regret","Strike_R"],"score":318,"play_id":"38fcf547-7e9c-4311-b460-3f941b1ce3a2","local_time":"20210107075758","is_ascension_mode":true,"campfire_choices":[{"data":"Searing Blow","floor":6.0,"key":"SMITH"},{"data":"Searing Blow+1","floor":15.0,"key":"SMITH"}],"circlet_count":0,"master_deck":["AscendersBane","Strike_R","Strike_R","Strike_R","Strike_R","Defend_R","Defend_R","Defend_R","Defend_R","Bash","Battle Trance","Searing Blow+2","Cleave","Armaments","Spot Weakness","Flame Barrier","vexMod:StairwayStrike","Shrug It Off","Limit Break","CurseOfTheBell","Inflame"],"relics":["Burning Blood","NeowsBlessing","Smiling Mask","Bird Faced Urn","Regal Pillow","Strawberry","Calling Bell","hubris:SlimyHat","White Beast Statue","conspire:GlowingRock","Omamori"],"acts_visited":["Exordium","TheCity"],"potions_floor_usage":[21,21],"damage_taken":[{"damage":0.0,"enemies":"2 Louse","floor":1.0,"turns":2.0},{"damage":0.0,"enemies":"Jaw Worm","floor":7.0,"turns":1.0},{"damage":0.0,"enemies":"Lagavulin","floor":8.0,"turns":1.0},{"damage":1.0,"enemies":"Cultist","floor":10.0,"turns":3.0},{"damage":21.0,"enemies":"Blue Slaver","floor":11.0,"turns":5.0},{"damage":5.0,"enemies":"3 Sentries","floor":12.0,"turns":4.0},{"damage":14.0,"enemies":"Red Slaver","floor":14.0,"turns":2.0},{"damage":62.0,"enemies":"The Guardian","floor":16.0,"turns":17.0},{"damage":43.0,"enemies":"Shell Parasite","floor":18.0,"turns":8.0},{"damage":23,"enemies":"Spheric Guardian","floor":21,"turns":5}],"seed_played":"-7556639703388240049","potions_obtained":[{"floor":1.0,"key":"Explosive Potion"},{"floor":5.0,"key":"LiquidMemories"},{"floor":7.0,"key":"Explosive Potion"},{"floor":12.0,"key":"Explosive Potion"},{"floor":16.0,"key":"ElixirPotion"},{"floor":18.0,"key":"FearPotion"}],"is_trial":false,"path_per_floor":["M","?","$","?","?","R","M","E","T","M","M","E","$","M","R","B",null,"M","$","?","M"],"character_chosen":"IRONCLAD","items_purchased":["Searing Blow","vexMod:StairwayStrike","Omamori"],"campfire_rested":0,"item_purchase_floors":[3,13,19],"current_hp_per_floor":[78,78,78,78,78,78,80,80,80,80,65,73,73,65,65,9,68,31,31,25,4,4],"gold":7,"neow_bonus":"THREE_ENEMY_KILL","is_daily":false,"chose_seed":false,"campfire_upgraded":2,"win_rate":0.0,"timestamp":1610024278,"path_taken":["M","?","$","?","?","R","M","E","T","M","M","E","?","M","R","BOSS","M","$","?","M"],"items_purchased_type":["Card","Card","Relic"],"build_version":"2020-12-22","purchased_purges":2,"victory":false,"max_hp_per_floor":[80,80,80,80,80,80,80,80,80,80,80,87,87,87,87,87,87,87,87,87,87,87],"card_choices":[{"not_picked":["Clash","Reckless Charge"],"picked":"Battle Trance","floor":1.0},{"not_picked":["Iron Wave","Wild Strike","Sword Boomerang"],"picked":"SKIP","floor":7.0},{"not_picked":["Shockwave","Evolve"],"picked":"Cleave","floor":8.0},{"not_picked":["Sentinel","conspire:ExplosiveBarrier"],"picked":"Armaments","floor":10.0},{"not_picked":["Carnage","Pommel Strike"],"picked":"Spot Weakness","floor":11.0},{"not_picked":["Seeing Red","Sever Soul"],"picked":"Flame Barrier","floor":12.0},{"not_picked":["Havoc","conspire:ExplosiveBarrier"],"picked":"Shrug It Off","floor":14.0},{"not_picked":["Bludgeon","Reaper"],"picked":"Limit Break","floor":16.0},{"not_picked":["Reckless Charge","Cleave"],"picked":"Inflame","floor":18.0}],"player_experience":356689,"relics_obtained":[{"floor":8.0,"key":"Bird Faced Urn"},{"floor":9.0,"key":"Regal Pillow"},{"floor":12.0,"key":"Strawberry"},{"floor":17.0,"key":"hubris:SlimyHat"},{"floor":17.0,"key":"White Beast Statue"},{"floor":17.0,"key":"conspire:GlowingRock"}],"event_choices":[{"damage_healed":0.0,"max_hp_gain":0.0,"max_hp_loss":0.0,"gold_gain":0.0,"event_name":"Big Fish","player_choice":"Box","floor":2.0,"gold_loss":0.0,"damage_taken":0.0,"relics_obtained":["Smiling Mask"],"cards_obtained":["Regret"]},{"damage_healed":0.0,"max_hp_gain":0.0,"max_hp_loss":0.0,"gold_gain":76.0,"event_name":"Golden Wing","player_choice":"Gained Gold","floor":4.0,"gold_loss":0.0,"damage_taken":0.0},{"damage_healed":0.0,"max_hp_gain":0.0,"max_hp_loss":0.0,"gold_gain":0.0,"event_name":"Knowing Skull","player_choice":"","floor":20.0,"potions_obtained":[],"gold_loss":0.0,"damage_taken":6.0,"cards_obtained":[]}],"is_beta":false,"boss_relics":[{"not_picked":["hubris:CrackedHourglass","vexMod:CursedCompass"],"picked":"Calling Bell"}],"items_purged_floors":[3,19],"is_endless":false,"potions_floor_spawned":[1,7,12,16,18],"killed_by":"Spheric Guardian","ascension_level":10}}