{"host":"3a1ypf1irl30q4k8","time":1610037375,"event":{"mods":["AchievementEnabler","BaseMod","Bestiary","Colored Map","Minty Spire (QoL Compilation)","Relic Stats"],"gold_per_floor":[117,133,152,168,179,179,189,224,224,224,236,236,236,270,270,366,366,383,383,393,409,134,169,169,169,193,193,223,223,248,44,44,141,141,154,77,77,77,94,124,124,124,124,155,155,155,174,194,194,194],"floor_reached":51,"playtime":2709,"items_purged":["Strike_G"],"score":862,"play_id":"8ea8b989-3ec9-47be-bc39-2be3e6011d2e","local_time":"20210107163615","is_ascension_mode":true,"campfire_choices":[{"data":"Heel Hook","floor":6.0,"key":"SMITH"},{"floor":12.0,"key":"REST"},{"data":"Dash","floor":15.0,"key":"SMITH"},{"data":"Choke","floor":24.0,"key":"SMITH"},{"data":"Leg Sweep","floor":27.0,"key":"SMITH"},{"data":"Wraith Form v2","floor":29.0,"key":"SMITH"},{"floor":32.0,"key":"REST"},{"floor":41,"key":"REST"},{"floor":45,"key":"REST"},{"floor":49,"key":"REST"}],"circlet_count":0,"master_deck":["Strike_G","Strike_G","Strike_G","Strike_G","Defend_G","Defend_G","Defend_G","Defend_G","Defend_G","Survivor","Neutralize","Heel Hook+1","Crippling Poison+1","Poisoned Stab","Underhanded Strike","Poisoned Stab","Blur","Poisoned Stab+1","Dash+1","Leg Sweep+1","Glass Knife","Riddle With Holes+1","Choke+1","Bane","Wraith Form v2+1","Wraith Form v2+1","Blur","Deadly Poison+1","Envenom","Predator+1"],"relics":["Ring of the Snake","Oddly Smooth Stone","Snake Skull","Strawberry","Singing Bowl","Snecko Eye","PreservedInsect","Juzu Bracelet","Mummified Hand","Art of War","HornCleat","Matryoshka","DollysMirror","Fusion Hammer","Pen Nib","Anchor","Bottled Flame","Mercury Hourglass"],"acts_visited":["Exordium","TheCity","TheBeyond"],"potions_floor_usage":[40,50,50],"damage_taken":[{"damage":0.0,"enemies":"Cultist","floor":1.0,"turns":5.0},{"damage":0.0,"enemies":"2 Louse","floor":2.0,"turns":3.0},{"damage":0.0,"enemies":"Small Slimes","floor":3.0,"turns":3.0},{"damage":14.0,"enemies":"Exordium Thugs","floor":4.0,"turns":4.0},{"damage":8.0,"enemies":"Gremlin Gang","floor":5.0,"turns":4.0},{"damage":12.0,"enemies":"Exordium Wildlife","floor":7.0,"turns":7.0},{"damage":11.0,"enemies":"Lagavulin","floor":8.0,"turns":5.0},{"damage":9.0,"enemies":"Lots of Slimes","floor":11.0,"turns":3.0},{"damage":3.0,"enemies":"Gremlin Nob","floor":14.0,"turns":4.0},{"damage":18.0,"enemies":"Hexaghost","floor":16.0,"turns":8.0},{"damage":0.0,"enemies":"Chosen","floor":18.0,"turns":3.0},{"damage":0.0,"enemies":"Spheric Guardian","floor":20.0,"turns":3.0},{"damage":11.0,"enemies":"Snake Plant","floor":21.0,"turns":3.0},{"damage":18.0,"enemies":"Book of Stabbing","floor":23.0,"turns":4.0},{"damage":15.0,"enemies":"Gremlin Leader","floor":28.0,"turns":4.0},{"damage":15.0,"enemies":"Slavers","floor":30.0,"turns":5.0},{"damage":15.0,"enemies":"Champ","floor":33.0,"turns":12.0},{"damage":7,"enemies":"Orb Walker","floor":35,"turns":3},{"damage":0,"enemies":"3 Darklings","floor":39,"turns":3},{"damage":21,"enemies":"Nemesis","floor":40,"turns":5},{"damage":1,"enemies":"Reptomancer","floor":44,"turns":4},{"damage":0,"enemies":"Sphere and 2 Shapes","floor":47,"turns":5},{"damage":0,"enemies":"Transient","floor":48,"turns":5},{"damage":0,"enemies":"Donu and Deca","floor":50,"turns":7}],"seed_played":"2890364564176998342","potions_obtained":[{"floor":1.0,"key":"SpeedPotion"},{"floor":3.0,"key":"LiquidMemories"},{"floor":5.0,"key":"Poison Potion"},{"floor":7.0,"key":"EntropicBrew"},{"floor":16.0,"key":"Poison Potion"},{"floor":20.0,"key":"DistilledChaos"},{"floor":21.0,"key":"Fire Potion"},{"floor":28.0,"key":"Weak Potion"},{"floor":30.0,"key":"FairyPotion"},{"floor":35,"key":"CunningPotion"},{"floor":40,"key":"EssenceOfSteel"},{"floor":44,"key":"ColorlessPotion"}],"is_trial":false,"path_per_floor":["M","M","M","M","M","R","M","E","T","?","M","R","?","E","R","B",null,"M","?","M","M","$","E","R","T","T","R","E","R","E","$","R","B",null,"M","$","$","?","M","E","R","?","T","E","R","?","M","M","R","B",null],"character_chosen":"THE_SILENT","items_purchased":["Bane","PreservedInsect","DollysMirror","Deadly Poison","Blur"],"campfire_rested":5,"item_purchase_floors":[22,22,31,31,36],"current_hp_per_floor":[70,70,70,56,48,48,36,25,32,32,23,46,51,48,48,30,82,84,84,84,73,73,57,57,57,57,57,42,42,29,29,55,42,90,85,85,85,85,85,64,91,91,91,90,92,87,89,91,91,91],"gold":194,"neow_bonus":"RANDOM_COMMON_RELIC","is_daily":false,"chose_seed":false,"campfire_upgraded":5,"win_rate":0.0,"timestamp":1610037375,"path_taken":["M","M","M","M","M","R","?","E","T","?","?","R","?","E","R","BOSS","M","?","?","M","$","E","R","?","T","R","E","R","E","?","R","BOSS","M","?","$","?","M","E","R","?","T","E","R","?","M","M","R","BOSS"],"items_purchased_type":["Card","Relic","Relic","Card","Card"],"build_version":"2020-12-22","purchased_purges":1,"victory":true,"max_hp_per_floor":[70,70,70,70,70,70,70,70,77,77,77,77,82,82,82,82,82,84,84,84,84,84,86,86,86,86,86,86,86,88,88,88,90,90,92,92,92,92,92,92,92,92,92,92,92,87,89,91,91,91],"relic_stats":{"Singing Bowl":14,"counters":[24,112],"Mummified Hand":[41],"Snecko Eye":[118,124,125,129],"Snake Skull":[133],"PreservedInsect":236,"Pen Nib":[5],"Juzu Bracelet":0,"Art of War":[0],"obtain_stats":[{"Singing Bowl":14,"Oddly Smooth Stone":0,"Snake Skull":8,"PreservedInsect":22,"Pen Nib":40,"Juzu Bracelet":23,"Mercury Hourglass":44,"Anchor":43,"Bottled Flame":43,"HornCleat":28,"Matryoshka":30,"Mummified Hand":25,"DollysMirror":31,"Strawberry":9,"Snecko Eye":17,"Fusion Hammer":34,"Art of War":26,"Ring of the Snake":0},{"Singing Bowl":9,"Oddly Smooth Stone":0,"Snake Skull":7,"PreservedInsect":13,"Pen Nib":20,"Juzu Bracelet":14,"Mercury Hourglass":21,"Anchor":20,"Bottled Flame":20,"HornCleat":15,"Matryoshka":16,"Mummified Hand":14,"DollysMirror":16,"Strawberry":7,"Snecko Eye":10,"Fusion Hammer":17,"Art of War":14,"Ring of the Snake":0},{"Singing Bowl":38,"Oddly Smooth Stone":0,"Snake Skull":31,"PreservedInsect":55,"Pen Nib":91,"Juzu Bracelet":59,"Mercury Hourglass":95,"Anchor":91,"Bottled Flame":91,"HornCleat":63,"Matryoshka":68,"Mummified Hand":59,"DollysMirror":68,"Strawberry":31,"Snecko Eye":46,"Fusion Hammer":80,"Art of War":59,"Ring of the Snake":0}],"Ring of the Snake":[48],"Mercury Hourglass":[42]},"card_choices":[{"not_picked":["Dodge and Roll","Backflip"],"picked":"Heel Hook","floor":1.0},{"not_picked":["Dagger Spray","Eviscerate"],"picked":"Crippling Poison","floor":2.0},{"not_picked":["Deflect","Noxious Fumes"],"picked":"Poisoned Stab","floor":3.0},{"not_picked":["Riddle With Holes","PiercingWail"],"picked":"Underhanded Strike","floor":4.0},{"not_picked":["Finisher","Deadly Poison"],"picked":"Poisoned Stab","floor":5.0},{"not_picked":["Riddle With Holes","Quick Slash"],"picked":"Blur","floor":7.0},{"not_picked":["Backflip","Sucker Punch"],"picked":"Poisoned Stab","floor":8.0},{"not_picked":["Night Terror","Poisoned Stab"],"picked":"Dash","floor":11.0},{"not_picked":["Flying Knee","Infinite Blades"],"picked":"Leg Sweep","floor":14.0},{"not_picked":["Doppelganger","Malaise"],"picked":"Glass Knife","floor":16.0},{"not_picked":["Sucker Punch+1","Poisoned Stab","Infinite Blades+1"],"picked":"Singing Bowl","floor":18.0},{"not_picked":["Flechettes","Deflect"],"picked":"Riddle With Holes+1","floor":20.0},{"not_picked":["Escape Plan+1","Bane+1"],"picked":"Choke","floor":21.0},{"not_picked":["Well Laid Plans","Quick Slash","Concentrate"],"picked":"Singing Bowl","floor":23.0},{"not_picked":["Masterful Stab","Dash+1"],"picked":"Wraith Form v2","floor":28.0},{"not_picked":["Dodge and Roll","Bane","Storm of Steel"],"picked":"Singing Bowl","floor":30.0},{"not_picked":["Doppelganger","Die Die Die","Glass Knife"],"picked":"Singing Bowl","floor":33.0},{"not_picked":["Dagger Throw","Bane","Quick Slash+1"],"picked":"Singing Bowl","floor":35},{"not_picked":["Poisoned Stab+1","Acrobatics+1"],"picked":"Deadly Poison+1","floor":39},{"not_picked":["Unload","Predator"],"picked":"Envenom","floor":40},{"not_picked":["Poisoned Stab+1","Reflex"],"picked":"Predator+1","floor":44},{"not_picked":["Dagger Spray","Blade Dance+1","Outmaneuver"],"picked":"Singing Bowl","floor":47},{"not_picked":["Prepared","Outmaneuver","Poisoned Stab+1"],"picked":"Singing Bowl","floor":48}],"player_experience":985882,"relics_obtained":[{"floor":8.0,"key":"Snake Skull"},{"floor":9.0,"key":"Strawberry"},{"floor":14.0,"key":"Singing Bowl"},{"floor":23.0,"key":"Juzu Bracelet"},{"floor":25.0,"key":"Mummified Hand"},{"floor":26.0,"key":"Art of War"},{"floor":28.0,"key":"HornCleat"},{"floor":30.0,"key":"Matryoshka"},{"floor":40,"key":"Pen Nib"},{"floor":43,"key":"Anchor"},{"floor":43,"key":"Bottled Flame"},{"floor":44,"key":"Mercury Hourglass"}],"event_choices":[{"damage_healed":0.0,"max_hp_gain":0.0,"max_hp_loss":0.0,"gold_gain":0.0,"event_name":"Upgrade Shrine","player_choice":"Upgraded","floor":10.0,"gold_loss":0.0,"damage_taken":0.0,"cards_upgraded":["Poisoned Stab"]},{"damage_healed":0.0,"max_hp_gain":5.0,"max_hp_loss":0.0,"gold_gain":0.0,"event_name":"Big Fish","player_choice":"Donut","floor":13.0,"gold_loss":0.0,"damage_taken":0.0},{"damage_healed":0.0,"max_hp_gain":0.0,"max_hp_loss":0.0,"gold_gain":0.0,"event_name":"Upgrade Shrine","player_choice":"Upgraded","floor":19.0,"gold_loss":0.0,"damage_taken":0.0,"cards_upgraded":["Crippling Poison"]},{"cards_removed":["Deadly Poison"],"damage_healed":0,"gold_gain":0,"player_choice":"Removed Skill","damage_taken":0,"max_hp_gain":0,"max_hp_loss":0,"event_name":"Falling","floor":38,"gold_loss":0},{"damage_healed":0,"gold_gain":0,"player_choice":"Ignored","damage_taken":0,"max_hp_gain":0,"max_hp_loss":0,"event_name":"Mysterious Sphere","floor":42,"gold_loss":0},{"damage_healed":0,"gold_gain":0,"player_choice":"Max HP","damage_taken":0,"max_hp_gain":0,"max_hp_loss":5,"event_name":"Winding Halls","floor":46,"gold_loss":0}],"is_beta":false,"boss_relics":[{"not_picked":["Runic Pyramid","Ring of the Serpent"],"picked":"Snecko Eye"},{"not_picked":["Runic Dome","Black Star"],"picked":"Fusion Hammer"}],"items_purged_floors":[22],"is_endless":false,"potions_floor_spawned":[1,3,5,7,16,20,21,28,30,35,40,44],"ascension_level":1}}