{"host":"c7yluuzpqlymemjk","time":1610035134,"event":{"mods":["BaseMod","Colored Map","GifTheSpireLib","Minty Spire (QoL Compilation)","Relic Stats","StSLib","slay the spire mod where everything is the same but ironclad has a cowboy hat"],"gold_per_floor":[113,113,136,68,132,132,170,170,196,196,196],"floor_reached":10,"playtime":482,"items_purged":[],"score":74,"play_id":"18378429-78cc-4d42-9697-1eb358cb2313","local_time":"20210107075854","is_ascension_mode":true,"campfire_choices":[{"data":"Entrench","floor":6,"key":"SMITH"},{"floor":8,"key":"REST"}],"circlet_count":0,"master_deck":["Strike_R","Strike_R","Strike_R","Strike_R","Strike_R","Defend_R+1","Defend_R","Defend_R","Defend_R","Bash","Wild Strike","Injury","Rage+1","Entrench+1","Flame Barrier"],"relics":["Burning Blood","Lantern","Golden Idol","War Paint"],"acts_visited":["Exordium"],"potions_floor_usage":[7,10],"damage_taken":[{"damage":8,"enemies":"Jaw Worm","floor":1,"turns":4},{"damage":4,"enemies":"Small Slimes","floor":3,"turns":3},{"damage":49,"enemies":"Lagavulin","floor":7,"turns":13},{"damage":67,"enemies":"3 Sentries","floor":10,"turns":12}],"seed_played":"2989887329276619658","potions_obtained":[{"floor":1,"key":"Energy Potion"},{"floor":3,"key":"SkillPotion"}],"is_trial":false,"path_per_floor":["M","?","M","$","?","R","E","R","T","E"],"character_chosen":"IRONCLAD","items_purchased":["Entrench"],"campfire_rested":1,"item_purchase_floors":[4],"current_hp_per_floor":[78,78,80,80,80,80,37,61,61,0,0],"gold":196,"neow_bonus":"RANDOM_COMMON_RELIC","is_daily":false,"chose_seed":false,"campfire_upgraded":1,"win_rate":0.0,"timestamp":1610035134,"path_taken":["M","?","M","$","?","R","E","R","T","E"],"items_purchased_type":["Card"],"build_version":"2020-12-22","purchased_purges":0,"victory":false,"max_hp_per_floor":[80,80,80,80,80,80,80,80,80,80,80],"relic_stats":{"counters":[4,32],"Golden Idol":13,"War Paint":["Defend_R","Rage"],"obtain_stats":[{"Lantern":0,"Golden Idol":2,"War Paint":7,"Burning Blood":0},{"Lantern":0,"Golden Idol":1,"War Paint":3,"Burning Blood":0},{"Lantern":0,"Golden Idol":4,"War Paint":20,"Burning Blood":0}],"Burning Blood":18},"card_choices":[{"not_picked":["Uppercut","Rupture"],"picked":"Wild Strike","floor":1},{"not_picked":["Headbutt","Sword Boomerang"],"picked":"Rage","floor":3},{"not_picked":["Warcry","Carnage"],"picked":"Flame Barrier","floor":7}],"player_experience":339478,"relics_obtained":[{"floor":7,"key":"War Paint"}],"event_choices":[{"damage_healed":0,"gold_gain":0,"player_choice":"Take Wound","damage_taken":0,"relics_obtained":["Golden Idol"],"max_hp_gain":0,"max_hp_loss":0,"event_name":"Golden Idol","floor":2,"gold_loss":0,"cards_obtained":["Injury"]},{"damage_healed":0,"gold_gain":64,"player_choice":"Gained Gold","damage_taken":0,"max_hp_gain":0,"max_hp_loss":0,"event_name":"Golden Wing","floor":5,"gold_loss":0}],"is_beta":false,"boss_relics":[],"items_purged_floors":[],"is_endless":false,"potions_floor_spawned":[1,3],"killed_by":"3 Sentries","ascension_level":3}}