{"host":"sc0o2qwpf9j16a4i","time":1610024870,"event":{"mods":["AchievementEnabler","BaseMod","BetterRewards","Block Reminder","Colored Map","Colored Powertips","Custom Start","Highlight Path","Minty Spire (QoL Compilation)","Relic Stats"],"gold_per_floor":[115,115,190,115,132,132,164,164,164,189,13,38,58,58,58,132,132,152,152,167,187,199,199,211,211,211,211,224,255,268,281,281,360,360,370,370,381,396,310,310,329,359,359,359,385,385,398,409,409,409,409,409,409,126,161,161],"floor_reached":57,"playtime":2445,"items_purged":["Strike_G","Finisher"],"score":3629,"play_id":"ee209be6-361f-40a2-b4bf-3be8f48ffe6f","local_time":"20210107150750","is_ascension_mode":true,"campfire_choices":[{"data":"Noxious Fumes","floor":6.0,"key":"SMITH"},{"data":"Bouncing Flask","floor":8.0,"key":"SMITH"},{"data":"Bouncing Flask","floor":15.0,"key":"SMITH"},{"data":"Well Laid Plans","floor":23.0,"key":"SMITH"},{"data":"Skewer","floor":25.0,"key":"SMITH"},{"data":"Crippling Poison","floor":27.0,"key":"SMITH"},{"data":"Finisher","floor":32.0,"key":"SMITH"},{"floor":40,"key":"RECALL"},{"data":"Envenom","floor":44,"key":"SMITH"},{"floor":46,"key":"REST"},{"data":"Infinite Blades","floor":49,"key":"SMITH"},{"data":"Acrobatics","floor":53,"key":"SMITH"}],"circlet_count":0,"master_deck":["AscendersBane","Defend_G","Defend_G","Defend_G","Defend_G","Survivor","Neutralize","Bouncing Flask+1","Backstab+1","Noxious Fumes+1","Finisher+1","Well Laid Plans+1","Crippling Poison+1","Dagger Spray","Bouncing Flask+1","Acrobatics+1","Adrenaline+1","Backflip+1","Envenom+1","Unload+1","Leg Sweep+1","Escape Plan","Deflect+1","Backflip","Skewer+1","Caltrops","Bane","PiercingWail+1","Envenom+1","Blade Dance","PiercingWail+1","Infinite Blades+1","Adrenaline+1","Flechettes+1","Calculated Gamble","Caltrops+1"],"relics":["Ring of the Serpent","ClockworkSouvenir","Vajra","Happy Flower","OrangePellets","Centennial Puzzle","Potion Belt","Lee\u0027s Waffle","Regal Pillow","Orichalcum","Chemical X","Membership Card","Oddly Smooth Stone","Pantograph","Snake Skull","Thread and Needle","Ice Cream","White Beast Statue","Du-Vu Doll","Odd Mushroom","Astrolabe","Smiling Mask","Kunai","DollysMirror","Bronze Scales","Sundial","Ninja Scroll","Bottled Tornado","Eternal Feather"],"acts_visited":["Exordium","TheCity","TheBeyond","TheEnding"],"potions_floor_usage":[35,42,45,47,48,48,56,56,56],"damage_taken":[{"damage":0.0,"enemies":"Small Slimes","floor":1.0,"turns":3.0},{"damage":0.0,"enemies":"Jaw Worm","floor":5.0,"turns":3.0},{"damage":19.0,"enemies":"3 Sentries","floor":7.0,"turns":5.0},{"damage":0.0,"enemies":"Gremlin Nob","floor":10.0,"turns":3.0},{"damage":4.0,"enemies":"3 Sentries","floor":12.0,"turns":4.0},{"damage":2.0,"enemies":"The Mushroom Lair","floor":13.0,"turns":3.0},{"damage":0.0,"enemies":"Slime Boss","floor":16.0,"turns":5.0},{"damage":0.0,"enemies":"3 Byrds","floor":18.0,"turns":3.0},{"damage":0.0,"enemies":"2 Thieves","floor":20.0,"turns":3.0},{"damage":4.0,"enemies":"Shelled Parasite and Fungi","floor":21.0,"turns":5.0},{"damage":0.0,"enemies":"Snake Plant","floor":22.0,"turns":4.0},{"damage":0.0,"enemies":"Sentry and Sphere","floor":24.0,"turns":4.0},{"damage":0.0,"enemies":"Centurion and Healer","floor":28.0,"turns":4.0},{"damage":9.0,"enemies":"Book of Stabbing","floor":29.0,"turns":4.0},{"damage":0.0,"enemies":"Snecko","floor":30.0,"turns":3.0},{"damage":6.0,"enemies":"Shelled Parasite and Fungi","floor":31.0,"turns":3.0},{"damage":0.0,"enemies":"Champ","floor":33.0,"turns":8.0},{"damage":0,"enemies":"Orb Walker","floor":35,"turns":2},{"damage":0,"enemies":"3 Shapes","floor":37,"turns":2},{"damage":0,"enemies":"Maw","floor":38,"turns":5},{"damage":5,"enemies":"Transient","floor":41,"turns":6},{"damage":7,"enemies":"Reptomancer","floor":42,"turns":7},{"damage":12,"enemies":"Giant Head","floor":45,"turns":7},{"damage":0,"enemies":"4 Shapes","floor":47,"turns":5},{"damage":7,"enemies":"Jaw Worm Horde","floor":48,"turns":3},{"damage":40,"enemies":"Awakened One","floor":50,"turns":12},{"damage":27,"enemies":"Donu and Deca","floor":51,"turns":7},{"damage":46,"enemies":"Shield and Spear","floor":55,"turns":6},{"damage":30,"enemies":"The Heart","floor":56,"turns":9}],"seed_played":"-6682312761016492183","potions_obtained":[{"floor":1.0,"key":"EssenceOfSteel"},{"floor":7.0,"key":"Fruit Juice"},{"floor":10.0,"key":"BlessingOfTheForge"},{"floor":12.0,"key":"DistilledChaos"},{"floor":13.0,"key":"CunningPotion"},{"floor":16.0,"key":"Explosive Potion"},{"floor":18.0,"key":"GamblersBrew"},{"floor":20.0,"key":"SpeedPotion"},{"floor":28.0,"key":"SteroidPotion"},{"floor":29.0,"key":"Regen Potion"},{"floor":30.0,"key":"LiquidMemories"},{"floor":31.0,"key":"Poison Potion"},{"floor":33.0,"key":"Poison Potion"},{"floor":35,"key":"PowerPotion"},{"floor":37,"key":"Swift Potion"},{"floor":42,"key":"Ancient Potion"},{"floor":45,"key":"EssenceOfSteel"},{"floor":47,"key":"CunningPotion"},{"floor":48,"key":"Swift Potion"},{"floor":55,"key":"PowerPotion"}],"is_trial":false,"path_per_floor":["M","?","T","?","M","R","E","R","T","E","$","E","?","?","R","B",null,"M","?","M","M","M","R","M","R","T","R","M","E","M","M","R","B",null,"M","?","M","M","$","R","M","E","T","R","E","R","M","M","R","B","B",null,"R","$","E","B",null],"character_chosen":"THE_SILENT","items_purchased":["ClockworkSouvenir","Vajra","Happy Flower","OrangePellets","Centennial Puzzle","Potion Belt","Bouncing Flask","Lee\u0027s Waffle","Regal Pillow","Backstab","Orichalcum","Chemical X","Membership Card","Oddly Smooth Stone","Noxious Fumes","White Beast Statue","DollysMirror","Calculated Gamble","Bottled Tornado","SpeedPotion","SpeedPotion"],"campfire_rested":1,"item_purchase_floors":[0,0,0,0,0,0,0,0,0,0,0,0,0,0,0,11,39,54,54,54,54],"current_hp_per_floor":[73,73,73,73,73,73,54,54,54,54,54,50,53,46,46,71,76,76,76,76,72,72,72,72,72,72,72,72,63,63,66,66,78,78,78,78,78,78,78,78,73,66,66,66,54,78,78,71,71,38,36,68,68,68,22,17],"gold":161,"neow_bonus":"","is_daily":false,"chose_seed":false,"campfire_upgraded":10,"win_rate":0.0,"timestamp":1610024870,"path_taken":["M","?","?","?","M","R","E","R","T","E","?","E","?","?","R","BOSS","M","?","?","M","M","R","M","R","T","R","M","E","?","M","R","BOSS","M","?","M","M","$","R","M","E","T","R","E","R","?","M","R","BOSS","BOSS","R","$","E","BOSS"],"items_purchased_type":["Relic","Relic","Relic","Relic","Relic","Relic","Card","Relic","Relic","Card","Relic","Relic","Relic","Relic","Card","Relic","Relic","Card","Relic","Potion","Potion"],"build_version":"2020-12-22","purchased_purges":2,"victory":true,"max_hp_per_floor":[73,73,73,73,73,73,73,73,73,73,73,73,78,78,78,78,78,78,78,78,78,78,78,78,78,78,78,78,78,78,78,78,78,78,78,78,78,78,78,78,78,78,78,78,78,78,78,78,78,78,78,78,78,78,78,78],"relic_stats":{"Lee\u0027s Waffle":136,"Regal Pillow":1,"Happy Flower":[46],"counters":[118,571],"Astrolabe":["Backflip","Envenom","Unload"],"Eternal Feather":0,"Snake Skull":[821],"Orichalcum":[378],"Smiling Mask":0,"OrangePellets":[8],"Centennial Puzzle":[120],"Sundial":[6],"Pantograph":94,"Bronze Scales":[231],"Chemical X":[21],"Kunai":[35],"obtain_stats":[{"TwistedFunnel":0,"Ice Cream":10,"Gremlin Horn":9,"CeramicFish":27,"Vajra":0,"Ginger":42,"Bottled Tornado":54,"Boot":2,"Sling":0,"Blood Vial":26,"Lizard Tail":3,"Centennial Puzzle":9,"HornCleat":0,"DollysMirror":22,"Sundial":43,"Philosopher\u0027s Stone":34,"Necronomicon":31,"Kunai":36,"Toxic Egg 2":9,"Girya":6,"Happy Flower":9,"Astrolabe":17,"Oddly Smooth Stone":24,"Velvet Choker":17,"Eternal Feather":55,"Pen Nib":4,"Paper Crane":44,"Akabeko":13,"Du-Vu Doll":36,"OrangePellets":0,"Bronze Scales":42,"Snecko Eye":17,"Pandora\u0027s Box":34,"StrikeDummy":7,"Ring of the Serpent":34,"Pocketwatch":40,"Meat on the Bone":26,"Regal Pillow":0,"Snake Skull":0,"Juzu Bracelet":44,"Ancient Tea Set":14,"Cursed Key":34,"Smiling Mask":29,"ClockworkSouvenir":0,"Frozen Eye":54,"Dream Catcher":26,"Matryoshka":25,"Shovel":26,"Ninja Scroll":48,"Pantograph":10,"Tiny Chest":31,"WingedGreaves":37,"Chemical X":0,"Ring of the Snake":0,"Runic Pyramid":17,"Potion Belt":0,"Lee\u0027s Waffle":0,"Thread and Needle":9,"PreservedInsect":39,"Frozen Egg 2":30,"Orichalcum":0,"Odd Mushroom":13,"Medical Kit":30,"White Beast Statue":11,"Mercury Hourglass":7,"Peace Pipe":0,"Anchor":22,"Ornamental Fan":26,"Ectoplasm":17,"Art of War":10,"Bag of Marbles":7,"Membership Card":39},{"TwistedFunnel":19,"Ice Cream":93,"Gremlin Horn":65,"CeramicFish":54,"Vajra":89,"Ginger":80,"Bottled Tornado":116,"Boot":20,"Sling":61,"Blood Vial":14,"Lizard Tail":20,"Centennial Puzzle":47,"HornCleat":61,"DollysMirror":13,"Sundial":111,"Philosopher\u0027s Stone":58,"Necronomicon":32,"Kunai":107,"Toxic Egg 2":6,"Girya":22,"Happy Flower":22,"Astrolabe":96,"Oddly Smooth Stone":29,"Velvet Choker":68,"Eternal Feather":117,"Pen Nib":44,"Paper Crane":81,"Akabeko":49,"Du-Vu Doll":35,"OrangePellets":41,"Bronze Scales":111,"Snecko Eye":51,"Pandora\u0027s Box":75,"StrikeDummy":5,"Ring of the Serpent":106,"Pocketwatch":38,"Meat on the Bone":54,"Regal Pillow":89,"Snake Skull":41,"Juzu Bracelet":40,"Ancient Tea Set":25,"Cursed Key":33,"Smiling Mask":103,"ClockworkSouvenir":89,"Frozen Eye":87,"Dream Catcher":29,"Matryoshka":54,"Shovel":54,"Ninja Scroll":85,"Pantograph":7,"Tiny Chest":74,"WingedGreaves":78,"Chemical X":89,"Ring of the Snake":0,"Runic Pyramid":26,"Potion Belt":89,"Lee\u0027s Waffle":41,"Thread and Needle":92,"PreservedInsect":78,"Frozen Egg 2":17,"Orichalcum":41,"Odd Mushroom":95,"Medical Kit":32,"White Beast Statue":93,"Mercury Hourglass":65,"Peace Pipe":61,"Anchor":13,"Ornamental Fan":72,"Ectoplasm":10,"Art of War":23,"Bag of Marbles":46,"Membership Card":78},{"TwistedFunnel":113,"Ice Cream":447,"Gremlin Horn":304,"CeramicFish":263,"Vajra":433,"Ginger":378,"Bottled Tornado":556,"Boot":116,"Sling":288,"Blood Vial":72,"Lizard Tail":116,"Centennial Puzzle":241,"HornCleat":288,"DollysMirror":65,"Sundial":522,"Philosopher\u0027s Stone":280,"Necronomicon":168,"Kunai":502,"Toxic Egg 2":33,"Girya":125,"Happy Flower":125,"Astrolabe":459,"Oddly Smooth Stone":156,"Velvet Choker":320,"Eternal Feather":562,"Pen Nib":228,"Paper Crane":384,"Akabeko":251,"Du-Vu Doll":183,"OrangePellets":218,"Bronze Scales":522,"Snecko Eye":255,"Pandora\u0027s Box":355,"StrikeDummy":30,"Ring of the Serpent":500,"Pocketwatch":200,"Meat on the Bone":263,"Regal Pillow":433,"Snake Skull":218,"Juzu Bracelet":212,"Ancient Tea Set":136,"Cursed Key":177,"Smiling Mask":486,"ClockworkSouvenir":433,"Frozen Eye":420,"Dream Catcher":156,"Matryoshka":263,"Shovel":263,"Ninja Scroll":400,"Pantograph":36,"Tiny Chest":348,"WingedGreaves":367,"Chemical X":433,"Ring of the Snake":0,"Runic Pyramid":143,"Potion Belt":433,"Lee\u0027s Waffle":218,"Thread and Needle":444,"PreservedInsect":367,"Frozen Egg 2":93,"Orichalcum":218,"Odd Mushroom":454,"Medical Kit":168,"White Beast Statue":447,"Mercury Hourglass":304,"Peace Pipe":288,"Anchor":65,"Ornamental Fan":339,"Ectoplasm":55,"Art of War":129,"Bag of Marbles":237,"Membership Card":367}]},"card_choices":[{"not_picked":["Cloak And Dagger","Escape Plan"],"picked":"Finisher","floor":1.0},{"not_picked":["Prepared","Blade Dance"],"picked":"Well Laid Plans","floor":5.0},{"not_picked":["After Image","Skewer"],"picked":"Crippling Poison","floor":7.0},{"not_picked":["Accuracy","Poisoned Stab"],"picked":"Dagger Spray","floor":10.0},{"not_picked":["Reflex","Predator"],"picked":"Bouncing Flask","floor":12.0},{"not_picked":["Prepared","Sucker Punch"],"picked":"Acrobatics","floor":13.0},{"not_picked":["Phantasmal Killer","Unload"],"picked":"Adrenaline","floor":16.0},{"not_picked":["Dagger Throw","Prepared"],"picked":"Leg Sweep+1","floor":18.0},{"not_picked":["Poisoned Stab","Backflip"],"picked":"Escape Plan","floor":20.0},{"not_picked":["Cloak And Dagger","Poisoned Stab"],"picked":"Deflect+1","floor":21.0},{"not_picked":["Masterful Stab","Bouncing Flask"],"picked":"Backflip","floor":22.0},{"not_picked":["Caltrops","Blade Dance"],"picked":"Skewer","floor":24.0},{"not_picked":["Bouncing Flask","Slice","Choke+1"],"picked":"SKIP","floor":28.0},{"not_picked":["Finisher","Noxious Fumes"],"picked":"Caltrops","floor":29.0},{"not_picked":["Riddle With Holes+1","Glass Knife"],"picked":"Bane","floor":30.0},{"not_picked":["Dagger Spray+1","Masterful Stab"],"picked":"PiercingWail+1","floor":31.0},{"not_picked":["A Thousand Cuts","Grand Finale"],"picked":"Envenom","floor":33.0},{"not_picked":["Riddle With Holes","Flying Knee"],"picked":"Blade Dance","floor":35},{"not_picked":["Predator","Backflip"],"picked":"PiercingWail+1","floor":37},{"not_picked":["Skewer","Dagger Throw"],"picked":"Infinite Blades","floor":38},{"not_picked":["Prepared","Dagger Throw+1","Quick Slash+1"],"picked":"SKIP","floor":41},{"not_picked":["Riddle With Holes","Blade Dance","Noxious Fumes"],"picked":"SKIP","floor":42},{"not_picked":["Escape Plan","Sucker Punch"],"picked":"Flechettes+1","floor":45},{"not_picked":["Flying Knee","Choke+1"],"picked":"Finisher","floor":47},{"not_picked":["Bouncing Flask+1","Riddle With Holes","Deadly Poison"],"picked":"SKIP","floor":48},{"not_picked":["PiercingWail","Heel Hook"],"picked":"Caltrops+1","floor":55}],"player_experience":569232,"relics_obtained":[{"floor":3.0,"key":"Pantograph"},{"floor":7.0,"key":"Snake Skull"},{"floor":9.0,"key":"Thread and Needle"},{"floor":10.0,"key":"Ice Cream"},{"floor":12.0,"key":"Du-Vu Doll"},{"floor":13.0,"key":"Odd Mushroom"},{"floor":29.0,"key":"Smiling Mask"},{"floor":42,"key":"Bronze Scales"},{"floor":43,"key":"Sundial"},{"floor":45,"key":"Ninja Scroll"},{"floor":55,"key":"Eternal Feather"}],"event_choices":[{"damage_healed":0.0,"max_hp_gain":0.0,"max_hp_loss":0.0,"gold_gain":0.0,"event_name":"Living Wall","player_choice":"Grow","floor":2.0,"gold_loss":0.0,"damage_taken":0.0,"cards_upgraded":["Backstab"]},{"cards_removed":["Strike_G"],"damage_healed":0.0,"max_hp_gain":0.0,"max_hp_loss":0.0,"gold_gain":0.0,"event_name":"The Cleric","player_choice":"Card Removal","floor":4.0,"gold_loss":75.0,"damage_taken":0.0},{"damage_healed":0.0,"max_hp_gain":0.0,"max_hp_loss":0.0,"gold_gain":0.0,"event_name":"Mushrooms","player_choice":"Fought Mushrooms","floor":13.0,"gold_loss":0.0,"damage_taken":0.0},{"cards_removed":["Strike_G"],"damage_healed":0.0,"max_hp_gain":0.0,"max_hp_loss":0.0,"gold_gain":0.0,"event_name":"Golden Wing","player_choice":"Card Removal","floor":14.0,"gold_loss":0.0,"damage_taken":7.0},{"damage_healed":0.0,"max_hp_gain":0.0,"max_hp_loss":0.0,"gold_gain":0.0,"event_name":"Upgrade Shrine","player_choice":"Upgraded","floor":19.0,"gold_loss":0.0,"damage_taken":0.0,"cards_upgraded":["Adrenaline"]},{"damage_healed":0,"gold_gain":0,"player_choice":"Gave Potion","damage_taken":0,"relics_obtained":["Kunai"],"max_hp_gain":0,"max_hp_loss":0,"event_name":"WeMeetAgain","floor":36,"gold_loss":0}],"is_beta":false,"boss_relics":[{"not_picked":["Velvet Choker","Runic Dome"],"picked":"Astrolabe"},{"not_picked":["Pandora\u0027s Box","Coffee Dripper"],"picked":"Ring of the Serpent"}],"items_purged_floors":[11,54],"is_endless":false,"potions_floor_spawned":[1,7,10,12,13,16,18,20,21,22,24,28,29,30,31,33,35,37,38,41,42,45,47,48,55],"ascension_level":20}}