{"host":"pa9f0x1gh89g8gxw","time":1610010337,"event":{"mods":["BaseMod","Colored Powertips","Hubris","Infinite Spire","Minty Spire (QoL Compilation)","Replay The Spire","StSLib"],"gold_per_floor":[212,229,229,304,3,28,47,47,47,64,94,94,166,181,181,281,281,293,141,141,81,81],"floor_reached":21,"playtime":658,"items_purged":["Regret"],"score":249,"play_id":"4310f565-570b-4801-82c1-2db9cdd37e48","local_time":"20210107200537","is_ascension_mode":true,"campfire_choices":[{"data":"Time Bomb","floor":8,"key":"SMITH"},{"floor":12,"key":"REST"}],"circlet_count":0,"master_deck":["Strike_B","Strike_B","Strike_B","Defend_B","Defend_B","Defend_B","Defend_B","Zap","Dualcast","Streamline","Time Bomb+1","Glacier","White Noise","Beam Cell","Sweeping Beam","Echo Form","Capacitor","ReplayTheSpireMod:Black Plague"],"relics":["Cracked Core","hubris:Potato","infinitespire:Eraser","ReplayTheSpireMod:Ninjato","infinitespire:Lychee Nut","infinitespire:Satchel","Nuclear Battery"],"acts_visited":["Exordium","TheCity"],"potions_floor_usage":[16,16,16],"damage_taken":[{"damage":0,"enemies":"2 Louse","floor":1,"turns":2},{"damage":1,"enemies":"Jaw Worm","floor":2,"turns":3},{"damage":6,"enemies":"Gremlin Nob","floor":6,"turns":3},{"damage":5,"enemies":"Small Slimes","floor":7,"turns":3},{"damage":15,"enemies":"Looter","floor":10,"turns":3},{"damage":23,"enemies":"3 Sentries","floor":11,"turns":8},{"damage":2,"enemies":"Red Slaver","floor":14,"turns":5},{"damage":0,"enemies":"The Guardian","floor":16,"turns":12},{"damage":16,"enemies":"Shell Parasite","floor":18,"turns":5},{"damage":35,"enemies":"2 Thieves","floor":21,"turns":2}],"seed_played":"-4169938908677270076","potions_obtained":[{"floor":10,"key":"FocusPotion"},{"floor":11,"key":"Adrenaline Potion"},{"floor":14,"key":"LifebloodPotion"}],"is_trial":false,"path_per_floor":["M","M","?","?","$","E","M","R","T","M","E","R","?","M","R","B",null,"M","$","?","M"],"character_chosen":"DEFECT","items_purchased":["hubris:Potato","Capacitor"],"campfire_rested":1,"item_purchase_floors":[5,19],"current_hp_per_floor":[75,74,74,63,63,57,52,52,52,37,14,30,30,34,34,40,56,43,43,30,0,0],"gold":81,"neow_bonus":"HUNDRED_GOLD","is_daily":false,"chose_seed":false,"campfire_upgraded":1,"win_rate":0.0,"timestamp":1610010337,"path_taken":["M","M","?","?","$","E","M","R","T","M","E","R","?","M","R","BOSS","M","?","?","M"],"items_purchased_type":["Relic","Card"],"build_version":"2020-12-22","purchased_purges":1,"victory":false,"max_hp_per_floor":[75,75,75,75,75,75,75,75,75,75,56,56,56,56,56,56,56,56,56,56,56,56],"card_choices":[{"not_picked":["Panic Button","Turbo","Stack"],"picked":"SKIP","floor":1},{"not_picked":["Stack","Hologram","ReplayTheSpireMod:Reroute Power"],"picked":"SKIP","floor":2},{"not_picked":["Hello World","Lockon"],"picked":"Time Bomb","floor":6},{"not_picked":["Melter","ReplayTheSpireMod:Calculation Training"],"picked":"Glacier","floor":7},{"not_picked":["FTL","Glacier"],"picked":"White Noise","floor":10},{"not_picked":["Steam","Melter"],"picked":"Beam Cell","floor":11},{"not_picked":["FTL","Fusion"],"picked":"Sweeping Beam","floor":14},{"not_picked":["Fission","hubris:SpecializedCircuitry"],"picked":"Echo Form","floor":16},{"not_picked":["Turbo","Coolheaded","Force Field+1"],"picked":"SKIP","floor":18},{"not_picked":["ReplayTheSpireMod:Haul","infinitespire:FinalStrike"],"picked":"ReplayTheSpireMod:Black Plague","floor":20}],"player_experience":467170,"relics_obtained":[{"floor":6,"key":"infinitespire:Eraser"},{"floor":9,"key":"ReplayTheSpireMod:Ninjato"},{"floor":11,"key":"infinitespire:Lychee Nut"}],"event_choices":[{"damage_healed":0,"gold_gain":0,"cards_transformed":["Strike_B"],"player_choice":"Change","damage_taken":0,"max_hp_gain":0,"max_hp_loss":0,"event_name":"Living Wall","floor":3,"gold_loss":0,"cards_obtained":["Streamline"]},{"damage_healed":0,"gold_gain":75,"player_choice":"Gather Gold","damage_taken":11,"max_hp_gain":0,"max_hp_loss":0,"event_name":"World of Goop","floor":4,"gold_loss":0},{"damage_healed":0,"gold_gain":72,"player_choice":"Gained Gold","damage_taken":0,"max_hp_gain":0,"max_hp_loss":0,"event_name":"Golden Wing","floor":13,"gold_loss":0},{"damage_healed":0,"gold_gain":0,"player_choice":"Box","damage_taken":0,"relics_obtained":["infinitespire:Satchel"],"max_hp_gain":0,"max_hp_loss":0,"event_name":"Big Fish","floor":15,"gold_loss":0,"cards_obtained":["Regret"]}],"is_beta":false,"boss_relics":[{"not_picked":["hubris:RunicObelisk","Astrolabe"],"picked":"Nuclear Battery"}],"items_purged_floors":[19],"is_endless":false,"potions_floor_spawned":[10,11,14],"killed_by":"2 Thieves","ascension_level":1}}