{"host":"ji1fk25fd1ga4ji1","time":1610036651,"event":{"mods":["2.2 Compatiblity","BaseMod","Colored Map","DeckTracker","Minty Spire (QoL Compilation)","Permanent Neow","Quick Restart","StSLib","SuperFastMode"],"gold_per_floor":[14,27,27,44,55,55,55,82,82,82,82,92,106,118,118,118,118],"floor_reached":16,"playtime":294,"items_purged":[],"score":109,"play_id":"0ac6fec2-8244-41b4-96c9-9d60b8173aed","local_time":"20210108012411","is_ascension_mode":true,"campfire_choices":[{"data":"Corruption","floor":6.0,"key":"SMITH"},{"data":"Dark Embrace","floor":10.0,"key":"SMITH"},{"floor":15,"key":"REST"}],"circlet_count":0,"master_deck":["Strike_R","Strike_R","Strike_R+1","Strike_R","Defend_R","Defend_R","Defend_R","Defend_R","Bash","Juggernaut+1","Second Wind","True Grit+1","Shrug It Off","Corruption+1","Dark Embrace+1","Flex","Wild Strike"],"relics":["Burning Blood","Mummified Hand","Paper Frog"],"acts_visited":["Exordium"],"potions_floor_usage":[13,16],"damage_taken":[{"damage":6.0,"enemies":"Small Slimes","floor":1.0,"turns":4.0},{"damage":10.0,"enemies":"Cultist","floor":2.0,"turns":4.0},{"damage":7.0,"enemies":"Jaw Worm","floor":4.0,"turns":4.0},{"damage":0.0,"enemies":"Large Slime","floor":5.0,"turns":9.0},{"damage":38.0,"enemies":"Gremlin Nob","floor":8.0,"turns":5.0},{"damage":12.0,"enemies":"Exordium Thugs","floor":12.0,"turns":4.0},{"damage":0,"enemies":"Lots of Slimes","floor":13,"turns":1},{"damage":11,"enemies":"Large Slime","floor":14,"turns":5},{"damage":0,"enemies":"Slime Boss","floor":16,"turns":1}],"seed_played":"-8547758022367238839","potions_obtained":[{"floor":2.0,"key":"LiquidBronze"},{"floor":8.0,"key":"AttackPotion"},{"floor":14,"key":"AttackPotion"}],"is_trial":false,"path_per_floor":["M","M","?","M","M","R","?","E","T","R","?","M","M","M","R","B"],"character_chosen":"IRONCLAD","items_purchased":[],"campfire_rested":1,"item_purchase_floors":[],"current_hp_per_floor":[80,76,76,75,80,80,64,32,32,32,32,26,32,27,51,51,51],"gold":118,"neow_bonus":"THREE_RARE_CARDS","is_daily":false,"chose_seed":false,"campfire_upgraded":2,"win_rate":0.0,"timestamp":1610036651,"path_taken":["M","M","?","M","M","R","?","E","T","R","?","?","M","M","R","BOSS"],"items_purchased_type":[],"build_version":"2020-12-22","purchased_purges":0,"victory":false,"max_hp_per_floor":[80,80,80,80,80,80,80,80,80,80,80,80,80,80,80,80,80],"card_choices":[{"not_picked":["Exhume","Impervious"],"picked":"Juggernaut","floor":0.0},{"not_picked":["True Grit","Sword Boomerang"],"picked":"Second Wind","floor":1.0},{"not_picked":["Combust","Twin Strike"],"picked":"True Grit","floor":2.0},{"not_picked":["Pommel Strike","Anger"],"picked":"Shrug It Off","floor":4.0},{"not_picked":["Wild Strike","Clash"],"picked":"Corruption","floor":5.0},{"not_picked":["True Grit","Inflame"],"picked":"Dark Embrace","floor":8.0},{"not_picked":["Wild Strike","Rupture","Heavy Blade"],"picked":"SKIP","floor":12.0},{"not_picked":["Rupture","Heavy Blade"],"picked":"Wild Strike","floor":12.0},{"not_picked":["Disarm","Dual Wield","Armaments"],"picked":"SKIP","floor":13},{"not_picked":["Clash","Iron Wave","Feed"],"picked":"SKIP","floor":14}],"player_experience":810928,"relics_obtained":[{"floor":8.0,"key":"Mummified Hand"},{"floor":9.0,"key":"Paper Frog"}],"event_choices":[{"damage_healed":0.0,"max_hp_gain":0.0,"max_hp_loss":0.0,"gold_gain":0.0,"event_name":"Living Wall","player_choice":"Grow","floor":3.0,"gold_loss":0.0,"damage_taken":0.0,"cards_upgraded":["True Grit"]},{"damage_healed":0.0,"max_hp_gain":0.0,"max_hp_loss":0.0,"gold_gain":0.0,"event_name":"Shining Light","player_choice":"Entered Light","floor":7.0,"gold_loss":0.0,"damage_taken":16.0,"cards_upgraded":["Strike_R","Juggernaut"]},{"damage_healed":0.0,"max_hp_gain":0.0,"max_hp_loss":0.0,"gold_gain":0.0,"cards_transformed":["Strike_R"],"event_name":"Transmorgrifier","player_choice":"Transformed","floor":11.0,"gold_loss":0.0,"damage_taken":0.0,"cards_obtained":["Flex"]}],"is_beta":false,"boss_relics":[],"items_purged_floors":[],"is_endless":false,"potions_floor_spawned":[2,8,14],"killed_by":"Slime Boss","ascension_level":1}}