{"host":"qdfumeom6htv8yxl","time":1610050798,"event":{"mods":["AchievementEnabler","BaseMod","Bestiary","Block Reminder","Minty Spire (QoL Compilation)","Quick Restart","Relic Stats"],"gold_per_floor":[111,126,8,8,8,23,23,38,63,63,63],"floor_reached":10,"playtime":424,"items_purged":["Shame"],"score":113,"play_id":"16c7d468-b889-49ae-9efd-5288e590626c","local_time":"20210107141958","is_ascension_mode":true,"campfire_choices":[{"floor":7.0,"key":"REST"}],"circlet_count":0,"master_deck":["AscendersBane","Strike_G","Strike_G","Strike_G","Strike_G+1","Defend_G","Defend_G","Defend_G","Defend_G","Defend_G","Survivor","Neutralize+1","Corpse Explosion","Poisoned Stab","Noxious Fumes","PiercingWail","Acrobatics"],"relics":["Ring of the Snake","MealTicket"],"acts_visited":["Exordium"],"potions_floor_usage":[],"damage_taken":[{"damage":0.0,"enemies":"Cultist","floor":1.0,"turns":4.0},{"damage":0.0,"enemies":"2 Louse","floor":2.0,"turns":3.0},{"damage":2.0,"enemies":"Jaw Worm","floor":6.0,"turns":4.0},{"damage":3.0,"enemies":"3 Louse","floor":8.0,"turns":3.0},{"damage":49,"enemies":"Gremlin Nob","floor":10,"turns":4}],"seed_played":"-4130845972652175630","potions_obtained":[{"floor":6.0,"key":"SteroidPotion"},{"floor":8.0,"key":"SkillPotion"}],"is_trial":false,"path_per_floor":["M","M","$","?","?","M","R","M","T","E"],"character_chosen":"THE_SILENT","items_purchased":["Noxious Fumes"],"campfire_rested":1,"item_purchase_floors":[3],"current_hp_per_floor":[59,59,59,52,32,30,49,46,46,0,0],"gold":63,"neow_bonus":"THREE_RARE_CARDS","is_daily":false,"chose_seed":false,"campfire_upgraded":0,"win_rate":0.0,"timestamp":1610050798,"path_taken":["M","M","$","?","?","M","R","M","T","E"],"items_purchased_type":["Card"],"build_version":"2020-12-22","purchased_purges":1,"victory":false,"max_hp_per_floor":[66,66,66,66,66,66,66,66,66,66,66],"relic_stats":{"counters":[5,18],"MealTicket":0,"obtain_stats":[{"MealTicket":9,"Ring of the Snake":0},{"MealTicket":4,"Ring of the Snake":0},{"MealTicket":14,"Ring of the Snake":0}],"Ring of the Snake":[10]},"card_choices":[{"not_picked":["Glass Knife","A Thousand Cuts"],"picked":"Corpse Explosion","floor":0.0},{"not_picked":["Underhanded Strike","Riddle With Holes","Expertise"],"picked":"SKIP","floor":1.0},{"not_picked":["Setup","Dagger Throw"],"picked":"Poisoned Stab","floor":2.0},{"not_picked":["Dagger Spray","Grand Finale"],"picked":"PiercingWail","floor":6.0},{"not_picked":["Dagger Spray","Flying Knee"],"picked":"Acrobatics","floor":8.0}],"player_experience":1726161,"relics_obtained":[{"floor":9.0,"key":"MealTicket"}],"event_choices":[{"cards_removed":["Strike_G"],"damage_healed":0.0,"max_hp_gain":0.0,"max_hp_loss":0.0,"gold_gain":0.0,"event_name":"Golden Wing","player_choice":"Card Removal","floor":4.0,"gold_loss":0.0,"damage_taken":7.0},{"damage_healed":0.0,"max_hp_gain":0.0,"max_hp_loss":0.0,"gold_gain":0.0,"event_name":"Shining Light","player_choice":"Entered Light","floor":5.0,"gold_loss":0.0,"damage_taken":20.0,"cards_upgraded":["Neutralize","Strike_G"]}],"is_beta":false,"boss_relics":[],"items_purged_floors":[3],"is_endless":false,"potions_floor_spawned":[6,8],"killed_by":"Gremlin Nob","ascension_level":19}}