{"host":"g9y2ptialarrkhtq","time":1610013301,"event":{"mods":["BaseMod","Minty Spire (QoL Compilation)","Replay The Spire","StSLib","The Marked"],"gold_per_floor":[116,191,210,210,210,210,250,250,274,294,92,146,187,286,286,286,286],"floor_reached":16,"playtime":804,"items_purged":["theMarked:Defend"],"score":124,"play_id":"88bc4255-f9b9-42af-a4c1-fb805e594fae","local_time":"20210107175501","is_ascension_mode":true,"campfire_choices":[{"data":"theMarked:SoldierOfQuellstein","floor":6.0,"key":"SMITH"},{"floor":8.0,"key":"REST"},{"floor":15.0,"key":"REST"}],"circlet_count":0,"master_deck":["theMarked:Strike","theMarked:Strike","theMarked:Strike","theMarked:Strike","theMarked:Strike","theMarked:Defend","theMarked:Defend","theMarked:SoldierOfQuellstein+1","theMarked:Aftermath","HandOfGreed","HandOfGreed","PanicButton","theMarked:Convert"],"relics":["theMarked:ArtifactOfAir","Golden Idol","NlothsMask","Unceasing Top","ReplayTheSpireMod:ShopPack","Pear","The Courier"],"acts_visited":["Exordium"],"potions_floor_usage":[16,16],"damage_taken":[{"damage":2.0,"enemies":"2 Louse","floor":1.0,"turns":3.0},{"damage":1.0,"enemies":"Cultist","floor":3.0,"turns":3.0},{"damage":44.0,"enemies":"Lagavulin","floor":7.0,"turns":6.0},{"damage":1.0,"enemies":"Jaw Worm","floor":10.0,"turns":3.0},{"damage":9.0,"enemies":"Replay:BlueRogue","floor":12.0,"turns":5.0},{"damage":3.0,"enemies":"Large Slime","floor":13.0,"turns":4.0},{"damage":26.0,"enemies":"3 Sentries","floor":14.0,"turns":7.0},{"damage":34,"enemies":"Slime Boss","floor":16,"turns":7}],"seed_played":"4446175715089083963","potions_obtained":[{"floor":10.0,"key":"Energy Potion"},{"floor":12.0,"key":"Weak Potion"},{"floor":14.0,"key":"LiquidMemories"}],"is_trial":false,"path_per_floor":["M","?","M","?","?","R","E","R","T","M","$","E","M","E","R","B"],"character_chosen":"THE_DEFAULT","items_purchased":["ReplayTheSpireMod:ShopPack"],"campfire_rested":2,"item_purchase_floors":[11],"current_hp_per_floor":[68,57,56,56,56,56,12,31,31,30,30,31,28,2,24,0,0],"gold":286,"neow_bonus":"RANDOM_EVENT","is_daily":false,"chose_seed":false,"campfire_upgraded":1,"win_rate":0.0,"timestamp":1610013301,"path_taken":["M","?","M","?","?","R","E","R","T","?","$","E","M","E","R","BOSS"],"items_purchased_type":["Relic"],"build_version":"2020-12-22","purchased_purges":1,"victory":false,"max_hp_per_floor":[70,70,70,65,65,65,65,65,65,65,65,75,75,75,75,75,75],"card_choices":[{"not_picked":["theMarked:BanishingStrike","theMarked:ChainLightning","theMarked:Parkour"],"picked":"SKIP","floor":1.0},{"not_picked":["theMarked:Aftermath","theMarked:Parkour","theMarked:ParalyzingBlade"],"picked":"SKIP","floor":3.0},{"not_picked":["theMarked:CreepingChasm","theMarked:Frustration","theMarked:Parkour"],"picked":"SKIP","floor":7.0},{"not_picked":["theMarked:ElectricStrings","theMarked:RogueSparks"],"picked":"theMarked:Aftermath","floor":10.0},{"not_picked":["Chrysalis","Metamorphosis"],"picked":"HandOfGreed","floor":11.0},{"not_picked":["Impatience","Dramatic Entrance"],"picked":"HandOfGreed","floor":11.0},{"not_picked":["Finesse","Good Instincts"],"picked":"PanicButton","floor":11.0},{"not_picked":["theMarked:Static","theMarked:Parkour","theMarked:WardOff"],"picked":"SKIP","floor":12.0},{"not_picked":["theMarked:ElectricStrings","theMarked:HeightenedSenses"],"picked":"theMarked:Convert","floor":13.0},{"not_picked":["theMarked:HeritageOfTheMarked","theMarked:Improvise","theMarked:SelfDefenseTraining"],"picked":"SKIP","floor":14.0}],"player_experience":106799,"relics_obtained":[{"floor":7.0,"key":"Unceasing Top"},{"floor":12.0,"key":"Pear"},{"floor":14.0,"key":"The Courier"}],"event_choices":[{"cards_removed":["theMarked:Defend"],"damage_healed":0.0,"max_hp_gain":0.0,"max_hp_loss":0.0,"gold_gain":0.0,"event_name":"Living Wall","player_choice":"Forget","floor":0.0,"gold_loss":0.0,"damage_taken":0.0},{"damage_healed":0.0,"max_hp_gain":0.0,"max_hp_loss":0.0,"gold_gain":75.0,"event_name":"World of Goop","player_choice":"Gather Gold","floor":2.0,"gold_loss":0.0,"damage_taken":11.0},{"damage_healed":0.0,"max_hp_gain":0.0,"max_hp_loss":5.0,"gold_gain":0.0,"event_name":"Golden Idol","player_choice":"Lose Max HP","floor":4.0,"gold_loss":0.0,"damage_taken":0.0,"relics_obtained":["Golden Idol"]},{"damage_healed":0.0,"max_hp_gain":0.0,"max_hp_loss":0.0,"gold_gain":0.0,"event_name":"FaceTrader","player_choice":"Trade","floor":5.0,"gold_loss":0.0,"damage_taken":0.0,"relics_obtained":["NlothsMask"]}],"is_beta":false,"boss_relics":[],"items_purged_floors":[11],"is_endless":false,"potions_floor_spawned":[10,12,14],"killed_by":"Slime Boss","ascension_level":1}}