{"host":"bpkhhmvsfrvlto2l","time":1610006956,"event":{"mods":["2.2 Compatiblity","Act Like it!","AlwaysNeverKeys","BaseMod","Better Silent Start","Challenge The Spire","Colored Map","Colored Powertips","Custom Start","Downfall","Energized Spire","Friendly Minions","GifTheSpireLib","Halation","Hubris","Infinite Spire","Ironclad Rager","Mimic Mod","Minty Spire (QoL Compilation)","Permanent Neow","Quick Restart","Random Character Button","Relic Sorter","Replay The Spire","Spikes Relics","StSLib","Stuff the Spire","Swap Starting Deck Mod","Trackpad"],"gold_per_floor":[114,114,114,129,129,164,164,195,195,195,207,235,235,255,255,357,407,419,419,439,453,463,463,495,512,544,544,560,573,573,602,602,602,602],"floor_reached":33,"playtime":1314,"items_purged":[],"score":322,"play_id":"ef63cfef-18ad-427a-9dbe-0923e79abaa7","local_time":"20210107030916","is_ascension_mode":true,"campfire_choices":[{"data":"1","floor":7,"key":"LIFT"},{"data":"2","floor":10,"key":"LIFT"},{"data":"3","floor":15,"key":"LIFT"},{"data":"Power Through","floor":23,"key":"SMITH"},{"data":"StuffTheSpire:Resist","floor":27,"key":"SMITH"},{"data":"Impervious","floor":30,"key":"SMITH"},{"floor":32,"key":"REST"}],"circlet_count":0,"master_deck":["Strike_R","Strike_R","Strike_R","Strike_R+1","Strike_R","Defend_R","Defend_R","Defend_R","Defend_R","Bash","Metallicize+1","Run Through","Sword Boomerang","StuffTheSpire:Resist+1","Rampage","Juggernaut+1","Feel No Pain+1","Body Slam","Power Through+1","Impervious+1","Sever Soul"],"relics":["Burning Blood","Orichalcum","Ring of Misfortune","Girya","Ancient Tea Set","Prayer Wheel","WizardHat","halation:EternalFortune","Tiny House","hubris:TenFootPole","hubris:ToyBattleship"],"acts_visited":["Exordium","TheCity"],"potions_floor_usage":[6,16,20,24,28,29,31,33],"damage_taken":[{"damage":0,"enemies":"2 Louse","floor":1,"turns":3},{"damage":4,"enemies":"Jaw Worm","floor":4,"turns":4},{"damage":11,"enemies":"Replay:BlueRogue","floor":6,"turns":7},{"damage":11,"enemies":"Gremlin Nob","floor":8,"turns":4},{"damage":3,"enemies":"infinitespire:Voidling","floor":11,"turns":3},{"damage":18,"enemies":"3 Sentries","floor":12,"turns":9},{"damage":7,"enemies":"2 Fungi Beasts","floor":14,"turns":3},{"damage":12,"enemies":"Fading Forest","floor":16,"turns":11},{"damage":10,"enemies":"Shell Parasite","floor":18,"turns":5},{"damage":18,"enemies":"2 Thieves","floor":20,"turns":4},{"damage":20,"enemies":"Centurion and Healer","floor":21,"turns":6},{"damage":5,"enemies":"Cultist and Chosen","floor":22,"turns":5},{"damage":26,"enemies":"Book of Stabbing","floor":24,"turns":6},{"damage":10,"enemies":"Snecko","floor":25,"turns":6},{"damage":0,"enemies":"Snake Plant","floor":26,"turns":5},{"damage":0,"enemies":"Snake Plant","floor":28,"turns":5},{"damage":36,"enemies":"Shelled Parasite and Fungi","floor":29,"turns":6},{"damage":13,"enemies":"Replay:Snechameleon","floor":31,"turns":7},{"damage":61,"enemies":"Collector","floor":33,"turns":8}],"seed_played":"8684108653028799070","potions_obtained":[{"floor":1,"key":"Energy Potion"},{"floor":8,"key":"Elixir"},{"floor":12,"key":"GamblersBrew"},{"floor":16,"key":"BloodPotion"},{"floor":17,"key":"Fire Potion"},{"floor":21,"key":"BlessingOfTheForge"},{"floor":24,"key":"Guardian:BlockOnCardUsePotion"},{"floor":28,"key":"LiquidMemories"},{"floor":31,"key":"Energy Potion"}],"is_trial":false,"path_per_floor":["M","$","?","M","?","E","R","E","T","R","M","E","?","M","R","B",null,"M","?","M","M","M","R","E","M","MIM","R","M","M","R","E","R","B"],"character_chosen":"IRONCLAD","items_purchased":[],"campfire_rested":1,"item_purchase_floors":[],"current_hp_per_floor":[80,80,80,80,80,75,75,70,70,70,73,61,64,63,63,67,88,84,84,72,58,59,59,56,52,58,58,64,34,34,27,53,0,0],"gold":602,"neow_bonus":"RANDOM_COMMON_RELIC","is_daily":false,"chose_seed":false,"campfire_upgraded":3,"win_rate":0.0,"timestamp":1610006956,"path_taken":["M","$","?","M","?","E","R","E","T","R","M","E","?","?","R","BOSS","M","?","M","M","M","R","E","?","MIM","R","M","M","R","E","R","BOSS"],"items_purchased_type":[],"build_version":"2020-12-22","purchased_purges":0,"victory":false,"max_hp_per_floor":[80,80,80,80,80,80,80,80,80,80,80,80,83,83,83,83,88,88,88,88,88,88,88,88,88,88,88,88,88,88,88,88,88,88],"card_choices":[{"not_picked":["Iron Wave","StuffTheSpire:RagingBull"],"picked":"Metallicize","floor":1},{"not_picked":["StuffTheSpire:Incineration","Pommel Strike"],"picked":"Run Through","floor":4},{"not_picked":["Second Wind","Run Through"],"picked":"Sword Boomerang","floor":11},{"not_picked":["Bloodletting","Anger"],"picked":"StuffTheSpire:Resist","floor":12},{"not_picked":["Armaments","StuffTheSpire:RockThrow"],"picked":"Rampage","floor":14},{"not_picked":["Eclipse","Demon Form"],"picked":"Juggernaut","floor":16},{"not_picked":["Sword Boomerang","Uppercut"],"picked":"Feel No Pain+1","floor":18},{"not_picked":["hubris:ReadiedAction+1","ReplayTheSpireMod:Stacked"],"picked":"Body Slam","floor":20},{"not_picked":["hubris:CleavingFinish","StuffTheSpire:Slingshot+1"],"picked":"Power Through","floor":22},{"not_picked":["Body Slam","hubris:ReadiedAction"],"picked":"Impervious","floor":28},{"not_picked":["Iron Wave+1","StuffTheSpire:RockThrow"],"picked":"Sever Soul","floor":29}],"player_experience":32708,"relics_obtained":[{"floor":5,"key":"Ring of Misfortune"},{"floor":6,"key":"Girya"},{"floor":8,"key":"Ancient Tea Set"},{"floor":9,"key":"Prayer Wheel"},{"floor":12,"key":"WizardHat"},{"floor":24,"key":"hubris:TenFootPole"},{"floor":31,"key":"hubris:ToyBattleship"}],"event_choices":[{"damage_healed":0,"gold_gain":0,"player_choice":"Upgraded","damage_taken":0,"max_hp_gain":0,"max_hp_loss":0,"event_name":"Upgrade Shrine","floor":19,"gold_loss":0,"cards_upgraded":["Juggernaut"]}],"is_beta":false,"boss_relics":[{"not_picked":["infinitespire:Burning Sword","Painkiller Herb"],"picked":"Tiny House"}],"items_purged_floors":[],"is_endless":false,"potions_floor_spawned":[1,8,12,16,18,21,24,28,31],"killed_by":"Collector","ascension_level":1}}