{"host":"8fuipfsvjht9cgcs","time":1610019410,"event":{"mods":["AchievementEnabler","BaseMod","Colored Map","Colored Powertips","Minty Spire (QoL Compilation)","Replay The Spire","StSLib","SuperFastMode","The Gatherer"],"gold_per_floor":[109,125,125,15,15,15,15,15,15,15,90,124,170,188,188,293,293,306,306,339,349,27,27,27],"floor_reached":23,"playtime":663,"items_purged":["Strike_R","Defend_R"],"score":278,"play_id":"482e8574-afc1-462f-92c4-af19b2d81e75","local_time":"20210108003650","is_ascension_mode":true,"campfire_choices":[{"data":"Sword Boomerang","floor":6.0,"key":"SMITH"},{"data":"Clash","floor":8.0,"key":"SMITH"},{"data":"Feel No Pain","floor":10.0,"key":"SMITH"},{"data":"Strike_R","floor":15.0,"key":"PURGE"}],"circlet_count":0,"master_deck":["AscendersBane","Strike_R","Strike_R","Defend_R","Defend_R","Bash","Sword Boomerang+1","Clash+1","Feel No Pain+1","Flex","Fiend Fire","ReplayTheSpireMod:Muscle Training+1","Burning Pact","Sentinel+1"],"relics":["Mark of Pain","Mercury Hourglass","Mummified Hand","Red Skull","Tiny Chest","Runic Pyramid","Red Mask","Membership Card","Pantograph"],"acts_visited":["Exordium","TheCity"],"potions_floor_usage":[20],"damage_taken":[{"damage":0.0,"enemies":"2 Louse","floor":1.0,"turns":3.0},{"damage":1.0,"enemies":"Cultist","floor":2.0,"turns":3.0},{"damage":11.0,"enemies":"3 Sentries","floor":12.0,"turns":6.0},{"damage":0.0,"enemies":"Small Slimes","floor":14.0,"turns":1.0},{"damage":34.0,"enemies":"Slime Boss","floor":16.0,"turns":10.0},{"damage":2.0,"enemies":"Chosen","floor":18.0,"turns":3.0},{"damage":33,"enemies":"Masked Bandits","floor":20,"turns":4},{"damage":6,"enemies":"Shell Parasite","floor":21,"turns":2},{"damage":23,"enemies":"Gremlin Leader","floor":23,"turns":2}],"seed_played":"4460008168831342163","potions_obtained":[{"floor":2.0,"key":"ElixirPotion"},{"floor":12.0,"key":"DistilledChaos"},{"floor":16.0,"key":"Dexterity Potion"},{"floor":18.0,"key":"Swift Potion"},{"floor":21,"key":"Strength Potion"}],"is_trial":false,"path_per_floor":["M","M","?","$","?","R","$","R","T","R","?","E","T","M","R_BF","B",null,"M","?","?","M","$","E"],"character_chosen":"IRONCLAD","items_purchased":["Feel No Pain","Membership Card","Pantograph"],"campfire_rested":0,"item_purchase_floors":[4,22,22],"current_hp_per_floor":[72,71,59,59,59,59,59,59,59,59,48,37,37,37,37,3,61,59,59,26,20,20,0,0],"gold":27,"neow_bonus":"BOSS_RELIC","is_daily":false,"chose_seed":false,"campfire_upgraded":3,"win_rate":0.0,"timestamp":1610019410,"path_taken":["M","M","?","$","?","R","$","R","T","R","?","E","?","M","R_BF","BOSS","M","?","?","M","$","E"],"items_purchased_type":["Card","Relic","Relic"],"build_version":"2020-12-22","purchased_purges":2,"victory":false,"max_hp_per_floor":[80,80,80,80,80,80,80,80,80,80,80,80,80,80,80,80,80,80,80,80,80,80,80,80],"card_choices":[{"not_picked":["Headbutt","Wild Strike"],"picked":"Sword Boomerang","floor":1.0},{"not_picked":["Infernal Blade","ReplayTheSpireMod:Strike From Hell"],"picked":"Clash","floor":2.0},{"not_picked":["Infernal Blade","Twin Strike","Cleave"],"picked":"SKIP","floor":12.0},{"not_picked":["Run Through","Clash"],"picked":"Flex","floor":14.0},{"not_picked":["Demonic Infusion","Berserk"],"picked":"Fiend Fire","floor":16.0},{"not_picked":["Cleave","Shrug It Off"],"picked":"ReplayTheSpireMod:Muscle Training+1","floor":18.0},{"not_picked":["Seeing Red","Body Slam"],"picked":"Burning Pact","floor":20},{"not_picked":["ReplayTheSpireMod:Corrosion Curse+1","ReplayTheSpireMod:LeadingStrike"],"picked":"Sentinel+1","floor":21}],"player_experience":355625,"relics_obtained":[{"floor":9.0,"key":"Mummified Hand"},{"floor":12.0,"key":"Red Skull"},{"floor":13.0,"key":"Tiny Chest"},{"floor":20,"key":"Red Mask"}],"event_choices":[{"damage_healed":0.0,"max_hp_gain":0.0,"max_hp_loss":0.0,"gold_gain":0.0,"event_name":"Scrap Ooze","player_choice":"Success","floor":3.0,"gold_loss":0.0,"damage_taken":12.0,"relics_obtained":["Mercury Hourglass"]},{"damage_healed":0.0,"max_hp_gain":0.0,"max_hp_loss":0.0,"gold_gain":75.0,"event_name":"World of Goop","player_choice":"Gather Gold","floor":11.0,"gold_loss":0.0,"damage_taken":11.0},{"cards_removed":["Strike_R"],"damage_healed":0.0,"max_hp_gain":0.0,"max_hp_loss":0.0,"gold_gain":0.0,"event_name":"Back to Basics","player_choice":"Elegance","floor":19.0,"gold_loss":0.0,"damage_taken":0.0},{"damage_healed":0,"gold_gain":0,"player_choice":"Fought Bandits","damage_taken":0,"max_hp_gain":0,"max_hp_loss":0,"event_name":"Masked Bandits","floor":20,"gold_loss":0}],"is_beta":false,"boss_relics":[{"not_picked":["Astrolabe","Fusion Hammer"],"picked":"Runic Pyramid"}],"items_purged_floors":[4,22],"is_endless":false,"potions_floor_spawned":[2,12,16,18,21],"killed_by":"Gremlin Leader","ascension_level":10}}