{"host":"ig7tc0uedzltt2sr","time":1610057502,"event":{"mods":["BaseMod","Better Twitch Integration","Block Reminder","Colored Map","Colored Powertips","Communication Mod","Current Relic Mod","GifTheSpireLib","HexUI Lib","Minty Spire (QoL Compilation)","Quick Restart","Random Character Button","Rare Cards Sparkle","Relic Sorter","Relic Stats","Slay the Relics Exporter","StSLib","SuperFastMode","Synergy Search","Twitch Decklist","Twitch Utils","everything is the same but u backflip on backflip","slay the spire mod where everything is the same but ironclad has a cowboy hat"],"gold_per_floor":[116,132,80,93,93,93,93],"floor_reached":6,"playtime":59,"items_purged":[],"score":36,"play_id":"9268191c-2874-4fa0-8e6f-d0a3aec5c8f5","local_time":"20210107141142","is_ascension_mode":false,"campfire_choices":[],"circlet_count":0,"master_deck":["Strike_R","Strike_R","Strike_R","Strike_R","Strike_R","Defend_R","Defend_R","Defend_R","Defend_R","Bash","Hemokinesis","Rage","Disarm"],"relics":["Burning Blood"],"acts_visited":["Exordium"],"potions_floor_usage":[],"damage_taken":[{"damage":57,"enemies":"Cultist","floor":1,"turns":10},{"damage":4,"enemies":"Small Slimes","floor":2,"turns":6},{"damage":2,"enemies":"2 Louse","floor":4,"turns":3},{"damage":49,"enemies":"3 Sentries","floor":6,"turns":7}],"seed_played":"120737867602281860","potions_obtained":[{"floor":1,"key":"Fruit Juice"}],"is_trial":false,"path_per_floor":["M","M","$","M","$","E"],"character_chosen":"IRONCLAD","items_purchased":["Explosive Potion"],"campfire_rested":0,"item_purchase_floors":[3],"current_hp_per_floor":[37,44,44,48,48,0,0],"gold":93,"neow_bonus":"TEN_PERCENT_HP_BONUS","is_daily":false,"chose_seed":false,"campfire_upgraded":0,"win_rate":0.0,"timestamp":1610057502,"path_taken":["M","?","$","M","?","E"],"items_purchased_type":["Potion"],"build_version":"2020-12-22","purchased_purges":0,"victory":false,"max_hp_per_floor":[88,93,93,93,93,93,93],"relic_stats":{"counters":[4,26],"obtain_stats":[{"Burning Blood":0},{"Burning Blood":0},{"Burning Blood":0}],"Burning Blood":18},"card_choices":[{"not_picked":["Armaments","Dropkick"],"picked":"Hemokinesis","floor":1},{"not_picked":["True Grit","Clothesline"],"picked":"Rage","floor":2},{"not_picked":["Shrug It Off","Sentinel"],"picked":"Disarm","floor":4}],"player_experience":1457340,"relics_obtained":[],"event_choices":[],"is_beta":false,"boss_relics":[],"items_purged_floors":[],"is_endless":false,"potions_floor_spawned":[1],"killed_by":"3 Sentries","ascension_level":0}}