{"host":"dw8ij7emqco3quom","time":1610048109,"event":{"mods":["BaseMod","Minty Spire (QoL Compilation)"],"gold_per_floor":[113,125,75,75,75,111,123,176,213,244,256,292,304,331,343,486,498,531,557,569,581,618,630,675,687,771,783,816,828,828],"floor_reached":29,"playtime":2232,"items_purged":[],"score":361,"play_id":"3e52a418-a142-424c-96f1-48ac0532f3f9","local_time":"20210107203509","is_ascension_mode":true,"campfire_choices":[{"floor":7,"key":"REST"},{"data":"Heavy Blade","floor":13,"key":"SMITH"},{"floor":15,"key":"REST"},{"floor":23,"key":"REST"},{"data":"Armaments","floor":25,"key":"SMITH"},{"floor":27,"key":"REST"}],"circlet_count":0,"master_deck":["Strike_R","Strike_R","Defend_R","Defend_R","Defend_R","Bash","Spot Weakness+1","Headbutt","Injury","Iron Wave","Heavy Blade+1","Evolve","Sword Boomerang","Twin Strike","Berserk","Body Slam+1","Flex+1","Searing Blow","Inflame","Writhe","Entrench+1","Armaments+1","Seeing Red"],"relics":["Burning Blood","Lantern","Golden Idol","MawBank","Regal Pillow","SacredBark","Pocketwatch","MealTicket","Bottled Flame"],"acts_visited":["Exordium","TheCity"],"potions_floor_usage":[6,6,8,8,14,19,19,22,29],"damage_taken":[{"damage":6,"enemies":"2 Louse","floor":1,"turns":2},{"damage":0,"enemies":"Small Slimes","floor":2,"turns":3},{"damage":35,"enemies":"3 Sentries","floor":6,"turns":7},{"damage":30,"enemies":"Lagavulin","floor":8,"turns":5},{"damage":1,"enemies":"Cultist","floor":10,"turns":3},{"damage":6,"enemies":"Looter","floor":12,"turns":2},{"damage":8,"enemies":"3 Louse","floor":14,"turns":2},{"damage":68,"enemies":"Hexaghost","floor":16,"turns":9},{"damage":12,"enemies":"Chosen","floor":18,"turns":3},{"damage":10,"enemies":"2 Thieves","floor":19,"turns":4},{"damage":14,"enemies":"Snake Plant","floor":22,"turns":3},{"damage":39,"enemies":"Gremlin Leader","floor":24,"turns":3},{"damage":24,"enemies":"Snecko","floor":28,"turns":4},{"damage":62,"enemies":"Slavers","floor":29,"turns":2}],"seed_played":"7647078273460770922","potions_obtained":[{"floor":2,"key":"EntropicBrew"},{"floor":6,"key":"AttackPotion"},{"floor":10,"key":"LiquidMemories"},{"floor":16,"key":"Swift Potion"},{"floor":19,"key":"Explosive Potion"},{"floor":28,"key":"GamblersBrew"}],"is_trial":false,"path_per_floor":["M","M","?","?","?","E","R","E","T","M","?","M","R","M","R","B",null,"M","M","?","?","M","R","E","R","T","R","M","E"],"character_chosen":"IRONCLAD","items_purchased":[],"campfire_rested":4,"item_purchase_floors":[],"current_hp_per_floor":[72,78,78,78,78,49,73,49,49,54,54,54,54,52,80,18,65,59,55,55,55,47,80,47,47,47,80,62,0,0],"gold":828,"neow_bonus":"RANDOM_COMMON_RELIC","is_daily":false,"chose_seed":false,"campfire_upgraded":2,"win_rate":0.0,"timestamp":1610048109,"path_taken":["M","M","?","?","?","E","R","E","T","?","?","M","R","M","R","BOSS","M","M","?","?","M","R","E","R","T","R","M","E"],"items_purchased_type":[],"build_version":"2020-12-22","purchased_purges":0,"victory":false,"max_hp_per_floor":[80,80,80,80,80,80,80,80,80,80,80,80,80,80,80,80,80,80,80,80,80,80,80,80,80,80,80,80,80,80],"card_choices":[{"not_picked":["Twin Strike","Cleave"],"picked":"Spot Weakness","floor":1},{"not_picked":["Burning Pact","Flex"],"picked":"Headbutt","floor":2},{"not_picked":["Dark Embrace","Anger","Havoc"],"picked":"SKIP","floor":6},{"not_picked":["Clothesline","Anger"],"picked":"Iron Wave","floor":8},{"not_picked":["Body Slam","Clothesline"],"picked":"Heavy Blade","floor":10},{"not_picked":["Juggernaut","Havoc"],"picked":"Sword Boomerang","floor":12},{"not_picked":["Headbutt","Perfected Strike"],"picked":"Twin Strike","floor":14},{"not_picked":["Feed","Double Tap"],"picked":"Berserk","floor":16},{"not_picked":["Clothesline","True Grit"],"picked":"Body Slam+1","floor":18},{"not_picked":["Feel No Pain","True Grit"],"picked":"Flex+1","floor":19},{"not_picked":["Dark Embrace","Clothesline"],"picked":"Entrench+1","floor":22},{"not_picked":["Power Through","Pommel Strike"],"picked":"Armaments","floor":24},{"not_picked":["Clash","Pommel Strike"],"picked":"Seeing Red","floor":28}],"player_experience":613807,"relics_obtained":[{"floor":6,"key":"MawBank"},{"floor":8,"key":"Regal Pillow"},{"floor":24,"key":"MealTicket"},{"floor":26,"key":"Bottled Flame"}],"event_choices":[{"cards_removed":["Strike_R"],"damage_healed":0,"gold_gain":0,"player_choice":"Card Removal","damage_taken":0,"max_hp_gain":0,"max_hp_loss":0,"event_name":"The Cleric","floor":3,"gold_loss":50},{"damage_healed":0,"gold_gain":0,"player_choice":"Take Wound","damage_taken":0,"relics_obtained":["Golden Idol"],"max_hp_gain":0,"max_hp_loss":0,"event_name":"Golden Idol","floor":4,"gold_loss":0,"cards_obtained":["Injury"]},{"damage_healed":0,"gold_gain":0,"player_choice":"Forge","damage_taken":0,"max_hp_gain":0,"max_hp_loss":0,"event_name":"Accursed Blacksmith","floor":5,"gold_loss":0,"cards_upgraded":["Spot Weakness"]},{"damage_healed":0,"gold_gain":0,"cards_transformed":["Strike_R"],"player_choice":"Change","damage_taken":0,"max_hp_gain":0,"max_hp_loss":0,"event_name":"Living Wall","floor":11,"gold_loss":0,"cards_obtained":["Evolve"]},{"damage_healed":0,"gold_gain":0,"cards_transformed":["Strike_R","Defend_R"],"player_choice":"Became Test Subject","damage_taken":0,"max_hp_gain":0,"max_hp_loss":0,"event_name":"Drug Dealer","floor":20,"gold_loss":0,"cards_obtained":["Searing Blow","Inflame"]},{"damage_healed":0,"gold_gain":0,"player_choice":"Opened","damage_taken":0,"relics_obtained":["Pocketwatch"],"max_hp_gain":0,"max_hp_loss":0,"event_name":"The Mausoleum","floor":21,"gold_loss":0,"cards_obtained":["Writhe"]}],"is_beta":false,"boss_relics":[{"not_picked":["Runic Pyramid","Fusion Hammer"],"picked":"SacredBark"}],"items_purged_floors":[],"is_endless":false,"potions_floor_spawned":[2,6,10,16,19,28],"killed_by":"Slavers","ascension_level":6}}