{"host":"er8s5flrc5z1a07t","time":1610027148,"event":{"mods":["2.2 Compatiblity","Act Like it!","Bard","BaseMod","Better Note","Better Third Choice","Downfall","Duelist Mod","Elementarium","Energized Spire","GifTheSpireLib","Hermit","Hubris","Infinite Spire","Minty Spire (QoL Compilation)","Relic Stats","Replay The Spire","Shop Mod","StSLib","Stuff the Spire","Synergy Search","The Cursed","The Disciple","The Mystic"],"gold_per_floor":[116,134,148,164,0,20,54,54,54,69,83,100,115,132,132,132,132],"floor_reached":16,"playtime":639,"items_purged":[],"score":215,"play_id":"7c6ff3fd-03f5-4ed9-8a3c-13c9516622b2","local_time":"20210107084548","is_ascension_mode":true,"campfire_choices":[{"data":"Enlightenment","floor":8,"key":"SMITH"},{"floor":15,"key":"REST"}],"circlet_count":0,"master_deck":["AscendersBane","Strike_B","Strike_B","Strike_B","Strike_B","Defend_B","Defend_B","Defend_B","Defend_B","Zap","Dualcast","Coolheaded","Streamline","Doom and Gloom","Barrage","Enlightenment+1","Coolheaded","Leap","Blizzard","White Noise","Undo","Conserve Battery","Glacier"],"relics":["Cracked Core","NeowsBlessing","Carrot","Calipers"],"acts_visited":["Exordium"],"potions_floor_usage":[6,14],"damage_taken":[{"damage":0,"enemies":"2 Louse","floor":1,"turns":1},{"damage":0,"enemies":"Jaw Worm","floor":2,"turns":1},{"damage":0,"enemies":"Small Slimes","floor":3,"turns":1},{"damage":1,"enemies":"2 Fungi Beasts","floor":4,"turns":2},{"damage":0,"enemies":"Large Slime","floor":6,"turns":4},{"damage":30,"enemies":"Gremlin Nob","floor":7,"turns":4},{"damage":11,"enemies":"3 Louse","floor":10,"turns":3},{"damage":2,"enemies":"Blue Slaver","floor":11,"turns":5},{"damage":17,"enemies":"2 Fungi Beasts","floor":12,"turns":5},{"damage":2,"enemies":"Large Slime","floor":13,"turns":5},{"damage":24,"enemies":"Exordium Wildlife","floor":14,"turns":6},{"damage":52,"enemies":"Fading Forest","floor":16,"turns":10}],"seed_played":"3347096881793355658","potions_obtained":[{"floor":3,"key":"AttackPotion"},{"floor":7,"key":"Reflective Coating"},{"floor":11,"key":"FairyPotion"},{"floor":13,"key":"LiquidMemories"}],"is_trial":false,"path_per_floor":["M","M","M","M","?","M","E","R","T","M","M","M","M","M","R","B"],"character_chosen":"DEFECT","items_purchased":[],"campfire_rested":1,"item_purchase_floors":[],"current_hp_per_floor":[64,64,64,63,69,69,39,39,39,28,26,9,7,9,32,0,0],"gold":132,"neow_bonus":"THREE_ENEMY_KILL","is_daily":false,"chose_seed":false,"campfire_upgraded":1,"win_rate":0.0,"timestamp":1610027148,"path_taken":["M","M","M","M","?","M","E","R","T","M","M","M","M","M","R","BOSS"],"items_purchased_type":[],"build_version":"2020-12-22","purchased_purges":0,"victory":false,"max_hp_per_floor":[71,71,71,71,77,77,77,77,77,77,77,77,77,77,77,77,77],"relic_stats":{"counters":[12,47],"obtain_stats":[{"Carrot":7,"Calipers":9,"NeowsBlessing":0,"Cracked Core":0},{"Carrot":6,"Calipers":6,"NeowsBlessing":0,"Cracked Core":0},{"Carrot":13,"Calipers":13,"NeowsBlessing":0,"Cracked Core":0}]},"card_choices":[{"not_picked":["BasicCrystalCard","StuffTheSpire:Plugnplay"],"picked":"Coolheaded","floor":1},{"not_picked":["Hologram","ReplayTheSpireMod:GoodbyeWorld"],"picked":"Streamline","floor":2},{"not_picked":["Steam","Darkness"],"picked":"Doom and Gloom","floor":3},{"not_picked":["StuffTheSpire:LoadUp","Turbo"],"picked":"Barrage","floor":4},{"not_picked":["Stack","Panic Button"],"picked":"Coolheaded","floor":6},{"not_picked":["Streamline","ReplayTheSpireMod:Fabricate Wheel"],"picked":"Leap","floor":7},{"not_picked":["Compile Driver","Storm"],"picked":"Blizzard","floor":10},{"not_picked":["Rip and Tear","Sweeping Beam"],"picked":"White Noise","floor":11},{"not_picked":["ReplayGash","White Noise"],"picked":"Undo","floor":12},{"not_picked":["StuffTheSpire:Plugnplay","Rebound"],"picked":"Conserve Battery","floor":13},{"not_picked":["Steam","Turbo"],"picked":"Glacier","floor":14}],"player_experience":1224801,"relics_obtained":[{"floor":7,"key":"Carrot"},{"floor":9,"key":"Calipers"}],"event_choices":[{"damage_healed":0,"gold_gain":0,"player_choice":"RENOUNCE","damage_taken":164,"max_hp_gain":0,"max_hp_loss":0,"event_name":"betterThird:BetterSerpent","floor":5,"gold_loss":164,"cards_obtained":["Enlightenment"]}],"is_beta":false,"boss_relics":[],"items_purged_floors":[],"is_endless":false,"potions_floor_spawned":[3,7,11,13],"killed_by":"Fading Forest","ascension_level":19}}