{"host":"njruw0b0uprlitpx","time":1610006354,"event":{"mods":["2.2 Compatiblity","Astrologer","Bartender","BaseMod","Better Altar","Better Match","Better Note","Better Sensory Stone","Better Skull","Better Third Choice","BetterRewards","Block Reminder","Colored Map","Colored Powertips","Energized Spire","Jedi Mod","Keyboard Shortcuts","Magitek Elite","Minty Spire (QoL Compilation)","Quick Restart","Relic Stats","Replay The Spire","SacredBarkPlus","Spicy Shops","StSLib","SuperFastMode","The Dragon Tamer","The Forsaken","The Gatherer","The Marked","The Mystic","The Necromancer","The Spell Scribe","Wandering Minibosses"],"gold_per_floor":[114,289,299,2,2,34,34,34,61,82,82,96,96,115,115,245,245,261,0,13,13,38,38,38,73,99,114,128,128,171,171,171,301,301,316,316,316,335,12,12,31,31,31,31,34,34,34,34,34,34],"floor_reached":51,"playtime":2642,"items_purged":["Doubt","Sickly","Writhe","Languid"],"score":1082,"play_id":"11403f35-75b8-4778-a4fa-18566ef2ef49","local_time":"20210107015914","is_ascension_mode":true,"campfire_choices":[{"floor":8,"key":"REST"},{"floor":11,"key":"REST"},{"floor":13,"key":"REST"},{"floor":15,"key":"REST"},{"floor":23,"key":"REST"},{"floor":29,"key":"REST"},{"floor":31,"key":"REST"},{"floor":32,"key":"REST"},{"data":"Might","floor":36,"key":"SMITH"},{"data":"Injury","floor":40,"key":"PURGE"},{"data":"Blizzard_P","floor":47,"key":"SMITH"},{"data":"Fire2","floor":49,"key":"SMITH"}],"circlet_count":0,"master_deck":["Strike_L+1","Strike_L+1","Strike_L+1","Strike_L+1","Defend_L+1","Defend_L+1","Defend_L+1","Defend_L+1","Defend_L+1","Fire2+2","Cure","Icebrand+1","Blizzard_P+2","Aero","Apotheosis+1","Flametongue+1","Cursed_Shield+1","Falchion+1","Slow+1","Ultima+1","AbeCurse","Magus_Robe+1","Enhancer+1","Enhancer+1","Esuna+","Gaia_Gear+1","Icebrand+1","Thousand_Needles+1","Doubt","Shell+1","Mirage_Vest+1","Pot Of Greed+1","Pot Of Greed+1","Pot Of Greed+1","Remember+1","Might+1","Thunder_P+2","Pot Of Greed+1","Blood_Hilt+1","Water+2","ReplayTheSpireMod:Faulty Equipment+1"],"relics":["Pendant","SacredBark","Cursed Key","jedi:shrinkray","Dead Branch","Golden Idol","jedi:arcanewood","Abe\u0027s Treasure","BargainBundle","StoneCalendar","theForsaken:HumbleEgg","Guard_Bracelet","Peace Pipe","Replay:Rubber Ducky","Grinning Jar","Runic Pyramid","Lee\u0027s Waffle","Gem_Box","Question Card","ReplayTheSpireMod:CursedCoin","Guide Book"],"acts_visited":["Exordium","TheCity","TheBeyond"],"potions_floor_usage":[12,14,16,22,25,30,44,46,49,50,50,50,50],"damage_taken":[{"damage":22,"enemies":"2 Louse","floor":1,"turns":3},{"damage":33,"enemies":"Jaw Worm","floor":3,"turns":9},{"damage":49,"enemies":"Gremlin Nob","floor":6,"turns":6},{"damage":6,"enemies":"Small Slimes","floor":10,"turns":3},{"damage":1,"enemies":"Exordium Wildlife","floor":12,"turns":2},{"damage":27,"enemies":"Gremlin Gang","floor":14,"turns":6},{"damage":40,"enemies":"The Guardian","floor":16,"turns":9},{"damage":14,"enemies":"Spheric Guardian","floor":18,"turns":4},{"damage":4,"enemies":"Chosen","floor":20,"turns":4},{"damage":27,"enemies":"Shelled Parasite and Fungi","floor":22,"turns":3},{"damage":11,"enemies":"Book of Stabbing","floor":25,"turns":5},{"damage":32,"enemies":"Centurion and Healer","floor":27,"turns":6},{"damage":13,"enemies":"Snecko","floor":28,"turns":6},{"damage":8,"enemies":"Slavers","floor":30,"turns":4},{"damage":33,"enemies":"Champ","floor":33,"turns":12},{"damage":30,"enemies":"Orb Walker","floor":35,"turns":7},{"damage":34,"enemies":"3 Shapes","floor":38,"turns":6},{"damage":29,"enemies":"Jaw Worm Horde","floor":41,"turns":5},{"damage":0,"enemies":"4 Shapes","floor":44,"turns":1},{"damage":0,"enemies":"Sphere and 2 Shapes","floor":46,"turns":1},{"damage":65,"enemies":"Donu and Deca","floor":50,"turns":10}],"seed_played":"-3672075566892339492","potions_obtained":[{"floor":6,"key":"FearPotion"},{"floor":10,"key":"Explosive Potion"},{"floor":14,"key":"FearPotion"},{"floor":16,"key":"SneckoOil"},{"floor":20,"key":"ColorlessPotion"},{"floor":22,"key":"ColorlessPotion"},{"floor":33,"key":"SmokeBomb"},{"floor":38,"key":"EntropicBrew"}],"is_trial":false,"path_per_floor":["M","?","M","$","?","E","?","R","T","M","R","M","R","M","R","B",null,"M","$","M","$","M","R","?","E","T","M","M","R","E","R","R","B",null,"M","R","?","M","$","R","M","?","T","M","$","M","R","?","R","B",null],"character_chosen":"MAGITEKELITE","items_purchased":["Aero","jedi:shrinkray","Enhancer","PowerPotion","BargainBundle","StoneCalendar","PowerPotion","Gaia_Gear","theForsaken:HumbleEgg","Lee\u0027s Waffle","Water","ReplayTheSpireMod:CursedCoin","Guide Book"],"campfire_rested":8,"item_purchase_floors":[4,4,19,19,21,21,21,21,21,39,39,45,45],"current_hp_per_floor":[41,41,14,14,14,4,4,22,22,16,34,33,51,30,48,14,51,37,37,39,39,14,32,32,39,39,16,9,27,28,46,63,30,55,54,54,54,51,70,70,47,47,47,47,47,47,47,47,47,18],"gold":34,"neow_bonus":"DOUBLE_BOSS_RELIC","is_daily":false,"chose_seed":false,"campfire_upgraded":3,"win_rate":0.0,"timestamp":1610006354,"path_taken":["M","?","M","$","?","E","?","R","T","M","R","?","R","M","R","BOSS","M","$","M","$","M","R","?","E","T","M","M","R","E","?","R","BOSS","M","?","?","M","$","R","M","?","T","?","?","?","R","?","R","BOSS"],"items_purchased_type":["Card","Relic","Card","Potion","Relic","Relic","Potion","Card","Relic","Relic","Card","Relic","Relic"],"build_version":"2020-12-22","purchased_purges":4,"victory":true,"max_hp_per_floor":[63,63,63,63,63,63,63,63,63,63,63,63,63,63,63,63,63,63,63,63,63,63,63,63,63,63,63,63,63,63,63,63,63,63,63,63,63,63,70,70,70,53,53,53,53,53,53,53,53,53],"relic_stats":{"Peace Pipe":1,"Lee\u0027s Waffle":49,"counters":[48,234],"Golden Idol":138,"Dead Branch":[79],"StoneCalendar":[144],"Cursed Key":3,"Question Card":0,"obtain_stats":[{"jedi:angrymask":25,"Mark of the Bloom":48,"Singing Bowl":14,"SacredBark":0,"Vajra":0,"Mango":6,"StoneCalendar":21,"jedi:command_boss":42,"Cursed Key":17,"jedi:shrinkray":4,"Replay:Rubber Ducky":26,"theForsaken:HumbleEgg":21,"Gambling Chip":0,"Chemical X":13,"InkBottle":12,"Runic Pyramid":34,"BargainBundle":21,"Lee\u0027s Waffle":39,"Ring of Hypnosis":13,"Golden Idol":2,"ReplayTheSpireMod:CursedCoin":45,"Dead Branch":6,"Guide Book":45,"Replay:Kaleidoscope":3,"Question Card":43,"Peace Pipe":25,"jedi:kaleidoscope":27,"ReplayTheSpireMod:Shallot":9,"Pendant":0,"Ornamental Fan":26,"Ring of Misfortune":13,"Snecko Eye":17,"Orrery":0,"Art of War":6,"Coffee Dripper":0,"Membership Card":13,"Gem_Box":42,"Grinning Jar":9,"Guard_Bracelet":24,"jedi:arcanewood":9,"Abe\u0027s Treasure":17},{"jedi:angrymask":15,"Mark of the Bloom":47,"Singing Bowl":11,"SacredBark":27,"Vajra":18,"Mango":8,"StoneCalendar":36,"jedi:command_boss":45,"Cursed Key":25,"jedi:shrinkray":29,"Replay:Rubber Ducky":38,"theForsaken:HumbleEgg":36,"Gambling Chip":18,"Chemical X":11,"InkBottle":11,"Runic Pyramid":42,"BargainBundle":36,"Lee\u0027s Waffle":44,"Ring of Hypnosis":23,"Golden Idol":1,"ReplayTheSpireMod:CursedCoin":46,"Dead Branch":30,"Guide Book":46,"Replay:Kaleidoscope":1,"Question Card":45,"Peace Pipe":38,"jedi:kaleidoscope":15,"ReplayTheSpireMod:Shallot":9,"Pendant":0,"Ornamental Fan":15,"Ring of Misfortune":23,"Snecko Eye":12,"Orrery":18,"Art of War":3,"Coffee Dripper":27,"Membership Card":11,"Gem_Box":45,"Grinning Jar":21,"Guard_Bracelet":37,"jedi:arcanewood":30,"Abe\u0027s Treasure":34},{"jedi:angrymask":76,"Mark of the Bloom":224,"Singing Bowl":53,"SacredBark":122,"Vajra":85,"Mango":37,"StoneCalendar":168,"jedi:command_boss":222,"Cursed Key":118,"jedi:shrinkray":134,"Replay:Rubber Ducky":176,"theForsaken:HumbleEgg":168,"Gambling Chip":85,"Chemical X":53,"InkBottle":53,"Runic Pyramid":204,"BargainBundle":168,"Lee\u0027s Waffle":217,"Ring of Hypnosis":103,"Golden Idol":1,"ReplayTheSpireMod:CursedCoin":223,"Dead Branch":140,"Guide Book":223,"Replay:Kaleidoscope":1,"Question Card":222,"Peace Pipe":176,"jedi:kaleidoscope":76,"ReplayTheSpireMod:Shallot":44,"Pendant":0,"Ornamental Fan":76,"Ring of Misfortune":103,"Snecko Eye":63,"Orrery":85,"Art of War":12,"Coffee Dripper":122,"Membership Card":53,"Gem_Box":222,"Grinning Jar":98,"Guard_Bracelet":171,"jedi:arcanewood":140,"Abe\u0027s Treasure":160}]},"card_choices":[{"not_picked":["Water","Transpose2"],"picked":"Icebrand","floor":1},{"not_picked":["Falchion","Gladius"],"picked":"Blizzard_P","floor":3},{"not_picked":["Blizzard_P","Quake"],"picked":"Flametongue","floor":6},{"not_picked":["Flare","Heavy_Shield"],"picked":"Cursed_Shield","floor":10},{"not_picked":["Esuna","Dispel"],"picked":"Falchion","floor":12},{"not_picked":["Barrier","Gaia_Gear"],"picked":"Slow","floor":14},{"not_picked":["Drain","Quick"],"picked":"Ultima","floor":16},{"not_picked":["Mythril_Knife","Poisona"],"picked":"Magus_Robe+1","floor":18},{"not_picked":["Circlet","Crystal_Sword+1"],"picked":"Esuna","floor":20},{"not_picked":["Gaia_Gear+1","Tornado"],"picked":"Icebrand+1","floor":22},{"not_picked":["Blood_Hilt","Throw+1"],"picked":"Thousand_Needles","floor":25},{"not_picked":["Aero","Crystal_Sword+1"],"picked":"Shell","floor":27},{"not_picked":["Meteor+1","Gaia_Gear+1"],"picked":"Mirage_Vest+1","floor":28},{"not_picked":["Cursed_Shield+1","Quake+1"],"picked":"Remember","floor":30},{"not_picked":["Thousand_Needles","Mama"],"picked":"Might","floor":33},{"not_picked":["Falchion+1","Man_Eater+1"],"picked":"Thunder_P","floor":35},{"not_picked":["Focus+1","Slow+1"],"picked":"Blood_Hilt+1","floor":38},{"not_picked":["Gladius+1","Cursed_Shield+1","Meltdown"],"picked":"SKIP","floor":41}],"player_experience":1664879,"relics_obtained":[{"floor":6,"key":"Dead Branch"},{"floor":9,"key":"jedi:arcanewood"},{"floor":25,"key":"Peace Pipe"},{"floor":26,"key":"Replay:Rubber Ducky"},{"floor":30,"key":"Grinning Jar"},{"floor":43,"key":"Question Card"}],"event_choices":[{"damage_healed":0,"gold_gain":175,"player_choice":"AGREE","damage_taken":114,"max_hp_gain":0,"max_hp_loss":0,"event_name":"betterThird:BetterSerpent","floor":2,"gold_loss":0},{"damage_healed":14,"gold_gain":0,"player_choice":"Embrace Burn","damage_taken":0,"max_hp_gain":0,"max_hp_loss":63,"event_name":"betterThird:BetterShining","floor":5,"gold_loss":0},{"damage_healed":0,"gold_gain":0,"player_choice":"Take Wound","damage_taken":0,"relics_obtained":["Golden Idol"],"max_hp_gain":0,"max_hp_loss":0,"event_name":"Golden Idol","floor":7,"gold_loss":0,"cards_obtained":["Injury"]},{"damage_healed":0,"gold_gain":0,"player_choice":"Gave Potion","damage_taken":0,"relics_obtained":["Guard_Bracelet"],"max_hp_gain":0,"max_hp_loss":0,"event_name":"WeMeetAgain","floor":24,"gold_loss":0},{"damage_healed":0,"gold_gain":0,"player_choice":"Upgrade","damage_taken":0,"relics_obtained":["Mark of the Bloom"],"max_hp_gain":0,"max_hp_loss":0,"event_name":"MindBloom","floor":48,"gold_loss":0,"cards_upgraded":["Strike_L","Strike_L","Strike_L","Strike_L","Defend_L","Defend_L","Defend_L","Defend_L","Defend_L","Fire2","Cure","Icebrand","Blizzard_P","Aero","Flametongue","Cursed_Shield","Falchion","Slow","Ultima","Enhancer","Enhancer","Esuna","Gaia_Gear","Shell","Pot Of Greed","Pot Of Greed","Pot Of Greed","Pot Of Greed","ReplayTheSpireMod:Faulty Equipment"]}],"is_beta":false,"boss_relics":[{"not_picked":["energizedSpire:StickyHand","energizedSpire:EnergizedDie"],"picked":"Abe\u0027s Treasure"},{"not_picked":["energizedSpire:MagnifyingGlass","Tiny House"],"picked":"Runic Pyramid"}],"items_purged_floors":[4,19,39,45],"is_endless":false,"potions_floor_spawned":[6,10,14,16,20,22,33,38,41,46],"ascension_level":9}}