{"host":"ifrtxrfi0kt9ye6r","time":1610030609,"event":{"mods":["100% Spire Juice","Act Like it!","BaseMod","BetterRewards","Downfall","Gensokyo","Hubris","Infinite Spire","Koishi","Marisa£¨Ùöéë¡¡Øª×âÞÞ£©","Minty Spire (QoL Compilation)","Replay The Spire","StSLib","The Animator"],"gold_per_floor":[116,116,116,132,4,33,33,33,33,33,65,65,76,93,93,192,192,211,211,211,211,225,225,70,103,103,103,103],"floor_reached":27,"playtime":2357,"items_purged":["Clumsy"],"score":257,"play_id":"e7efdb67-50ae-4403-8053-13005d6543b4","local_time":"20210107234329","is_ascension_mode":true,"campfire_choices":[{"data":"Koishi:PhantomStrike","floor":7,"key":"SMITH"},{"floor":10,"key":"REST"},{"floor":12,"key":"RECALL"},{"floor":23,"key":"REST"}],"circlet_count":0,"master_deck":["Koishi:BasicStrike","Koishi:BasicStrike","Koishi:BasicStrike","Koishi:BasicStrike","Koishi:BasicDefend","Koishi:BasicDefend","Koishi:BasicDefend","Koishi:BasicDefend","Koishi:Provoke","Koishi:FleetingPhantom","Koishi:PhantomStrike+1","Koishi:SpiritedAway","Koishi:HeartfeltFancy","Injury","Koishi:Untouchable+1","Koishi:VengefulSpirit","Koishi:Possession","Koishi:Vanish+1","Koishi:PerfectMindControl+1","Koishi:UnansweredLove","infinitespire:Collect","Koishi:UnansweredLove","Koishi:ApparitionsStalkTheNight+1"],"relics":["Koishi:ImaginaryFriend","Happy Flower","Gensokyo:NagashiBinaDoll","infinitespire:PuzzleCube","hubris:SlimyHat","hubris:64BitClover","Replay:WaspNest","Black Star","Gensokyo:DayTheSeaSplit","hubris:KleinBottle","Gensokyo:SongOfSouls","Guide Book","Shovel","Ancient Tea Set","Frozen Eye"],"acts_visited":["Gensokyo:Gensokyo","Gensokyo:Gensokyoer"],"potions_floor_usage":[16,25],"damage_taken":[{"damage":0,"enemies":"Gensokyo:2_Kodama","floor":1,"turns":4},{"damage":2,"enemies":"Gensokyo:3_Fairies","floor":4,"turns":6},{"damage":30,"enemies":"Gensokyo:Cirno","floor":6,"turns":7},{"damage":19,"enemies":"Gensokyo:Aya","floor":11,"turns":8},{"damage":0,"enemies":"Gensokyo:Gryphon","floor":13,"turns":4},{"damage":6,"enemies":"Gensokyo:5_Fairies","floor":14,"turns":5},{"damage":14,"enemies":"Gensokyo:Yukari","floor":16,"turns":14},{"damage":8,"enemies":"Gensokyo:CosmicMonolith","floor":18,"turns":4},{"damage":23,"enemies":"Gensokyo:AngelMirror","floor":22,"turns":6},{"damage":16,"enemies":"Gensokyo:Reisen","floor":25,"turns":8},{"damage":18,"enemies":"Gensokyo:Koishi","floor":27,"turns":4}],"seed_played":"-2102330591956963117","potions_obtained":[{"floor":11,"key":"Venom Potion"},{"floor":22,"key":"Energy Potion"}],"is_trial":false,"path_per_floor":["M","?","?","M","$","E","R","?","T","R","E","R","M","M","R","B",null,"M","?","$","?","M","R","COS","E","T","E"],"character_chosen":"KOISHI","items_purchased":["Koishi:SpiritedAway","hubris:KleinBottle"],"campfire_rested":2,"item_purchase_floors":[5,20],"current_hp_per_floor":[60,60,60,58,58,28,28,28,28,46,27,27,27,21,21,7,60,52,52,33,33,10,28,28,12,12,0,0],"gold":103,"neow_bonus":"","is_daily":false,"chose_seed":false,"campfire_upgraded":1,"win_rate":0.0,"timestamp":1610030609,"path_taken":["M","?","?","M","?","E","R","?","T","R","E","R","M","M","R","BOSS","M","?","?","?","?","R","COS","E","T","E"],"items_purchased_type":["Card","Relic"],"build_version":"2020-12-22","purchased_purges":1,"victory":false,"max_hp_per_floor":[60,60,60,60,60,60,60,60,60,60,60,60,60,60,60,60,60,60,60,60,60,60,60,60,60,60,60,60],"card_choices":[{"not_picked":["Koishi:ParalyzingFear","Koishi:Bloodlust"],"picked":"Koishi:FleetingPhantom","floor":1},{"not_picked":["Koishi:StingingMind","Koishi:ImGoingToCallYouNow"],"picked":"Koishi:PhantomStrike","floor":4},{"not_picked":["Koishi:RacingHeart","Koishi:Whimsy"],"picked":"Koishi:HeartfeltFancy","floor":6},{"not_picked":["Koishi:PredatoryInstincts","Koishi:PhantomBarrier"],"picked":"Koishi:Untouchable","floor":11},{"not_picked":["Koishi:TremblingHands","Koishi:DanmakuParanoia"],"picked":"Koishi:VengefulSpirit","floor":13},{"not_picked":["Koishi:HeartfeltFancy","Koishi:YoukaiPolygraph"],"picked":"Koishi:Possession","floor":14},{"not_picked":["Koishi:MindStellarRelief","Koishi:RuptureMind"],"picked":"Koishi:PerfectMindControl","floor":16},{"not_picked":["Koishi:ReflexRadar","Koishi:RacingHeart"],"picked":"Koishi:UnansweredLove","floor":18},{"not_picked":["infinitespire:Punishment","ReplayTheSpireMod:Haul"],"picked":"infinitespire:Collect","floor":20},{"not_picked":["Koishi:YoukaiPolygraph","Koishi:StingingMind"],"picked":"Koishi:UnansweredLove","floor":22},{"not_picked":["Koishi:HeartfeltFancy+1","Koishi:ReleaseOfTheId+1"],"picked":"Koishi:ApparitionsStalkTheNight+1","floor":25}],"player_experience":269541,"relics_obtained":[{"floor":6,"key":"infinitespire:PuzzleCube"},{"floor":9,"key":"hubris:64BitClover"},{"floor":11,"key":"Replay:WaspNest"},{"floor":25,"key":"Shovel"},{"floor":25,"key":"Ancient Tea Set"}],"event_choices":[],"is_beta":false,"boss_relics":[{"not_picked":["ReplayTheSpireMod:DimensionalGlitch","Kintsugi"],"picked":"Black Star"}],"items_purged_floors":[5],"is_endless":false,"potions_floor_spawned":[11,22],"killed_by":"Gensokyo:Koishi","ascension_level":2}}