{"host":"8h3glbk9j4k4ylc4","time":1610051544,"event":{"mods":["AchievementEnabler","Act Like it!","BaseMod","Colored Map","Colored Powertips","Downfall","Energized Spire","Gensokyo","Hallownest","Hermit","Hubris","Infinite Spire","Jorbs\u0027s Wanderer Trilogy","Lobotomy","Marisa????????","Minty Spire (QoL Compilation)","Replay The Spire","Somnambulant","StSLib","The Animator","The Bug Knight","The Judge"],"gold_per_floor":[111,111,184,203,47,80,80,80,128,128,147,147,165,185,185,284,284,302,7,7,26,26,26],"floor_reached":22,"playtime":1559,"items_purged":[],"score":184,"play_id":"972ecc6c-f6d5-4a80-a164-5c9561d5468e","local_time":"20210107223224","is_ascension_mode":false,"campfire_choices":[{"floor":8,"key":"REST"},{"floor":10,"key":"REST"},{"data":"animator:HigakiRinne","floor":12,"key":"SMITH"},{"data":"animator:Shuna","floor":15,"key":"SMITH"}],"circlet_count":0,"master_deck":["animator:Strike_MadokaMagica","animator:Defend_MadokaMagica","animator:Strike","animator:Strike","animator:Strike","animator:Defend","animator:Defend","animator:Defend","animator:IrohaTamaki","animator:YuiTsuruno","animator:HigakiRinne+1","animator:OrikoMikuni","animator:Darkness","animator:NagisaMomoe","animator:Shuna+1","animator:Jibril"],"relics":["animator:LivingPicture","animator:TheMissingPiece","animator:PurgingStone","Blood Vial","Bag of Preparation","Darkstone Periapt","hubris:Icosahedron","Regal Pillow","SacredBark","infinitespire:ShieldingShard"],"acts_visited":["Exordium","TheCity"],"potions_floor_usage":[16,21,22,22],"damage_taken":[{"damage":6,"enemies":"Jaw Worm","floor":1,"turns":5},{"damage":0,"enemies":"2 Louse","floor":4,"turns":2},{"damage":41,"enemies":"HollowMod:MossKnight","floor":6,"turns":19},{"damage":0,"enemies":"Small Slimes","floor":11,"turns":5},{"damage":2,"enemies":"Exordium Wildlife","floor":13,"turns":3},{"damage":17,"enemies":"Exordium Thugs","floor":14,"turns":4},{"damage":14,"enemies":"Hexaghost","floor":16,"turns":10},{"damage":0,"enemies":"Spheric Guardian","floor":18,"turns":4},{"damage":38,"enemies":"Chosen and Byrds","floor":21,"turns":9},{"damage":12,"enemies":"Centurion and Healer","floor":22,"turns":2}],"seed_played":"-3407345916498284994","potions_obtained":[{"floor":3,"key":"Regen Potion"},{"floor":3,"key":"sneckomod:MuddlingPotion"},{"floor":11,"key":"Dexterity Potion"},{"floor":14,"key":"Explosive Potion"},{"floor":16,"key":"LiquidMemories"},{"floor":21,"key":"Languid Potion"}],"is_trial":false,"path_per_floor":["M","?","?","M","$","E","?","R","T","R","M","R","M","M","R","B",null,"M","$","?","M","M"],"character_chosen":"THE_ANIMATOR","items_purchased":["Bag of Preparation","infinitespire:ShieldingShard","animator:Jibril"],"campfire_rested":2,"item_purchase_floors":[5,19,19],"current_hp_per_floor":[60,60,44,46,46,7,7,26,26,60,63,63,63,48,48,36,67,67,67,67,29,19,19],"gold":26,"neow_bonus":"ONE_RANDOM_RARE_CARD","is_daily":false,"chose_seed":false,"campfire_upgraded":2,"win_rate":0.0,"timestamp":1610051544,"path_taken":["M","?","?","M","$","E","?","R","T","R","M","R","M","M","R","BOSS","M","$","?","M","M"],"items_purchased_type":["Relic","Relic","Card"],"build_version":"2020-12-22","purchased_purges":0,"victory":false,"max_hp_per_floor":[66,66,66,66,66,66,66,66,66,66,67,67,67,67,67,67,67,67,67,67,67,67,67],"card_choices":[{"not_picked":["animator:ChaikaBohdan","animator:GazelDwargon","animator:CowGirl"],"picked":"SKIP","floor":1},{"not_picked":["animator:DolaRiku","animator:WinryRockbell"],"picked":"animator:OrikoMikuni","floor":3},{"not_picked":["animator:ElricAlphonse","animator:Viivi"],"picked":"animator:Darkness","floor":4},{"not_picked":["animator:Greed","animator:AcuraAkari","animator:Scar"],"picked":"SKIP","floor":6},{"not_picked":["animator:YuiTsuruno","animator:OrikoMikuni"],"picked":"animator:NagisaMomoe","floor":11},{"not_picked":["animator:Priestess","animator:Viivi","animator:IrohaTamaki"],"picked":"SKIP","floor":13},{"not_picked":["animator:Entoma","animator:IrohaTamaki"],"picked":"animator:Shuna","floor":14},{"not_picked":["animator:Mitsurugi","animator:Viivi","animator:Witch"],"picked":"SKIP","floor":18}],"player_experience":366170,"relics_obtained":[{"floor":3,"key":"Blood Vial"},{"floor":6,"key":"Darkstone Periapt"},{"floor":9,"key":"Regal Pillow"}],"event_choices":[],"is_beta":false,"boss_relics":[{"not_picked":["energizedSpire:StickyHand","Replay:Wanted Poster"],"picked":"SacredBark"}],"items_purged_floors":[],"is_endless":false,"potions_floor_spawned":[11,14,16,21],"killed_by":"Centurion and Healer","ascension_level":0}}