{"host":"65bhxfoqsqjg61le","time":1610038634,"event":{"mods":["2.2 Compatiblity","AchievementEnabler","BaseMod","Better Third Choice","Colored Map","Colored Powertips","Conspire","Curses Come First","DeckTracker","Downfall","Energized Spire","Evolution","GifTheSpireLib","Googly Eyes","Hubris","Infinite Spire","Minty Spire (QoL Compilation)","Quick Restart","RRrroohrrRGHHhhh!!","Random Character Button","Rare Cards Sparkle","Replay The Spire","Shade Mod","StSLib","Stuff the Spire","The IronCluck","The Jungle","Wandering Minibosses","egg","everything is the same but u backflip on backflip","slay the spire mod where everything is the same but ironclad has a cowboy hat","thorton"],"gold_per_floor":[117,69,69,83,83,116,116,142,168,168,196,209,62,0,0,96,96,108,108,122,122,122,122,122],"floor_reached":23,"playtime":761,"items_purged":[],"score":336,"play_id":"aeb2778f-8664-4fdd-9935-13a85a70618e","local_time":"20210107115714","is_ascension_mode":true,"campfire_choices":[{"data":"Bash","floor":7,"key":"SMITH"},{"floor":10,"key":"REST"},{"data":"Twin Strike","floor":15,"key":"SMITH"}],"circlet_count":0,"master_deck":["StuffTheSpire:Incineration","StuffTheSpire:Incineration","Defend_R","Defend_R","Defend_R","Defend_R","Bash+1","Cleave","Flex+1","Twin Strike+1","Enlightenment","Berserk","Thunderclap"],"relics":["Burning Blood","EVO:Axolotl","StuffTheSpire:Gunfinga","StuffTheSpire:Barrel","Oddly Smooth Stone","Replay:Bottled Steam","rorgmod:Ceramic Fish","thethorton:BottledFunds","theJungle:SpiritDisease","theJungle:WildMango"],"acts_visited":["Exordium","Exordium"],"potions_floor_usage":[11,16,16,20,23],"damage_taken":[{"damage":7,"enemies":"Small Slimes","floor":1,"turns":3},{"damage":0,"enemies":"Cultist","floor":4,"turns":2},{"damage":34,"enemies":"Replay:BlueRogue","floor":6,"turns":4},{"damage":25,"enemies":"3 Sentries","floor":8,"turns":4},{"damage":0,"enemies":"Gremlin Nob","floor":11,"turns":2},{"damage":7,"enemies":"conspire:RoseBush","floor":12,"turns":2},{"damage":30,"enemies":"Slime Boss","floor":16,"turns":6},{"damage":65,"enemies":"theJungle:Flameango_and_Byrd","floor":18,"turns":8},{"damage":9,"enemies":"theJungle:GiantWrat","floor":20,"turns":4},{"damage":32,"enemies":"Nightmare","floor":23,"turns":4}],"seed_played":"7155882121108040095","potions_obtained":[{"floor":3,"key":"Doom Potion"},{"floor":3,"key":"Cursed Concoction"},{"floor":3,"key":"Reflective Coating"},{"floor":6,"key":"DuplicationPotion"},{"floor":12,"key":"Milkshake"},{"floor":20,"key":"SteroidPotion"}],"is_trial":false,"path_per_floor":["M","$","?","M","?","E","R","E","T","R","E","M","$","?","R","B",null,"M","?","M","?","?","NM"],"character_chosen":"IRONCLAD","items_purchased":["Flex","rorgmod:Ceramic Fish"],"campfire_rested":1,"item_purchase_floors":[2,13],"current_hp_per_floor":[71,71,71,77,77,49,49,30,30,54,60,59,59,65,65,49,77,18,18,15,15,29,0,0],"gold":122,"neow_bonus":"RANDOM_COMMON_RELIC","is_daily":false,"chose_seed":false,"campfire_upgraded":2,"win_rate":0.0,"timestamp":1610038634,"path_taken":["M","$","?","?","?","E","R","E","T","R","E","M","$","?","R","BOSS","M","?","M","?","?","NM"],"items_purchased_type":["Card","Relic"],"build_version":"2020-12-22","purchased_purges":0,"victory":false,"max_hp_per_floor":[80,80,80,80,80,80,80,80,80,80,80,80,80,86,86,86,86,86,86,86,86,100,100,100],"card_choices":[{"not_picked":["Headbutt","Wild Strike"],"picked":"Cleave","floor":1},{"not_picked":["StuffTheSpire:Pyroclast","Wild Strike","Rampage"],"picked":"SKIP","floor":4},{"not_picked":["Cleave","Hemokinesis","Blood for Blood"],"picked":"SKIP","floor":6},{"not_picked":["Sword Boomerang","Shrug It Off"],"picked":"Twin Strike","floor":8},{"not_picked":["ReplayTheSpireMod:Strike From Hell","Iron Wave","Perfected Strike"],"picked":"SKIP","floor":11},{"not_picked":["Rupture","StuffTheSpire:Slingshot","Cleave"],"picked":"SKIP","floor":12},{"not_picked":["Demonic Infusion","conspire:Purge"],"picked":"Berserk","floor":16},{"not_picked":["Havoc","Anger+1"],"picked":"Thunderclap","floor":18},{"not_picked":["Bloodletting+1","ReplayTheSpireMod:LeadingStrike+1","Disarm"],"picked":"SKIP","floor":20}],"player_experience":1084306,"relics_obtained":[{"floor":6,"key":"StuffTheSpire:Barrel"},{"floor":8,"key":"Oddly Smooth Stone"},{"floor":11,"key":"Replay:Bottled Steam"}],"event_choices":[{"damage_healed":0,"gold_gain":0,"player_choice":"Got Potions","damage_taken":0,"max_hp_gain":0,"max_hp_loss":0,"event_name":"Lab","floor":3,"gold_loss":0},{"damage_healed":0,"gold_gain":0,"player_choice":"Grow","damage_taken":0,"max_hp_gain":0,"max_hp_loss":0,"event_name":"Living Wall","floor":5,"gold_loss":0,"cards_upgraded":["Flex"]},{"damage_healed":0,"gold_gain":0,"player_choice":"RENOUNCE","damage_taken":62,"max_hp_gain":0,"max_hp_loss":0,"event_name":"betterThird:BetterSerpent","floor":14,"gold_loss":62,"cards_obtained":["Enlightenment"]},{"damage_healed":0,"gold_gain":0,"player_choice":"Leave","damage_taken":0,"max_hp_gain":0,"max_hp_loss":0,"event_name":"conspire:Investor","floor":21,"gold_loss":0}],"is_beta":false,"boss_relics":[{"not_picked":["Ectoplasm","energizedSpire:CursedPentagram"],"picked":"thethorton:BottledFunds"}],"items_purged_floors":[],"is_endless":false,"potions_floor_spawned":[6,8,12,20],"killed_by":"Nightmare","ascension_level":7}}