{"host":"svwqvw2il1zfkkg0","time":1610002800,"event":{"mods":["AchievementEnabler","BaseMod","BetterRewards","Colored Map","Colored Powertips","Custom Start","Downfall","GifTheSpireLib","Highlight Path","Hubris","Infinite Spire","Minty Spire (QoL Compilation)","Quick Restart","Replay The Spire","Shop Mod","StSLib","SuperFastMode"],"gold_per_floor":[117,117,130,146,159,159,177,177,177,195,223,223,223,323,323,426,426,440,457,467,83,103,103,133,232,256,269,269,294,294,307,307,408,408,420,431,13,13,25,25,0,35,62,62,62,62,73,87,87,87],"floor_reached":51,"playtime":1785,"items_purged":[],"score":724,"play_id":"372fdf8d-025e-4bf5-9673-a11779206a4c","local_time":"20210106230000","is_ascension_mode":false,"campfire_choices":[{"data":"Dagger Throw","floor":6,"key":"SMITH"},{"data":"Venomology","floor":8,"key":"SMITH"},{"floor":13,"key":"REST"},{"floor":15,"key":"REST"},{"data":"Glass Knife","floor":23,"key":"SMITH"},{"floor":28,"key":"REST"},{"data":"Blade Dance","floor":30,"key":"SMITH"},{"floor":32,"key":"REST"},{"data":"Blade Dance","floor":40,"key":"SMITH"},{"floor":44,"key":"REST"},{"floor":49,"key":"REST"}],"circlet_count":0,"master_deck":["Bullet Time+1","Strike_G","Strike_G","Strike_G","Strike_G","Strike_G","Defend_G","Defend_G","Defend_G","Defend_G","Defend_G","Survivor","Neutralize","Dagger Throw","Slice","Outmaneuver","Dagger Throw+1","Venomology+1","PiercingWail","Glass Knife+1","Glass Knife+1","Endless Agony","Dagger Throw+1","Flying Knee","Blade Dance+1","Poisoned Stab","Blade Dance+1","Blade Dance+1","Quick Slash+1","Poisoned Stab+1","Masterful Stab","Accuracy"],"relics":["Ring of the Snake","PreservedInsect","Orichalcum","Chameleon Ring","hubris:HollowSoul","Ancient Tea Set","Iron Hammer","ReplayFunnel","Bronze Scales","Strawberry","SlaversCollar","Boot","Red Mask","hubris:Metronome","Omamori","Peace Pipe","HoveringKite"],"acts_visited":["Exordium","TheCity","TheBeyond"],"potions_floor_usage":[16,16,16,16,18,18,22,22,24,27,27,33,36,36,37,39,42,42,48,50,50],"damage_taken":[{"damage":2,"enemies":"2 Louse","floor":1,"turns":4},{"damage":0,"enemies":"Jaw Worm","floor":3,"turns":3},{"damage":0,"enemies":"Small Slimes","floor":4,"turns":3},{"damage":0,"enemies":"Gremlin Gang","floor":5,"turns":6},{"damage":4,"enemies":"Red Slaver","floor":7,"turns":3},{"damage":3,"enemies":"Lots of Slimes","floor":10,"turns":4},{"damage":22,"enemies":"Lagavulin","floor":11,"turns":6},{"damage":13,"enemies":"Hexaghost","floor":16,"turns":11},{"damage":0,"enemies":"Shell Parasite","floor":18,"turns":4},{"damage":0,"enemies":"Spheric Guardian","floor":19,"turns":1},{"damage":21,"enemies":"Snecko","floor":20,"turns":5},{"damage":0,"enemies":"Centurion and Healer","floor":22,"turns":2},{"damage":13,"enemies":"Gremlin Leader","floor":24,"turns":4},{"damage":8,"enemies":"Shelled Parasite and Fungi","floor":27,"turns":3},{"damage":15,"enemies":"Snake Plant","floor":31,"turns":3},{"damage":57,"enemies":"Automaton","floor":33,"turns":10},{"damage":0,"enemies":"3 Shapes","floor":35,"turns":3},{"damage":9,"enemies":"3 Darklings","floor":36,"turns":6},{"damage":12,"enemies":"Jaw Worm Horde","floor":39,"turns":2},{"damage":32,"enemies":"Giant Head","floor":42,"turns":7},{"damage":10,"enemies":"4 Shapes","floor":47,"turns":3},{"damage":0,"enemies":"Writhing Mass","floor":48,"turns":5},{"damage":84,"enemies":"hubris:GrandSnecko","floor":50,"turns":12}],"seed_played":"631746180926928665","potions_obtained":[{"floor":1,"key":"LifebloodPotion"},{"floor":5,"key":"SteroidPotion"},{"floor":16,"key":"LifebloodPotion"},{"floor":18,"key":"sneckomod:MuddlingPotion"},{"floor":20,"key":"Reflective Coating"},{"floor":35,"key":"ColorlessPotion"},{"floor":42,"key":"Regen Potion"},{"floor":48,"key":"Energy Potion"}],"is_trial":false,"path_per_floor":["M","?","M","M","M","R","M","R","T","M","E","?","R","?","R","B",null,"M","M","M","$","M","R","E","?","T","M","R","T","R","M","R","B",null,"M","M","$","?","M","R","?","E","T","R","AVR","?","M","M","R","B",null],"character_chosen":"THE_SILENT","items_purchased":["Ancient Tea Set","Iron Hammer","Boot","Fruit Juice","Masterful Stab","Dexterity Potion","Dexterity Potion"],"campfire_rested":6,"item_purchase_floors":[21,21,37,37,37,37,37],"current_hp_per_floor":[75,50,50,50,50,50,46,46,46,43,21,21,44,44,67,54,77,77,77,56,56,56,56,43,43,43,35,58,65,65,50,75,18,84,84,75,82,82,70,70,70,38,38,65,65,65,55,55,82,26],"gold":87,"neow_bonus":"TEN_PERCENT_HP_BONUS","is_daily":false,"chose_seed":false,"campfire_upgraded":5,"win_rate":0.0,"timestamp":1610002800,"path_taken":["M","?","M","M","M","R","M","R","T","M","E","?","R","?","R","BOSS","M","?","M","?","M","R","E","?","T","M","R","?","R","M","R","BOSS","M","M","$","?","M","R","?","E","T","R","AVR","?","M","M","R","BOSS"],"items_purchased_type":["Relic","Relic","Relic","Potion","Card","Potion","Potion"],"build_version":"2020-12-22","purchased_purges":0,"victory":true,"max_hp_per_floor":[77,77,77,77,77,77,77,77,77,77,77,77,77,77,77,77,77,77,77,77,77,77,77,77,77,77,77,77,84,84,84,84,84,84,84,84,91,91,91,91,91,91,91,91,91,91,91,91,91,91],"card_choices":[{"not_picked":["Hidden Blade","Terror"],"picked":"Dagger Throw","floor":1},{"not_picked":["Deadly Poison","Endless Agony"],"picked":"Slice","floor":3},{"not_picked":["Grand Finale","Outmaneuver","Deadly Poison"],"picked":"SKIP","floor":4},{"not_picked":["Grand Finale","Deadly Poison"],"picked":"Outmaneuver","floor":4},{"not_picked":["ReplayTheSpireMod:Exploit Weakness","Acrobatics"],"picked":"Dagger Throw","floor":5},{"not_picked":["Hidden Blade","ReplayTheSpireMod:Shiv Toss"],"picked":"Venomology","floor":7},{"not_picked":["Backflip","ReplayTheSpireMod:Exploit Weakness"],"picked":"PiercingWail","floor":10},{"not_picked":["Sucker Punch","Dagger Throw"],"picked":"Glass Knife","floor":11},{"not_picked":["Envenom","Unload"],"picked":"Glass Knife","floor":16},{"not_picked":["hubris:Sniper","Sucker Punch"],"picked":"Endless Agony","floor":18},{"not_picked":["Prepared+1","Poison Darts"],"picked":"Dagger Throw+1","floor":19},{"not_picked":["Acrobatics","Backflip"],"picked":"Flying Knee","floor":20},{"not_picked":["Wraith Form v2","Finisher+1"],"picked":"Blade Dance","floor":22},{"not_picked":["Dodge and Roll","Dagger Throw"],"picked":"Poisoned Stab","floor":24},{"not_picked":["Deflect","Terror+1"],"picked":"Blade Dance","floor":27},{"not_picked":["Flying Knee","Toxin Wave"],"picked":"Blade Dance","floor":31},{"not_picked":["Escape Plan","Concentrate"],"picked":"Quick Slash+1","floor":35},{"not_picked":["Underhanded Strike+1","Dagger Throw+1"],"picked":"Poisoned Stab+1","floor":36},{"not_picked":["Hidden Blade+1","Replay:Poison Smokescreen+1","Outmaneuver+1"],"picked":"SKIP","floor":39},{"not_picked":["Cloak And Dagger+1","Draining Mist"],"picked":"Accuracy","floor":42},{"not_picked":["Dodge and Roll+1","Outmaneuver+1","Flying Knee"],"picked":"SKIP","floor":47},{"not_picked":["Toxin Wave","Deadly Poison+1","Poisoned Stab"],"picked":"SKIP","floor":48}],"player_experience":460241,"relics_obtained":[{"floor":9,"key":"Orichalcum"},{"floor":11,"key":"Chameleon Ring"},{"floor":24,"key":"ReplayFunnel"},{"floor":26,"key":"Bronze Scales"},{"floor":29,"key":"Strawberry"},{"floor":42,"key":"hubris:Metronome"},{"floor":43,"key":"Omamori"}],"event_choices":[{"damage_healed":0,"gold_gain":0,"player_choice":"Success","damage_taken":25,"relics_obtained":["PreservedInsect"],"max_hp_gain":0,"max_hp_loss":0,"event_name":"Scrap Ooze","floor":2,"gold_loss":0},{"damage_healed":0,"gold_gain":0,"player_choice":"Grow","damage_taken":0,"max_hp_gain":0,"max_hp_loss":0,"event_name":"Living Wall","floor":12,"gold_loss":0,"cards_upgraded":["Glass Knife"]},{"damage_healed":0,"gold_gain":100,"player_choice":"Gold","damage_taken":0,"max_hp_gain":0,"max_hp_loss":0,"event_name":"Wheel of Change","floor":14,"gold_loss":0},{"damage_healed":0,"gold_gain":99,"player_choice":"Stole From Cult","damage_taken":0,"max_hp_gain":0,"max_hp_loss":0,"event_name":"Nest","floor":25,"gold_loss":0},{"damage_healed":0,"gold_gain":0,"player_choice":"Paid","damage_taken":0,"relics_obtained":["Red Mask"],"max_hp_gain":0,"max_hp_loss":0,"event_name":"Tomb of Lord Red Mask","floor":41,"gold_loss":25}],"is_beta":false,"boss_relics":[{"not_picked":["Sozu","Ring of Chaos"],"picked":"hubris:HollowSoul"},{"not_picked":["Empty Cage","infinitespire:Cupcake"],"picked":"SlaversCollar"}],"items_purged_floors":[],"is_endless":false,"potions_floor_spawned":[1,5,10,16,18,20,35,42,48],"ascension_level":0}}