{"host":"5f3w3xqo483bhjcu","time":1610017442,"event":{"mods":["Act Like it!","BaseMod","Koishi","Marisa£®ÏF”Í°°ƒß¿Ì…≥£©","Minty Spire (QoL Compilation)","Reimu£®≤©¿ˆ¡È√Œ£©","Remilia£®¿Ÿ√◊¿Ú—«£©","StSLib","Waifu the Spire","WarShipGirlsR/’ΩΩ¢…Ÿ≈ÆR mod","Yakumo Yukari mod","Youmu£®ªÍ∆«—˝√Œ£©","Yuyuko","°æ“≈ŒÔø®≈∆°øREMEMod"],"gold_per_floor":[117,117,42,56,56,56,66,66,66,95,95,109,109,9,9,107,107,126,1,20,20,20,20,35,52,52,52,52,52],"floor_reached":28,"playtime":1041,"items_purged":["Strike_MRS","Strike_MRS","CollectingQuirk"],"score":216,"play_id":"01fe51f2-a3ec-4d04-a398-db1b0f0c08c0","local_time":"20210107190402","is_ascension_mode":false,"campfire_choices":[{"data":"OrrerysSun","floor":6.0,"key":"SMITH"},{"data":"BlazeAway","floor":13,"key":"SMITH"},{"data":"MasterSpark","floor":15,"key":"SMITH"},{"data":"1","floor":23,"key":"LIFT"},{"data":"StarDustReverie","floor":27,"key":"SMITH"}],"circlet_count":0,"master_deck":["Strike_MRS","Strike_MRS","Strike_MRS","Defend_MRS","Defend_MRS","Defend_MRS","MasterSpark+1","UpSweep","GrandCross","OrrerysSun+1","SuperNova","BlazeAway+1","StarDustReverie+1","StarlightTyphoon"],"relics":["MiniHakkero","REME_ComplimentaryCards","SproutingBranch","Mummified Hand","Girya","Velvet Choker","Smiling Mask"],"acts_visited":["Exordium","TheCity"],"potions_floor_usage":[16],"damage_taken":[{"damage":0.0,"enemies":"Small Slimes","floor":1.0,"turns":3.0},{"damage":0.0,"enemies":"Cultist","floor":4.0,"turns":2.0},{"damage":1.0,"enemies":"2 Louse","floor":7.0,"turns":3.0},{"damage":31,"enemies":"Lagavulin","floor":10,"turns":7},{"damage":11,"enemies":"Lots of Slimes","floor":12,"turns":4},{"damage":44,"enemies":"The Guardian","floor":16,"turns":11},{"damage":13,"enemies":"3 Byrds","floor":18,"turns":8},{"damage":20,"enemies":"Chosen","floor":20,"turns":6},{"damage":43,"enemies":"Shelled Parasite and Fungi","floor":24,"turns":5},{"damage":16,"enemies":"Cultist and Chosen","floor":25,"turns":5},{"damage":0,"enemies":"Colosseum Slavers","floor":28,"turns":1}],"seed_played":"3227747232703611471","potions_obtained":[{"floor":1.0,"key":"Weak Potion"},{"floor":12,"key":"Strength Potion"},{"floor":25,"key":"Fire Potion"}],"is_trial":false,"path_per_floor":["M","?","$","M","?","R","M","?","T","E","$","M","R","$","R","B",null,"M","$","M","?","$","R","M","M","T","R","?"],"character_chosen":"MARISA","items_purchased":[],"campfire_rested":0,"item_purchase_floors":[],"current_hp_per_floor":[75,75,75,75,75,75,74,67,67,45,45,46,46,46,46,17,75,72,72,58,58,58,58,29,27,27,27,27,27],"gold":52,"neow_bonus":"ONE_RANDOM_RARE_CARD","is_daily":false,"chose_seed":false,"campfire_upgraded":4,"win_rate":0.0,"timestamp":1610017442,"path_taken":["M","?","?","M","?","R","?","?","T","E","$","M","R","$","R","BOSS","M","$","M","?","$","R","?","M","T","R","?"],"items_purchased_type":[],"build_version":"2020-12-22","purchased_purges":3,"victory":false,"max_hp_per_floor":[75,75,75,75,75,75,75,75,75,75,75,75,75,75,75,75,75,75,75,75,75,75,75,75,75,75,75,75,75],"card_choices":[{"not_picked":["PowerUp","SporeBomb"],"picked":"GrandCross","floor":1.0},{"not_picked":["ShootingEcho","EventHorizon"],"picked":"OrrerysSun","floor":4.0},{"not_picked":["WitchLeyline","UnstableBomb"],"picked":"SuperNova","floor":7.0},{"not_picked":["OpenUniverse","DragonMeteor"],"picked":"BlazeAway","floor":10},{"not_picked":["AsteroidBelt","GalacticHalo","DarkSpark"],"picked":"SKIP","floor":12},{"not_picked":["MaximisePower","FinalSpark"],"picked":"StarDustReverie","floor":16},{"not_picked":["NonDirectionalLaser","IllusionStar","LuminesStrike+1"],"picked":"SKIP","floor":18},{"not_picked":["OneTimeOff","MachineGunSpark","DC"],"picked":"SKIP","floor":20},{"not_picked":["ShootingEcho","MagicChant","ChargingUp+1"],"picked":"SKIP","floor":24},{"not_picked":["SporeBomb","NonDirectionalLaser","BlazeAway"],"picked":"SKIP","floor":25}],"player_experience":374456,"relics_obtained":[{"floor":9.0,"key":"Mummified Hand"},{"floor":10,"key":"Girya"},{"floor":26,"key":"Smiling Mask"}],"event_choices":[{"damage_healed":0.0,"max_hp_gain":0.0,"max_hp_loss":0.0,"gold_gain":0.0,"event_name":"NoteForYourself","player_choice":"Ignored","floor":5.0,"gold_loss":0.0,"damage_taken":0.0},{"damage_healed":0.0,"max_hp_gain":0.0,"max_hp_loss":0.0,"gold_gain":0.0,"event_name":"Scrap Ooze","player_choice":"Success","floor":8.0,"gold_loss":0.0,"damage_taken":7.0,"relics_obtained":["SproutingBranch"]},{"damage_healed":0,"gold_gain":0,"cards_transformed":["Defend_MRS"],"player_choice":"Transformed","damage_taken":0,"max_hp_gain":0,"max_hp_loss":0,"event_name":"Transmorgrifier","floor":21,"gold_loss":0,"cards_obtained":["StarlightTyphoon"]},{"damage_healed":0,"gold_gain":0,"player_choice":"Fight","damage_taken":0,"max_hp_gain":0,"max_hp_loss":0,"event_name":"Colosseum","floor":28,"gold_loss":0}],"is_beta":false,"boss_relics":[{"not_picked":["Runic Dome","RampagingMagicTools"],"picked":"Velvet Choker"}],"items_purged_floors":[3,14,19],"is_endless":false,"potions_floor_spawned":[1,12,25],"killed_by":"Colosseum Slavers","ascension_level":0}}