{"host":"wj90f2q0h2omert0","time":1610053660,"event":{"mods":["BaseMod","Beaked The Cultist","Better Third Choice","ChefMod","Clawfect","Colored Map","DeckTracker","Downfall","Hubris","JesterMod","Minty Spire (QoL Compilation)","Relic Stats","Robot Space Explorer","Shade Mod","StSLib","The Blackbeard","The Caster","The Dragon Tamer","The Druid"],"gold_per_floor":[116,116,291,69,69,103,103,103,126,126,148,148,197,230,230,364,364,356,38,63,63,63,63,63,63],"floor_reached":24,"playtime":889,"items_purged":["Doubt"],"score":225,"play_id":"88f1ab60-d38a-4d8d-a7c5-ba28974291d4","local_time":"20210107160740","is_ascension_mode":false,"campfire_choices":[{"data":"caster:EchoingVoice","floor":10,"key":"SMITH"},{"data":"caster:SpontaneousCombustion","floor":12,"key":"SMITH"},{"floor":15,"key":"REST"},{"floor":23,"key":"REST"}],"circlet_count":0,"master_deck":["caster:Meteor","caster:DivertFocus","caster:strike","caster:strike","caster:strike","caster:strike","caster:defend","caster:defend","caster:defend","caster:defend","caster:defend","caster:SpontaneousCombustion+1","caster:MeteorStorm+1","caster:EchoingVoice+1","caster:Fireball","caster:Fira+1","caster:MagicWeapon","caster:MeteorStorm","caster:MeteorStorm","caster:Ifrit","caster:MagicBarrier","caster:ShivasGrace","caster:Susanoo"],"relics":["caster:MagicBook","NeowsBlessing","Golden Idol","Thread and Needle","CeramicFish","jesterMod:MachoBrace","hubris:PeanutButter","hubris:Icosahedron","Nloth\u0027s Gift"],"acts_visited":["Exordium","TheCity"],"potions_floor_usage":[],"damage_taken":[{"damage":0,"enemies":"Small Slimes","floor":1,"turns":1},{"damage":0,"enemies":"Lagavulin","floor":6,"turns":1},{"damage":0,"enemies":"Jaw Worm","floor":11,"turns":1},{"damage":13,"enemies":"3 Sentries","floor":13,"turns":8},{"damage":0,"enemies":"2 Louse","floor":14,"turns":4},{"damage":44,"enemies":"Slime Boss","floor":16,"turns":8},{"damage":27,"enemies":"2 Thieves","floor":18,"turns":4},{"damage":1,"enemies":"Shell Parasite","floor":20,"turns":7},{"damage":48,"enemies":"Slavers","floor":24,"turns":3}],"seed_played":"-7566116029811778334","potions_obtained":[{"floor":6,"key":"Strength Potion"},{"floor":11,"key":"SpeedPotion"}],"is_trial":false,"path_per_floor":["M","?","?","$","?","E","?","?","T","R","M","R","E","M","R","B",null,"M","$","M","?","?","R","E"],"character_chosen":"THE_CASTER","items_purchased":["caster:MeteorStorm","caster:EchoingVoice","hubris:PeanutButter","caster:ShivasGrace"],"campfire_rested":2,"item_purchase_floors":[4,4,19,19],"current_hp_per_floor":[64,59,59,59,59,59,59,59,59,59,59,59,46,46,59,15,59,32,32,31,31,31,48,0,0],"gold":63,"neow_bonus":"THREE_ENEMY_KILL","is_daily":false,"chose_seed":false,"campfire_upgraded":2,"win_rate":0.0,"timestamp":1610053660,"path_taken":["M","?","?","$","?","E","?","?","T","R","M","R","E","M","R","BOSS","M","$","M","?","?","R","E"],"items_purchased_type":["Card","Card","Relic","Card"],"build_version":"2020-12-22","purchased_purges":1,"victory":false,"max_hp_per_floor":[64,59,59,59,59,59,59,59,59,59,59,59,59,59,59,59,59,59,59,59,59,59,59,59,59],"relic_stats":{"counters":[9,37],"Golden Idol":54,"CeramicFish":63,"Nloth\u0027s Gift":0,"obtain_stats":[{"beaked:ShinyBauble":13,"hubris:Icosahedron":21,"NeowsBlessing":0,"Golden Idol":2,"jesterMod:MachoBrace":17,"CeramicFish":9,"Thread and Needle":6,"hubris:PeanutButter":19,"Nloth\u0027s Gift":22,"caster:MagicBook":0},{"beaked:ShinyBauble":4,"hubris:Icosahedron":8,"NeowsBlessing":0,"Golden Idol":1,"jesterMod:MachoBrace":6,"CeramicFish":2,"Thread and Needle":2,"hubris:PeanutButter":7,"Nloth\u0027s Gift":8,"caster:MagicBook":0},{"beaked:ShinyBauble":11,"hubris:Icosahedron":34,"NeowsBlessing":0,"Golden Idol":1,"jesterMod:MachoBrace":23,"CeramicFish":2,"Thread and Needle":2,"hubris:PeanutButter":27,"Nloth\u0027s Gift":34,"caster:MagicBook":0}]},"card_choices":[{"not_picked":["caster:GlacialShield","caster:Fireball"],"picked":"caster:SpontaneousCombustion","floor":1},{"not_picked":["caster:FireWall","caster:WallOfSwords"],"picked":"caster:Fireball","floor":6},{"not_picked":["caster:FrigidBeam","caster:AlternatingCurrent"],"picked":"caster:MagicWeapon","floor":11},{"not_picked":["caster:Accumulation","caster:Eruption"],"picked":"caster:MeteorStorm","floor":13},{"not_picked":["caster:LightningBolt","caster:Unearth"],"picked":"caster:MeteorStorm","floor":14},{"not_picked":["caster:LordOfVermillion","caster:Susanoo"],"picked":"caster:Ifrit","floor":16},{"not_picked":["caster:FireWall","caster:FlashFrost+1"],"picked":"caster:MagicBarrier","floor":18},{"not_picked":["caster:LAZER+1","caster:Charge"],"picked":"caster:Susanoo","floor":20}],"player_experience":686882,"relics_obtained":[{"floor":6,"key":"Thread and Needle"},{"floor":9,"key":"CeramicFish"},{"floor":13,"key":"beaked:ShinyBauble"}],"event_choices":[{"damage_healed":0,"gold_gain":0,"player_choice":"Lose Max HP","damage_taken":0,"relics_obtained":["Golden Idol"],"max_hp_gain":0,"max_hp_loss":5,"event_name":"Golden Idol","floor":2,"gold_loss":0},{"damage_healed":0,"gold_gain":175,"player_choice":"AGREE","damage_taken":116,"max_hp_gain":0,"max_hp_loss":0,"event_name":"betterThird:BetterSerpent","floor":3,"gold_loss":0},{"damage_healed":0,"gold_gain":0,"player_choice":"Grow","damage_taken":0,"max_hp_gain":0,"max_hp_loss":0,"event_name":"Living Wall","floor":5,"gold_loss":0,"cards_upgraded":["caster:MeteorStorm"]},{"cards_removed":["Iron Wave"],"damage_healed":0,"gold_gain":0,"player_choice":"Took Card","damage_taken":0,"max_hp_gain":0,"max_hp_loss":0,"event_name":"NoteForYourself","floor":7,"gold_loss":0,"cards_obtained":["Iron Wave"]},{"damage_healed":0,"gold_gain":0,"player_choice":"Traded Relic","damage_taken":0,"relics_obtained":["Nloth\u0027s Gift"],"max_hp_gain":0,"max_hp_loss":0,"event_name":"N\u0027loth","floor":22,"relics_lost":["beaked:ShinyBauble"],"gold_loss":0}],"is_beta":false,"boss_relics":[{"not_picked":["Pandora\u0027s Box","hubris:TerracottaHorce"],"picked":"jesterMod:MachoBrace"}],"items_purged_floors":[4],"is_endless":false,"potions_floor_spawned":[6,11],"killed_by":"Slavers","ascension_level":0}}