{"host":"ig7tc0uedzltt2sr","time":1610004785,"event":{"mods":["BaseMod","Better Twitch Integration","Block Reminder","Colored Map","Colored Powertips","Communication Mod","Current Relic Mod","GifTheSpireLib","HexUI Lib","Minty Spire (QoL Compilation)","Quick Restart","Random Character Button","Rare Cards Sparkle","Relic Sorter","Relic Stats","Slay the Relics Exporter","StSLib","SuperFastMode","Synergy Search","Twitch Decklist","Twitch Utils","everything is the same but u backflip on backflip","slay the spire mod where everything is the same but ironclad has a cowboy hat"],"gold_per_floor":[112,132,132,14,33,33,3,23,23,23,33,48,48,48],"floor_reached":13,"playtime":94,"items_purged":[],"score":77,"play_id":"89964c6b-648e-4af8-b438-f9d5436df786","local_time":"20210106233305","is_ascension_mode":false,"campfire_choices":[{"floor":6,"key":"RECALL"},{"data":"Defend_R","floor":10,"key":"SMITH"}],"circlet_count":0,"master_deck":["Strike_R","Strike_R","Strike_R","Strike_R","Strike_R","Defend_R+1","Defend_R","Defend_R","Bash","Anger","Warcry","Twin Strike","Dropkick","Fiend Fire","Shockwave","Hemokinesis","Battle Trance"],"relics":["Burning Blood","Eternal Feather","Akabeko"],"acts_visited":["Exordium"],"potions_floor_usage":[],"damage_taken":[{"damage":62,"enemies":"Cultist","floor":1,"turns":10},{"damage":1,"enemies":"Jaw Worm","floor":2,"turns":4},{"damage":0,"enemies":"2 Louse","floor":5,"turns":3},{"damage":10,"enemies":"Looter","floor":7,"turns":4},{"damage":9,"enemies":"Blue Slaver","floor":8,"turns":3},{"damage":9,"enemies":"2 Fungi Beasts","floor":11,"turns":3},{"damage":20,"enemies":"Exordium Wildlife","floor":12,"turns":4},{"damage":39,"enemies":"3 Sentries","floor":13,"turns":4}],"seed_played":"6815699245069225316","potions_obtained":[{"floor":8,"key":"GamblersBrew"},{"floor":12,"key":"ColorlessPotion"}],"is_trial":false,"path_per_floor":["M","M","?","?","M","R","M","M","T","R","M","M","E"],"character_chosen":"IRONCLAD","items_purchased":[],"campfire_rested":0,"item_purchase_floors":[],"current_hp_per_floor":[32,37,37,37,43,49,45,42,42,51,48,34,0,0],"gold":48,"neow_bonus":"TEN_PERCENT_HP_BONUS","is_daily":false,"chose_seed":false,"campfire_upgraded":1,"win_rate":0.0,"timestamp":1610004785,"path_taken":["M","?","?","?","M","R","M","M","T","R","?","?","E"],"items_purchased_type":[],"build_version":"2020-12-22","purchased_purges":0,"victory":false,"max_hp_per_floor":[88,88,88,88,88,88,88,88,88,88,88,88,88,88],"relic_stats":{"counters":[8,35],"Eternal Feather":15,"obtain_stats":[{"Eternal Feather":4,"Burning Blood":0,"Akabeko":9},{"Eternal Feather":2,"Burning Blood":0,"Akabeko":5},{"Eternal Feather":14,"Burning Blood":0,"Akabeko":24}],"Burning Blood":42},"card_choices":[{"not_picked":["Pommel Strike","Power Through"],"picked":"Anger","floor":1},{"not_picked":["Feel No Pain","Burning Pact"],"picked":"Warcry","floor":2},{"not_picked":["Shockwave","Thunderclap"],"picked":"Dropkick","floor":5},{"not_picked":["Sword Boomerang","Rupture"],"picked":"Fiend Fire","floor":7},{"not_picked":["Headbutt","Sword Boomerang"],"picked":"Shockwave","floor":8},{"not_picked":["True Grit","Body Slam"],"picked":"Hemokinesis","floor":11},{"not_picked":["True Grit","Anger"],"picked":"Battle Trance","floor":12}],"player_experience":1453567,"relics_obtained":[{"floor":9,"key":"Akabeko"}],"event_choices":[{"damage_healed":0,"gold_gain":0,"cards_transformed":["Defend_R"],"player_choice":"Change","damage_taken":0,"max_hp_gain":0,"max_hp_loss":0,"event_name":"Living Wall","floor":3,"gold_loss":0,"cards_obtained":["Twin Strike"]},{"damage_healed":0,"gold_gain":0,"player_choice":"Paid Gold","damage_taken":0,"relics_obtained":["Eternal Feather"],"max_hp_gain":0,"max_hp_loss":0,"event_name":"WeMeetAgain","floor":4,"gold_loss":118}],"is_beta":false,"boss_relics":[],"items_purged_floors":[],"is_endless":false,"potions_floor_spawned":[8,12],"killed_by":"3 Sentries","ascension_level":0}}