{"host":"sqgvx7mullq7izts","time":1610062376,"event":{"mods":["AchievementEnabler","AlwaysNeverKeys","Aspiration","Bard","BaseMod","Better Altar","Better Match","Better Note","Better Sensory Stone","Better Skull","Better Third Choice","Better Vampires","BetterRewards","Block Reminder","Colored Map","Conspire","Curses Come First","Custom Start","Defuse TimeMaze Blight","Disable Question Mark Monsters","Downfall","Energized Spire","GifTheSpireLib","Gold Saver","Halation","Hermit","Hubris","Infinite Spire","Jedi Mod","Jorbs\u0027s Wanderer Trilogy","Minty Spire (QoL Compilation)","Permanent Neow","Quick Restart","Relic Filter","Remove Card Discount Mod","Replay The Spire","Reworked Bosses","Shade Mod","Shop Mod","Spicy Shops","Spikes Relics","StSLib","Stuff the Spire","The Bug Knight","The Construct","The Disciple","The Hierophant","The Judge","The Sage","The Spell Scribe","The Wild Card","TheVacant","Transform Curses","Uncapped","Unceasing Turn Reminder","UnlockEverythingMod","Wandering Minibosses"],"gold_per_floor":[119,119,135,150,150,150,184,184,184,184,53,82,82,82,82,182,182,202,221,221,232,176,32,64,81,81,98,98,111,127,145,145,241,241,261,277,293,306,322,322,322,322],"floor_reached":41,"playtime":2234,"items_purged":["Parasite","Regret","construct:AttackMode"],"score":502,"play_id":"2c9b9fc0-6728-4fcc-aa67-6ccac8a929fd","local_time":"20210107163256","is_ascension_mode":false,"campfire_choices":[{"data":"construct:DefenseMode","floor":6,"key":"SMITH"},{"data":"construct:Reserves","floor":8,"key":"SMITH"},{"data":"construct:Autoturret","floor":13,"key":"SMITH"},{"data":"construct:FlameCore","floor":15,"key":"SMITH"},{"data":"construct:Accumulate+1","floor":28,"key":"SMITH"},{"floor":32,"key":"REST"},{"data":"construct:LongRangeLance","floor":40,"key":"SMITH"}],"circlet_count":1,"master_deck":["construct:Strike_Gold","construct:Strike_Gold","construct:Strike_Gold","construct:Strike_Gold","construct:Strike_Gold","construct:Defend_Gold","construct:Defend_Gold","construct:Defend_Gold","construct:Defend_Gold","construct:Defend_Gold","construct:DefenseMode+1","Good Instincts","construct:Boost","construct:LaserCore+2","construct:Forcefield","construct:Reserves+1","construct:Autoturret+1","construct:MetalShell","construct:FlameCore+1","construct:LongRangeLance+1","construct:FlameCore+1","construct:ShiftGuard","construct:Accumulate+2","construct:Anticipate","construct:Zapper","construct:Hazardproof","construct:BatteryAcid","construct:SpinDrive","construct:SyphonStrike","construct:Versatility","construct:Backfire","construct:SaveState+1","construct:Autoturret+1","construct:ScrapCannon+1","Parasite"],"relics":["construct:ClockworkPhoenix","StuffTheSpire:RedRose","infinitespire:PuzzleCube","infinitespire:Joker Card","MiniBlackHole","hubris:VirtuousBlindfold","Counterbalance","Circlet","energizedSpire:StickyHand"],"acts_visited":["Exordium","TheCity","TheBeyond"],"potions_floor_usage":[12,19,25,25,41,41],"damage_taken":[{"damage":0,"enemies":"Small Slimes","floor":1,"turns":6},{"damage":5,"enemies":"2 Louse","floor":3,"turns":4},{"damage":3,"enemies":"Cultist","floor":4,"turns":3},{"damage":9,"enemies":"3 Sentries","floor":7,"turns":10},{"damage":26,"enemies":"Gremlin Nob","floor":12,"turns":7},{"damage":15,"enemies":"Slime Boss","floor":16,"turns":11},{"damage":0,"enemies":"conspire:FuzzyDice","floor":18,"turns":8},{"damage":15,"enemies":"Snecko","floor":19,"turns":7},{"damage":0,"enemies":"Sentry and Sphere","floor":21,"turns":7},{"damage":3,"enemies":"Replay:Snechameleon","floor":24,"turns":4},{"damage":18,"enemies":"Snake Plant","floor":25,"turns":5},{"damage":0,"enemies":"Centurion and Healer","floor":27,"turns":9},{"damage":0,"enemies":"Shelled Parasite and Fungi","floor":29,"turns":6},{"damage":52,"enemies":"conspire:HollyBat","floor":30,"turns":7},{"damage":1,"enemies":"Cultist and Chosen","floor":31,"turns":5},{"damage":0,"enemies":"bossMod:newChamp","floor":33,"turns":10},{"damage":19,"enemies":"3 Shapes","floor":35,"turns":6},{"damage":28,"enemies":"3 Darklings","floor":36,"turns":5},{"damage":4,"enemies":"Spire Growth","floor":37,"turns":7},{"damage":26,"enemies":"Writhing Mass","floor":38,"turns":5},{"damage":3,"enemies":"3 Darklings","floor":39,"turns":7},{"damage":13,"enemies":"Nightmare","floor":41,"turns":2}],"seed_played":"-157694247864395172","potions_obtained":[{"floor":3,"key":"AttackPotion"},{"floor":16,"key":"sneckomod:MuddlingPotion"},{"floor":19,"key":"ColorlessPotion"},{"floor":21,"key":"ColorlessPotion"},{"floor":29,"key":"CultistPotion"},{"floor":30,"key":"Adrenaline Potion"},{"floor":31,"key":"Explosive Potion"},{"floor":38,"key":"PowerPotion"}],"is_trial":false,"path_per_floor":["M","?","M","M","?","R","E","R","T","?","$","E","R","$","R","B",null,"M","M","?","M","?","$","E","M","T","M","R","M","M","M","R","B",null,"M","M","M","M","M","R","NM"],"character_chosen":"THE_CONSTRUCT_MOD","items_purchased":["construct:Autoturret","construct:MetalShell","Counterbalance"],"campfire_rested":1,"item_purchase_floors":[11,11,23],"current_hp_per_floor":[85,85,80,77,77,77,68,68,68,85,82,56,56,56,56,41,82,82,67,67,67,82,82,79,61,61,61,61,61,9,8,32,32,82,63,35,31,5,2,2,0,0],"gold":322,"neow_bonus":"RANDOM_COLORLESS","is_daily":false,"chose_seed":false,"campfire_upgraded":6,"win_rate":0.0,"timestamp":1610062376,"path_taken":["M","?","M","?","?","R","E","R","T","?","?","E","R","$","R","BOSS","M","M","?","M","?","?","E","M","T","M","R","?","M","M","R","BOSS","M","M","M","M","M","R","NM"],"items_purchased_type":["Card","Card","Relic"],"build_version":"2020-12-22","purchased_purges":3,"victory":false,"max_hp_per_floor":[85,85,85,85,85,85,85,85,85,85,82,82,82,82,82,82,82,82,82,82,82,82,82,82,82,82,82,82,82,82,82,82,82,82,82,82,82,82,82,82,82,82],"card_choices":[{"not_picked":["Enlightenment","PlatinumSkin"],"picked":"Good Instincts","floor":0},{"not_picked":["construct:VentSteam","construct:FocusedBeam"],"picked":"construct:Boost","floor":1},{"not_picked":["construct:ClusterMines","construct:SweepLaser","construct:FierceBash"],"picked":"SKIP","floor":3},{"not_picked":["construct:QuickAttack","construct:ClusterMines"],"picked":"construct:Forcefield","floor":4},{"not_picked":["construct:Stasis","construct:FierceBash"],"picked":"construct:Reserves","floor":7},{"not_picked":["construct:Impenetrable","construct:HastyRepair"],"picked":"construct:FlameCore","floor":12},{"not_picked":["construct:GoldenBullet","construct:ShieldGenerator"],"picked":"construct:LongRangeLance","floor":16},{"not_picked":["construct:FocusedBeam","construct:SweepLaser+1"],"picked":"construct:FlameCore+1","floor":18},{"not_picked":["construct:Impenetrable","construct:SuppressiveFire"],"picked":"construct:ShiftGuard","floor":19},{"not_picked":["construct:FierceBash","construct:Analyze+1"],"picked":"construct:Accumulate+1","floor":21},{"not_picked":["construct:Overcharge","construct:VentSteam"],"picked":"construct:Anticipate","floor":24},{"not_picked":["construct:ChargeShot","construct:SweepLaser","construct:VentSteam"],"picked":"SKIP","floor":25},{"not_picked":["construct:PowerUp+1","construct:PointDefense"],"picked":"construct:Zapper","floor":27},{"not_picked":["construct:SaveState","construct:SweepLaser","construct:UnbalancingBlast"],"picked":"SKIP","floor":29},{"not_picked":["construct:CriticalHit","construct:ClusterMines+1"],"picked":"construct:Hazardproof","floor":30},{"not_picked":["construct:Backfire+1","construct:ModeShift"],"picked":"construct:BatteryAcid","floor":31},{"not_picked":["construct:GoldenBullet","construct:PanicFire"],"picked":"construct:SpinDrive","floor":33},{"not_picked":["construct:SyphonStrike","construct:Backfire"],"picked":"construct:Versatility","floor":35},{"not_picked":["construct:Hazardproof","construct:FocusedBeam","construct:PanicFire"],"picked":"SKIP","floor":36},{"not_picked":["construct:SaveState+1","construct:ScrapCannon+1"],"picked":"construct:Autoturret+1","floor":37},{"not_picked":["construct:SweepLaser+1","construct:Autoturret","construct:FierceBash"],"picked":"SKIP","floor":38},{"not_picked":["construct:Versatility","construct:VentSteam","construct:HeavyBolt+1"],"picked":"SKIP","floor":39}],"player_experience":246343,"relics_obtained":[{"floor":7,"key":"infinitespire:PuzzleCube"},{"floor":9,"key":"infinitespire:Joker Card"},{"floor":12,"key":"MiniBlackHole"},{"floor":26,"key":"Circlet"}],"event_choices":[{"damage_healed":0,"gold_gain":1,"player_choice":"4","damage_taken":0,"max_hp_gain":0,"max_hp_loss":0,"event_name":"betterStone:BetterStone","floor":2,"gold_loss":0,"cards_obtained":["construct:LaserCore"]},{"damage_healed":21,"gold_gain":0,"player_choice":"Healed and dodged fight","damage_taken":0,"max_hp_gain":0,"max_hp_loss":0,"event_name":"Mushrooms","floor":10,"gold_loss":0,"cards_obtained":["Parasite"]},{"cards_removed":["construct:LaserCore"],"damage_healed":0,"gold_gain":0,"player_choice":"Give","damage_taken":0,"max_hp_gain":0,"max_hp_loss":0,"event_name":"betterNote:BetterNote","floor":20,"gold_loss":0,"cards_obtained":["None"]}],"is_beta":false,"boss_relics":[{"not_picked":["Busted Crown","Coffee Dripper"],"picked":"hubris:VirtuousBlindfold"},{"not_picked":["energizedSpire:MagnifyingGlass","halation:PlatinumPhoenix"],"picked":"energizedSpire:StickyHand"}],"items_purged_floors":[11,11,11],"is_endless":false,"potions_floor_spawned":[3,7,16,19,21,24,29,30,31,38,39],"killed_by":"Nightmare","ascension_level":0}}