{"host":"3f0vam0iwem5oe9k","time":1610054216,"event":{"mods":["BaseMod","Downfall","Hermit","Highlight Path","Hubris","Infinite Spire","Minty Spire (QoL Compilation)","Replay The Spire","StSLib","The Construct","The Cursed","The Disciple","The Hierophant","The Necromancer","The Runesmith","The Servant 0.9.4"],"gold_per_floor":[115,115,133,145,145,171,171,191,191,223,235,265,265,282,282,378,378,393,407,407,27,27,27,60,60,140,140,113,137,137,168,168,170,170],"floor_reached":33,"playtime":4390,"items_purged":[],"score":310,"play_id":"60f89d4d-878a-42e9-b7b0-99aa86247844","local_time":"20210107151656","is_ascension_mode":false,"campfire_choices":[{"data":"ReapSow","floor":7,"key":"SMITH"},{"data":"LockedBlood","floor":15,"key":"SMITH"},{"data":"LockedAstrolabe","floor":23,"key":"SMITH"},{"data":"Grave","floor":25,"key":"SMITH"},{"data":"LockedMercury","floor":30,"key":"SMITH"},{"data":"Accruing","floor":32,"key":"SMITH"}],"circlet_count":0,"master_deck":["Strike_Br","Strike_Br","Strike_Br","Strike_Br","Defend_Br","Defend_Br","Defend_Br","Defend_Br","SecondHand","PatternShift","WindUp","SlimeSpray","ReapSow+16","LockedBlood+1","WindUp","ResonantCall","Grave+1","LockedMercury+1","Stagnate","LockedAstrolabe+1","LockedWarPaint","WindUp+1","Doubt","LockedBlood+1","LockedAnchor","WindUp","OverTime","Replay:Bootleg Shield Generator","expansioncontent:LastStand","ReapSow","LockedWhetstone","Accruing+1"],"relics":["Chronometer","Orichalcum?","hubris:Icosahedron","Mummified Hand","Bird Faced Urn","hubris:FunFungus","Runesmith:UraniumAnvil","Replay:Bandana","Happy Flower","DollysMirror","Replay:Baseball","Ornamental Fan"],"acts_visited":["Exordium","TheCity"],"potions_floor_usage":[6,11],"damage_taken":[{"damage":2,"enemies":"2 Louse","floor":1,"turns":4},{"damage":2,"enemies":"Jaw Worm","floor":3,"turns":4},{"damage":1,"enemies":"Small Slimes","floor":4,"turns":3},{"damage":24,"enemies":"3 Sentries","floor":6,"turns":8},{"damage":5,"enemies":"2 Fungi Beasts","floor":8,"turns":3},{"damage":41,"enemies":"Gremlin Nob","floor":10,"turns":5},{"damage":5,"enemies":"Looter","floor":11,"turns":3},{"damage":12,"enemies":"Lagavulin","floor":12,"turns":6},{"damage":1,"enemies":"Large Slime","floor":14,"turns":5},{"damage":21,"enemies":"The Guardian","floor":16,"turns":14},{"damage":12,"enemies":"Chosen","floor":18,"turns":6},{"damage":12,"enemies":"Shell Parasite","floor":19,"turns":7},{"damage":25,"enemies":"Replay:Snechameleon","floor":24,"turns":8},{"damage":25,"enemies":"Centurion and Healer","floor":29,"turns":10},{"damage":34,"enemies":"Snake Plant","floor":31,"turns":5},{"damage":84,"enemies":"Pondfish","floor":33,"turns":12}],"seed_played":"8177142044348973683","potions_obtained":[{"floor":3,"key":"Weak Potion"},{"floor":6,"key":"Swift Potion"},{"floor":10,"key":"FairyPotion"},{"floor":16,"key":"LifebloodPotion"},{"floor":18,"key":"Elixir"}],"is_trial":false,"path_per_floor":["M","?","M","M","?","E","R","M","T","E","M","E","?","M","R","B",null,"M","M","?","$","AVR","R","E","R","T","?","$","M","R","M","R","B"],"character_chosen":"CHRONO_CLASS","items_purchased":["Happy Flower","DollysMirror","LockedAnchor","WindUp","ReapSow"],"campfire_rested":0,"item_purchase_floors":[21,21,21,21,28],"current_hp_per_floor":[69,69,67,66,66,42,42,41,41,6,5,23,44,53,53,46,71,63,70,70,70,70,70,57,57,57,38,38,49,49,47,47,0,0],"gold":170,"neow_bonus":"TEN_PERCENT_HP_BONUS","is_daily":false,"chose_seed":false,"campfire_upgraded":6,"win_rate":0.0,"timestamp":1610054216,"path_taken":["M","?","M","M","?","E","R","M","T","E","M","E","?","M","R","BOSS","M","M","?","?","AVR","R","E","R","T","?","$","?","R","M","R","BOSS"],"items_purchased_type":["Relic","Relic","Card","Card","Card"],"build_version":"2020-12-22","purchased_purges":0,"victory":false,"max_hp_per_floor":[71,71,71,71,71,71,71,71,71,71,71,71,71,71,71,71,71,71,71,71,71,71,71,71,71,71,71,71,71,71,71,71,71,71],"card_choices":[{"not_picked":["BiteCommand","Echoward"],"picked":"WindUp","floor":1},{"not_picked":["HandsUpB","FormalWear"],"picked":"SlimeSpray","floor":3},{"not_picked":["AlternateTimeline","BiteCommand"],"picked":"ReapSow","floor":4},{"not_picked":["FormalWear","LockedMercury"],"picked":"LockedBlood","floor":6},{"not_picked":["LockedCalendar","HandsUpC"],"picked":"WindUp","floor":8},{"not_picked":["PrimeTime","LockedMedicine"],"picked":"Tempo","floor":10},{"not_picked":["HandsUpC","BiteCommand"],"picked":"ResonantCall","floor":11},{"not_picked":["HandsUpC","ShortSighted"],"picked":"LockedMercury","floor":12},{"not_picked":["Tempo","CrunchTime"],"picked":"Stagnate","floor":14},{"not_picked":["RageCommand","Pendulum"],"picked":"LockedAstrolabe","floor":16},{"not_picked":["Echoward+1","WindUp"],"picked":"LockedWarPaint","floor":18},{"not_picked":["LockedMedicine","Accruing"],"picked":"WindUp+1","floor":19},{"not_picked":["HandsUpC+1","BiteCommand"],"picked":"OverTime","floor":24},{"not_picked":["Engulf","Echoward+1"],"picked":"LockedWhetstone","floor":29},{"not_picked":["LockedBlood","HandsUpB"],"picked":"Accruing","floor":31}],"player_experience":574148,"relics_obtained":[{"floor":6,"key":"Mummified Hand"},{"floor":10,"key":"Bird Faced Urn"},{"floor":12,"key":"hubris:FunFungus"},{"floor":24,"key":"Replay:Baseball"},{"floor":26,"key":"Ornamental Fan"}],"event_choices":[{"damage_healed":0,"gold_gain":0,"player_choice":"CARD CARD ","damage_taken":19,"max_hp_gain":0,"max_hp_loss":0,"event_name":"Knowing Skull","floor":27,"potions_obtained":[],"gold_loss":0,"cards_obtained":["Replay:Bootleg Shield Generator","expansioncontent:LastStand"]}],"is_beta":false,"boss_relics":[{"not_picked":["Calling Bell","HangingClock"],"picked":"Runesmith:UraniumAnvil"}],"items_purged_floors":[],"is_endless":false,"potions_floor_spawned":[3,6,10,16,18],"killed_by":"Pondfish","ascension_level":0}}