{"host":"s7l2a3wroivred6i","time":1610063378,"event":{"mods":["AchievementEnabler","BaseMod","Better Altar","Better Match","Better Note","Better Sensory Stone","Better Skull","Better Synergies","Better Third Choice","BetterRewards","Conspire","Downfall","GifTheSpireLib","Hubris","Infinite Spire","Minty Spire (QoL Compilation)","Replay The Spire","Retaliation","StSLib","Stuff the Spire","The Blue Laboratory"],"gold_per_floor":[118,135,154,29,41,69,69,103,182,182,192,192,206,138,138,241,241,251,2,18,18,18,18,18,18],"floor_reached":24,"playtime":1489,"items_purged":["Defend_B","Defend_B"],"score":206,"play_id":"5aaefef1-93b1-4fd4-ac91-3ca623bcfd79","local_time":"20210107184938","is_ascension_mode":false,"campfire_choices":[{"floor":7,"key":"REST"},{"data":"Gash","floor":15,"key":"SMITH"},{"floor":23,"key":"REST"}],"circlet_count":0,"master_deck":["Strike_B","Strike_B","Strike_B","Defend_B","Defend_B","Zap","Dualcast","Gash+1","Go for the Eyes"],"relics":["Cracked Core","NeowsBlessing","Prayer Wheel","Gambling Chip","Mango","Question Card","Membership Card"],"acts_visited":["Exordium","TheCity"],"potions_floor_usage":[6,6,16,16,20,20],"damage_taken":[{"damage":0,"enemies":"Jaw Worm","floor":1,"turns":1},{"damage":0,"enemies":"conspire:RoseBush","floor":2,"turns":1},{"damage":0,"enemies":"Cultist","floor":3,"turns":1},{"damage":11,"enemies":"Blue Slaver","floor":5,"turns":4},{"damage":21,"enemies":"Lagavulin","floor":6,"turns":7},{"damage":25,"enemies":"Replay:BlueRogue","floor":8,"turns":7},{"damage":10,"enemies":"Large Slime","floor":11,"turns":6},{"damage":5,"enemies":"Red Slaver","floor":13,"turns":4},{"damage":56,"enemies":"Fading Forest","floor":16,"turns":11},{"damage":29,"enemies":"conspire:FuzzyDice","floor":18,"turns":9},{"damage":13,"enemies":"3 Byrds","floor":20,"turns":5},{"damage":46,"enemies":"Gremlin Leader","floor":24,"turns":8}],"seed_played":"6105339077324023560","potions_obtained":[{"floor":3,"key":"Swift Potion"},{"floor":6,"key":"BlessingOfTheForge"},{"floor":11,"key":"Toxic Potion"},{"floor":16,"key":"EntropicBrew"}],"is_trial":false,"path_per_floor":["M","M","M","$","M","E","R","E","T","?","M","?","M","$","R","B",null,"M","$","M","$","?","R","E"],"character_chosen":"DEFECT","items_purchased":["AttackPotion","Gash","Go for the Eyes","Membership Card"],"campfire_rested":2,"item_purchase_floors":[4,14,14,19],"current_hp_per_floor":[75,75,75,75,64,43,65,54,54,54,44,44,39,39,39,9,89,60,60,47,47,47,73,27,27],"gold":18,"neow_bonus":"THREE_ENEMY_KILL","is_daily":false,"chose_seed":false,"campfire_upgraded":1,"win_rate":0.0,"timestamp":1610063378,"path_taken":["M","M","M","$","M","E","R","E","T","?","M","?","M","$","R","BOSS","M","$","M","$","?","R","E"],"items_purchased_type":["Potion","Card","Card","Relic"],"build_version":"2020-12-22","purchased_purges":2,"victory":false,"max_hp_per_floor":[75,75,75,75,75,75,75,89,89,89,89,89,89,89,89,89,89,89,89,89,89,89,89,89,89],"card_choices":[{"not_picked":["Undo","Redo","Hologram"],"picked":"SKIP","floor":1},{"not_picked":["Compile Driver","Scrape","Steam"],"picked":"SKIP","floor":2},{"not_picked":["Barrage","Hologram","Cold Snap"],"picked":"SKIP","floor":3},{"not_picked":["Stack","StuffTheSpire:GlassShard"],"picked":"ReplayTheSpireMod:Fabricate Wheel","floor":5},{"not_picked":["Sweeping Beam","ReplayTheSpireMod:Omega Cannon","StuffTheSpire:NuclearReactor"],"picked":"SKIP","floor":6},{"not_picked":["Steam","ReplayGash","Scrape"],"picked":"SKIP","floor":8},{"not_picked":["Ball Lightning","BasicCrystalCard","Stack","Steam"],"picked":"SKIP","floor":11},{"not_picked":["Streamline","Reprogram","Sunder","Hologram"],"picked":"SKIP","floor":11},{"not_picked":["Time Bomb","Turbo","Ball Lightning","StuffTheSpire:Plugnplay"],"picked":"SKIP","floor":13},{"not_picked":["Ball Lightning","Hologram","Fusion","Turbo"],"picked":"SKIP","floor":13},{"not_picked":["Beam Cell","Ball Lightning+1","Redo","StuffTheSpire:LoadUp+1"],"picked":"SKIP","floor":18},{"not_picked":["Redo","Go for the Eyes+1","BasicCrystalCard+1","Streamline+1"],"picked":"SKIP","floor":18},{"not_picked":["Panic Button","Turbo","Ball Lightning+1","Streamline"],"picked":"SKIP","floor":20},{"not_picked":["Steam+1","Auto Shields+1","Cold Snap","Compile Driver+1"],"picked":"SKIP","floor":20}],"player_experience":314372,"relics_obtained":[{"floor":6,"key":"Gambling Chip"},{"floor":8,"key":"Mango"},{"floor":9,"key":"Question Card"}],"event_choices":[{"damage_healed":0,"gold_gain":0,"player_choice":"Disagree","damage_taken":0,"max_hp_gain":0,"max_hp_loss":0,"event_name":"conspire:LoneGhost","floor":10,"gold_loss":0},{"cards_removed":["Strike_B"],"damage_healed":0,"gold_gain":0,"player_choice":"Forget","damage_taken":0,"max_hp_gain":0,"max_hp_loss":0,"event_name":"Living Wall","floor":12,"gold_loss":0},{"cards_removed":["Gash"],"damage_healed":0,"gold_gain":0,"player_choice":"Give","damage_taken":0,"max_hp_gain":0,"max_hp_loss":0,"event_name":"betterNote:BetterNote","floor":22,"gold_loss":0,"cards_obtained":["None"]}],"is_beta":false,"boss_relics":[{"not_picked":["hubris:GrandSneckoEye","Ring of Chaos","Ectoplasm"]}],"items_purged_floors":[4,19],"is_endless":false,"potions_floor_spawned":[3,6,11,16],"killed_by":"Gremlin Leader","ascension_level":0}}