{"host":"bpkhhmvsfrvlto2l","time":1610054286,"event":{"mods":["2.2 Compatiblity","Act Like it!","AlwaysNeverKeys","Aspiration","BaseMod","Better Silent Start","Challenge The Spire","Colored Map","Colored Powertips","Custom Start","Downfall","Energized Spire","Friendly Minions","GifTheSpireLib","Halation","Hubris","Infinite Spire","Ironclad Rager","Mimic Mod","Minty Spire (QoL Compilation)","Permanent Neow","Quick Restart","Random Character Button","Relic Sorter","Replay The Spire","Spikes Relics","StSLib","Stuff the Spire","Swap Starting Deck Mod","Trackpad"],"gold_per_floor":[119,72,72,86,97,97,127,127,127,139,64,96,112,2,2,102,102,119,119,138,138,138],"floor_reached":21,"playtime":475,"items_purged":["Regret"],"score":227,"play_id":"0a50a48c-f4ec-4dbf-94cb-d9839c1be356","local_time":"20210107161806","is_ascension_mode":true,"campfire_choices":[{"data":"Zap","floor":6,"key":"SMITH"},{"data":"Dualcast","floor":8,"key":"SMITH"},{"floor":15,"key":"REST"}],"circlet_count":0,"master_deck":["Strike_B+1","Strike_B","Strike_B+1","Strike_B","Defend_B","Defend_B","Defend_B","Defend_B","Zap+1","Dualcast+1","FTL","Ball Lightning","Ball Lightning","White Noise","Capacitor+1","Echo Form"],"relics":["Cracked Core","Nunchaku","halation:KoshaPiece","aspiration:Nostalgia","m_SnakeBloodCore","Pocketwatch","Simple Rune","hubris:Backtick","StuffTheSpire:DarkSteelAnvil","MutagenicStrength"],"acts_visited":["Exordium","TheCity"],"potions_floor_usage":[5,16,16,16,18,21],"damage_taken":[{"damage":0,"enemies":"Small Slimes","floor":1,"turns":2},{"damage":5,"enemies":"Jaw Worm","floor":4,"turns":3},{"damage":0,"enemies":"2 Louse","floor":5,"turns":1},{"damage":35,"enemies":"3 Sentries","floor":7,"turns":5},{"damage":16,"enemies":"2 Fungi Beasts","floor":10,"turns":3},{"damage":10,"enemies":"Gremlin Nob","floor":12,"turns":3},{"damage":4,"enemies":"Red Slaver","floor":13,"turns":2},{"damage":13,"enemies":"Slime Boss","floor":16,"turns":7},{"damage":25,"enemies":"Spheric Guardian","floor":18,"turns":4},{"damage":29,"enemies":"2 Thieves","floor":20,"turns":4},{"damage":23,"enemies":"3 Cultists","floor":21,"turns":4}],"seed_played":"-4829363803510978402","potions_obtained":[{"floor":1,"key":"Explosive Potion"},{"floor":7,"key":"Explosive Potion"},{"floor":10,"key":"Dexterity Potion"},{"floor":16,"key":"champ:CounterPotion"},{"floor":18,"key":"Elixir"},{"floor":20,"key":"Milkshake"}],"is_trial":false,"path_per_floor":["M","$","?","M","M","R","E","R","T","M","$","E","M","$","R","B",null,"M","?","M","M"],"character_chosen":"DEFECT","items_purchased":["Ball Lightning","Dexterity Potion","Capacitor+1"],"campfire_rested":1,"item_purchase_floors":[2,14,14],"current_hp_per_floor":[75,75,75,73,75,75,43,43,43,30,30,23,22,22,44,34,75,53,53,27,4,4],"gold":138,"neow_bonus":"NOSTALGIA","is_daily":false,"chose_seed":false,"campfire_upgraded":2,"win_rate":0.0,"timestamp":1610054286,"path_taken":["M","$","?","M","M","R","E","R","T","M","$","E","M","$","R","BOSS","M","?","M","M"],"items_purchased_type":["Card","Potion","Card"],"build_version":"2020-12-22","purchased_purges":1,"victory":false,"max_hp_per_floor":[75,75,75,75,75,75,75,75,75,75,75,75,75,75,75,75,75,75,75,75,75,75],"card_choices":[{"not_picked":["Conserve Battery","Hello World"],"picked":"FTL","floor":1},{"not_picked":["StuffTheSpire:SnapShoot","Hologram"],"picked":"Ball Lightning","floor":4},{"not_picked":["Sunder","Hyperbeam"],"picked":"White Noise","floor":12},{"not_picked":["Bullet Time","Hyperbeam"],"picked":"Echo Form","floor":16}],"player_experience":37809,"relics_obtained":[{"floor":7,"key":"Nunchaku"},{"floor":9,"key":"halation:KoshaPiece"},{"floor":12,"key":"Simple Rune"}],"event_choices":[{"damage_healed":0,"gold_gain":0,"player_choice":"Box","damage_taken":0,"relics_obtained":["Pocketwatch"],"max_hp_gain":0,"max_hp_loss":0,"event_name":"Big Fish","floor":3,"gold_loss":0,"cards_obtained":["Regret"]},{"damage_healed":0,"gold_gain":0,"player_choice":"Inject Mutagens","damage_taken":0,"relics_obtained":["MutagenicStrength"],"max_hp_gain":0,"max_hp_loss":0,"event_name":"Drug Dealer","floor":19,"gold_loss":0}],"is_beta":false,"boss_relics":[{"not_picked":["StuffTheSpire:RunicHypercube","energizedSpire:UnstableMolecules"],"picked":"hubris:Backtick"}],"items_purged_floors":[11],"is_endless":false,"potions_floor_spawned":[1,7,10,16,18,20],"killed_by":"3 Cultists","ascension_level":4}}