{"host":"raxmxgtw2nbiczxd","time":1610022873,"event":{"mods":["AchievementEnabler","Aspiration","BaseMod","Beaked The Cultist","BetterRewards","Challenge The Spire","Conspire","Friendly Minions","Halation","Hubris","Infinite Spire","Jedi Mod","Mimic Mod","Minty Spire (QoL Compilation)","Quick Restart","Relic Stats","Replay The Spire","Shop Mod","Spikes Relics","StSLib","SuperFastMode","The Animator","The Blackbeard","The Necromancer","The Servant 0.9.4","Yuri Mod","vexMod","????"],"gold_per_floor":[115,130,145,160,160,190,190,190,215,227,254,266,293,335,244,356,368,395,192,192,192],"floor_reached":20,"playtime":1213,"items_purged":[],"score":359,"play_id":"cc5d6ec8-3374-42bf-a019-5bb662c4c112","local_time":"20210107193433","daily_mods":["SealedDeck","Green Cards","Lethality"],"is_ascension_mode":false,"campfire_choices":[],"circlet_count":0,"master_deck":["yuri:BookBlue+1","yuri:BookBlue+1","yuri:BookBlue+1","yuri:BookBlue+1","yuri:BookBlue+1","yuri:MPose+1","yuri:BookRed+1","yuri:BookRed+1","yuri:BookRed+1","yuri:BookRed+1","yuri:BookRed+1","yuri:ThrowingKnives+1","yuri:MPose+1","yuri:GreenTea+1","yuri:BookGreen+1","yuri:BookGreen+1","yuri:BookGreen+1","yuri:BookGreen+1","yuri:BookGreen+1","yuri:BookRed+1","yuri:MagneticKnives+1","yuri:ThrowingKnives+1","yuri:SeeingDouble+1","yuri:GlitchRemove+1","yuri:SelfHarm+1","yuri:MPose+1","conspire:Banana+1"],"relics":["yuri:yuriKnife","Quantum Egg","Frozen Egg 2","Molten Egg 2","Toxic Egg 2","Ice Cream","Mummified Hand","yuri:BloodyKnife","yuri:BookOfBooks","Ring of Hypnosis","ReplayTheSpireMod:Ring of Collecting","hubris:CrystalStatue","MawBank","hubris:TenFootPole","SacredBark","Toy Ornithopter","Singing Bowl","Runic Dome"],"acts_visited":["Exordium","TheCity"],"potions_floor_usage":[],"damage_taken":[{"damage":0,"enemies":"Jaw Worm","floor":1,"turns":1},{"damage":0,"enemies":"2 Louse","floor":2,"turns":1},{"damage":0,"enemies":"Cultist","floor":3,"turns":1},{"damage":0,"enemies":"Looter","floor":4,"turns":1},{"damage":0,"enemies":"Gremlin Nob","floor":6,"turns":2},{"damage":0,"enemies":"Large Slime","floor":11,"turns":1},{"damage":9,"enemies":"Gremlin Gang","floor":13,"turns":2},{"damage":0,"enemies":"3 Sentries","floor":14,"turns":3},{"damage":0,"enemies":"The Guardian","floor":16,"turns":3},{"damage":0,"enemies":"Chosen","floor":18,"turns":3}],"seed_played":"8350349167999303424","potions_obtained":[{"floor":2,"key":"Block Potion"},{"floor":11,"key":"DistilledChaos"},{"floor":18,"key":"Block Potion"}],"is_trial":false,"path_per_floor":["M","M","M","M","?","E","?","R","T","$","M","T","M","E","R","B",null,"M","$","?"],"character_chosen":"YURI","items_purchased":["yuri:ThrowingKnives+1","yuri:SeeingDouble+1","yuri:SelfHarm+1","yuri:MPose+1","conspire:Banana+1"],"campfire_rested":0,"item_purchase_floors":[15,15,19,19,19],"current_hp_per_floor":[80,80,80,80,80,80,80,80,80,80,80,80,71,80,80,80,80,82,82,0,0],"gold":192,"neow_bonus":"","is_daily":true,"chose_seed":false,"campfire_upgraded":0,"win_rate":0.0,"timestamp":1610022873,"path_taken":["M","M","M","M","?","E","?","R","T","?","?","?","M","E","R","BOSS","M","?","?"],"items_purchased_type":["Card","Card","Card","Card","Card"],"build_version":"2020-12-22","purchased_purges":0,"victory":false,"max_hp_per_floor":[80,80,80,80,80,80,80,80,80,80,80,80,80,80,80,80,80,82,82,82,82],"relic_stats":{"Singing Bowl":2,"counters":[10,18],"Mummified Hand":[83],"MawBank":120,"obtain_stats":[{"Ice Cream":0,"yuri:BookOfBooks":0,"halation:Diary":0,"hubris:CrystalStatue":6,"Ring of Hypnosis":5,"Singing Bowl":14,"Quantum Egg":0,"ReplayTheSpireMod:Ring of Addiction":12,"SacredBark":12,"yuri:yuriKnife":0,"yuri:BloodyKnife":0,"Frozen Egg 2":0,"MawBank":9,"Runic Dome":17,"Mummified Hand":0,"ReplayTheSpireMod:Ring of Collecting":5,"Molten Egg 2":0,"hubris:TenFootPole":12,"Toxic Egg 2":0,"Ring of Panic":9,"Toy Ornithopter":12},{"Ice Cream":0,"yuri:BookOfBooks":0,"halation:Diary":0,"hubris:CrystalStatue":5,"Ring of Hypnosis":4,"Singing Bowl":8,"Quantum Egg":0,"ReplayTheSpireMod:Ring of Addiction":6,"SacredBark":6,"yuri:yuriKnife":0,"yuri:BloodyKnife":0,"Frozen Egg 2":0,"MawBank":5,"Runic Dome":9,"Mummified Hand":0,"ReplayTheSpireMod:Ring of Collecting":4,"Molten Egg 2":0,"hubris:TenFootPole":6,"Toxic Egg 2":0,"Ring of Panic":5,"Toy Ornithopter":6},{"Ice Cream":0,"yuri:BookOfBooks":0,"halation:Diary":0,"hubris:CrystalStatue":6,"Ring of Hypnosis":4,"Singing Bowl":12,"Quantum Egg":0,"ReplayTheSpireMod:Ring of Addiction":7,"SacredBark":7,"yuri:yuriKnife":0,"yuri:BloodyKnife":0,"Frozen Egg 2":0,"MawBank":6,"Runic Dome":15,"Mummified Hand":0,"ReplayTheSpireMod:Ring of Collecting":4,"Molten Egg 2":0,"hubris:TenFootPole":7,"Toxic Egg 2":0,"Ring of Panic":6,"Toy Ornithopter":7}],"Toy Ornithopter":0},"card_choices":[{"not_picked":["yuri:BookRed+1","yuri:BookGreen+1","yuri:BookPurple+1"],"picked":"yuri:BookBlue+1","floor":0},{"not_picked":["yuri:ThrowingKnives+1","yuri:UntestedCode+1"],"picked":"yuri:MPose+1","floor":1},{"not_picked":["yuri:UntestedCode+1","yuri:AdaptiveAI+1","yuri:ReactiveMadness+1"],"picked":"SKIP","floor":2},{"not_picked":["yuri:UntestedCode+1","yuri:AdaptiveAI+1","yuri:ReactiveMadness+1"],"picked":"SKIP","floor":2},{"not_picked":["yuri:ThrowBook+1","yuri:Stare+1"],"picked":"yuri:ThrowingKnives+1","floor":3},{"not_picked":["yuri:TeaSet+1","yuri:HeavierStrike+1"],"picked":"yuri:MPose+1","floor":4},{"not_picked":["yuri:TeaSet+1","yuri:CorruptHitbox+1"],"picked":"yuri:GreenTea+1","floor":6},{"not_picked":["yuri:WickedSlash+1","yuri:GlitchedStrike+1","yuri:NerfBat+1"],"picked":"SKIP","floor":11},{"not_picked":["yuri:TeaSet+1","yuri:yuriQuickStrike+1"],"picked":"yuri:BookRed+1","floor":13},{"not_picked":["yuri:yuriQuickStrike+1","yuri:DebugCard+1"],"picked":"yuri:MagneticKnives+1","floor":14},{"not_picked":["yuri:ConsumeGlitch+1","yuri:Suicide+1"],"picked":"yuri:GlitchRemove+1","floor":16},{"not_picked":["yuri:DejaVu+1","yuri:Stare+1","yuri:ReloadGame+1"],"picked":"Singing Bowl","floor":18}],"player_experience":127902,"relics_obtained":[{"floor":5,"key":"Ring of Hypnosis"},{"floor":5,"key":"ReplayTheSpireMod:Ring of Collecting"},{"floor":6,"key":"hubris:CrystalStatue"},{"floor":9,"key":"Ring of Panic"},{"floor":9,"key":"MawBank"},{"floor":12,"key":"ReplayTheSpireMod:Ring of Addiction"},{"floor":12,"key":"hubris:TenFootPole"},{"floor":12,"key":"SacredBark"},{"floor":12,"key":"Toy Ornithopter"},{"floor":14,"key":"Singing Bowl"}],"event_choices":[{"damage_healed":0,"gold_gain":0,"player_choice":"Ignored","damage_taken":0,"max_hp_gain":0,"max_hp_loss":0,"event_name":"Shining Light","floor":7,"gold_loss":0}],"is_beta":false,"boss_relics":[{"not_picked":["Painkiller Herb","halation:MonkeysPaw"],"picked":"Runic Dome"}],"items_purged_floors":[],"is_endless":false,"potions_floor_spawned":[2,4,11,18],"ascension_level":0}}