{"host":"s9mizfpm0ux1oq2e","time":1610009784,"event":{"mods":["Aspiration","BaseMod","Downfall","Minty Spire (QoL Compilation)","Permanent Neow","Replay The Spire","StSLib","SuperFastMode"],"gold_per_floor":[99,110,110,128,147,165,165,181,181,196,196,208,208,208,220,316,316,316,330,347,347,32,32,106,206,206,230,230,297,347,362,375,375,375,375],"floor_reached":33,"playtime":1897,"items_purged":["octo:OctoAdvance","octo:OctoAdvance","octo:OctoNothing"],"score":268,"play_id":"7ab848a7-0afa-4c2c-acc7-411c85e2214d","local_time":"25640107155624","is_ascension_mode":false,"campfire_choices":[{"data":"hexamod:Sear","floor":1,"key":"SMITH"},{"data":"hexamod:Float","floor":9,"key":"SMITH"},{"data":"hexamod:Defend","floor":11,"key":"SMITH"},{"data":"hexamod:CatchUp","floor":18,"key":"SMITH"},{"floor":23,"key":"REST"},{"floor":26,"key":"REST"},{"data":"hexamod:ParanormalForm","floor":28,"key":"SMITH"}],"circlet_count":0,"master_deck":["hexamod:Strike","hexamod:Strike+1","hexamod:Strike","hexamod:Defend+1","hexamod:Defend+1","hexamod:Defend","hexamod:Defend","hexamod:Sear+1","hexamod:Float+1","hexamod:ThirdSeal","hexamod:ParanormalForm+1","hexamod:GhostShield+1","hexamod:VolcanoVisage+1","hexamod:CatchUp+1","hexamod:TimeWarp+1","hexamod:FirstSeal","hexamod:FirstSeal","hexamod:FastForward","Warcry+1","expansioncontent:GuardianWhirl"],"relics":["hexamod:SpiritBrand","Mercury Hourglass","ReplayTheSpireMod:DimensionalGlitch","ReplayTheSpireMod:Ninjato","downfall:CloakOfManyFaces","CultistMask","FaceOfCleric","NlothsMask","GremlinMask","SsserpentHead","hexamod:TheBrokenSeal","PrismaticShard"],"acts_visited":["Exordium","TheCity"],"potions_floor_usage":[0,5,6,8,10,16,16,19,21,25,25,27,27,32],"damage_taken":[{"damage":2,"enemies":"Small Slimes","floor":2,"turns":5},{"damage":0,"enemies":"Cultist","floor":4,"turns":3},{"damage":6,"enemies":"Jaw Worm","floor":5,"turns":3},{"damage":2,"enemies":"2 Fungi Beasts","floor":6,"turns":4},{"damage":4,"enemies":"Exordium Thugs","floor":8,"turns":5},{"damage":12,"enemies":"Lots of Slimes","floor":10,"turns":3},{"damage":7,"enemies":"3 Louse","floor":12,"turns":3},{"damage":7,"enemies":"Red Slaver","floor":15,"turns":4},{"damage":16,"enemies":"downfall:Silent","floor":16,"turns":8},{"damage":11,"enemies":"Shell Parasite","floor":19,"turns":8},{"damage":25,"enemies":"Snecko","floor":20,"turns":9},{"damage":5,"enemies":"downfall:LadyInBlue","floor":21,"turns":3},{"damage":0,"enemies":"downfall:FleeingMerchant","floor":22,"turns":4},{"damage":33,"enemies":"downfall:FaceTrader","floor":25,"turns":13},{"damage":15,"enemies":"Snake Plant","floor":27,"turns":7},{"damage":16,"enemies":"Shelled Parasite and Fungi","floor":29,"turns":6},{"damage":16,"enemies":"Snecko","floor":31,"turns":8},{"damage":15,"enemies":"Chosen and Byrds","floor":32,"turns":6},{"damage":55,"enemies":"downfall:Watcher","floor":33,"turns":4}],"seed_played":"6880360074170921063","potions_obtained":[{"floor":0,"key":"GamblersBrew"},{"floor":0,"key":"Strength Potion"},{"floor":0,"key":"Fruit Juice"},{"floor":2,"key":"Swift Potion"},{"floor":5,"key":"DistilledChaos"},{"floor":6,"key":"SmokeBomb"},{"floor":8,"key":"ColorlessPotion"},{"floor":10,"key":"Venom Potion"},{"floor":10,"key":"Toxic Potion"},{"floor":15,"key":"EssenceOfSteel"},{"floor":16,"key":"LiquidBronze"},{"floor":16,"key":"champ:CounterPotion"},{"floor":19,"key":"DuplicationPotion"},{"floor":20,"key":"SpeedPotion"},{"floor":22,"key":"Toxic Potion"},{"floor":25,"key":"AttackPotion"},{"floor":25,"key":"FearPotion"},{"floor":27,"key":"LifebloodPotion"},{"floor":29,"key":"SmokeBomb"}],"is_trial":false,"path_per_floor":["R","M","?","M","M","M","T","M","R","M","R","M","?","?","M","B",null,"R","M","M","?","$","R","T","?","R","M","R","M","?","M","M","B"],"character_chosen":"THE_SPIRIT","items_purchased":[],"campfire_rested":2,"item_purchase_floors":[],"current_hp_per_floor":[75,73,73,73,67,65,65,61,61,49,49,42,42,47,40,24,80,80,69,44,43,47,71,71,45,69,91,91,83,71,60,50,0,0,0],"gold":375,"neow_bonus":"THREE_SMALL_POTIONS","is_daily":false,"chose_seed":false,"campfire_upgraded":5,"win_rate":0.0,"timestamp":1610009784,"path_taken":["R","M","?","M","M","M","T","?","R","M","R","M","?","?","M","BOSS","R","M","M","?","?","R","T","?","R","M","R","?","?","M","M","BOSS"],"items_purchased_type":[],"build_version":"2020-12-22","purchased_purges":3,"victory":false,"max_hp_per_floor":[75,75,75,75,75,75,75,75,75,75,75,75,75,80,80,80,80,80,80,80,80,80,80,80,80,80,91,91,92,92,93,94,94,94,94],"card_choices":[{"not_picked":["hexamod:Firestarter","hexamod:ThermalTransfer","hexamod:BacktrackSmack"],"picked":"SKIP","floor":2},{"not_picked":["hexamod:RecurringNightmare","hexamod:Firestarter"],"picked":"hexamod:FourthSeal","floor":4},{"not_picked":["hexamod:RainOfEmbers","hexamod:GhostLash","hexamod:SpectersWail"],"picked":"SKIP","floor":5},{"not_picked":["hexamod:BacktrackSmack","hexamod:Haunt","hexamod:HeatShield"],"picked":"SKIP","floor":6},{"not_picked":["hexamod:GhostLash","hexamod:GhostflameBarrier"],"picked":"hexamod:ThirdSeal","floor":8},{"not_picked":["hexamod:SwordOfDarkness","hexamod:GhostLash"],"picked":"hexamod:ThirdSeal","floor":10},{"not_picked":["hexamod:RainOfEmbers","hexamod:GhostShield","hexamod:HauntingEcho"],"picked":"SKIP","floor":10},{"not_picked":["hexamod:SpectersWail","hexamod:BurningTouch"],"picked":"hexamod:ParanormalForm","floor":12},{"not_picked":["hexamod:SwordOfDarkness","hexamod:NightmareGuise"],"picked":"hexamod:GhostShield","floor":12},{"not_picked":["hexamod:HauntingEcho","hexamod:GhostLash"],"picked":"hexamod:CatchUp","floor":15},{"not_picked":["hexamod:SpectersWail","hexamod:HauntingEcho","hexamod:AdvancingGuard"],"picked":"SKIP","floor":15},{"not_picked":["hexamod:RainOfEmbers","hexamod:UnleashSpirits","hexamod:SwordOfDarkness"],"picked":"SKIP","floor":15},{"not_picked":["hexamod:VolcanoVisage","hexamod:GhostflameInferno"],"picked":"hexamod:FifthSeal","floor":16},{"not_picked":["hexamod:ThirdSeal","hexamod:FourthSeal"],"picked":"hexamod:SixthSeal","floor":19},{"not_picked":["hexamod:StepThrough","hexamod:SwordOfDarkness"],"picked":"hexamod:TimeWarp","floor":19},{"not_picked":["hexamod:Haunt","hexamod:GhostLash+1","hexamod:NightmareStrike+1"],"picked":"SKIP","floor":19},{"not_picked":["hexamod:SecondSeal","hexamod:SixthSeal"],"picked":"hexamod:FirstSeal","floor":20},{"not_picked":["hexamod:InspiringFlames","hexamod:NecessarySacrifice","hexamod:FastForward"],"picked":"SKIP","floor":20},{"not_picked":["hexamod:SoulSteal","hexamod:SwordOfDarkness","hexamod:NightmareStrike"],"picked":"SKIP","floor":20},{"not_picked":["hexamod:RadiantFlame+1","hexamod:HauntingEcho","hexamod:DynamicBlow"],"picked":"SKIP","floor":20},{"not_picked":["hexamod:FourthSeal","hexamod:SixthSeal"],"picked":"hexamod:FirstSeal","floor":22},{"not_picked":["hexamod:SwordOfDarkness","hexamod:RadiantFlame","hexamod:HauntingEcho"],"picked":"SKIP","floor":22},{"not_picked":["hexamod:HeatShield","hexamod:PhantomCloak","hexamod:CatchUp"],"picked":"SKIP","floor":22},{"not_picked":["hexamod:InspiringFlames","hexamod:FourthSeal","hexamod:HauntingEcho+1"],"picked":"SKIP","floor":22},{"not_picked":["hexamod:ThirdSeal","hexamod:SixthSeal"],"picked":"hexamod:SecondSeal","floor":25},{"not_picked":["hexamod:SixthSeal","hexamod:ThirdSeal"],"picked":"hexamod:FirstSeal","floor":25},{"not_picked":["hexamod:HeatCrush","hexamod:ChargedBarrage","hexamod:AdvancingGuard"],"picked":"SKIP","floor":27},{"not_picked":["hexamod:InspiringFlames+1","hexamod:RainOfEmbers"],"picked":"hexamod:FastForward","floor":29},{"not_picked":["Deflect","sneckomod:SerpentMind","Twin Strike"],"picked":"SKIP","floor":31},{"not_picked":["champ:FightOn","Pummel","CrushJoints+1"],"picked":"SKIP","floor":31},{"not_picked":["Go for the Eyes","champ:BerserkersShout"],"picked":"Warcry+1","floor":32},{"not_picked":["champ:CrookedStrike","champ:FanOfKnives"],"picked":"expansioncontent:GuardianWhirl","floor":32}],"player_experience":172379,"relics_obtained":[{"floor":7,"key":"Mercury Hourglass"},{"floor":24,"key":"ReplayTheSpireMod:Ninjato"},{"floor":25,"key":"downfall:CloakOfManyFaces"},{"floor":30,"key":"PrismaticShard"}],"event_choices":[{"damage_healed":0,"gold_gain":0,"player_choice":"Ignored","damage_taken":0,"max_hp_gain":0,"max_hp_loss":0,"event_name":"NoteForYourself","floor":3,"gold_loss":0},{"damage_healed":0,"gold_gain":0,"player_choice":"Donut","damage_taken":0,"max_hp_gain":5,"max_hp_loss":0,"event_name":"Big Fish","floor":14,"gold_loss":0}],"is_beta":false,"boss_relics":[{"not_picked":["Black Star","Tiny House"],"picked":"ReplayTheSpireMod:DimensionalGlitch"}],"items_purged_floors":[22,22,22],"is_endless":false,"potions_floor_spawned":[2,10,12,15,16,20,25,29],"killed_by":"downfall:Watcher","ascension_level":0}}