{"host":"os7ajuuouznx3pj7","time":1610062601,"event":{"mods":["AchievementEnabler","BaseMod","Bestiary","Block Reminder","Colored Map","Colored Powertips","Keyboard Shortcuts","Minty Spire (QoL Compilation)","Quick Restart","Relic Sorter","Relic Stats","SuperFastMode"],"gold_per_floor":[110,125,138,154,154,154,179,194,219,219,239,258,314,341,341,444,444,456,456,467,480,480,513,526,546,600,600,319,347,360,52,52,150,150,160,172,172,190,190,221,231,251,251,285,299,299,327,30,30,30],"floor_reached":51,"playtime":7156,"items_purged":["Strike_G"],"score":1140,"play_id":"73b1b5f4-8be8-4eaf-a725-4ab280c2e814","local_time":"20210107213641","is_ascension_mode":true,"campfire_choices":[{"data":"Apotheosis","floor":6.0,"key":"SMITH"},{"data":"Backstab","floor":10.0,"key":"SMITH"},{"floor":15.0,"key":"REST"},{"floor":27.0,"key":"REST"},{"data":"Strike_G","floor":32.0,"key":"PURGE"},{"data":"Strike_G","floor":49,"key":"PURGE"}],"circlet_count":0,"master_deck":["AscendersBane","Strike_G","Defend_G","Defend_G","Defend_G","Defend_G","Defend_G","Survivor","Neutralize","Apotheosis+1","Blade Dance","Backstab+1","Deflect","Blade Dance","Acrobatics","PiercingWail","Blur","Noxious Fumes+1","Riddle With Holes","Unload","Cloak And Dagger","Noxious Fumes+1","Well Laid Plans","Finisher","Leg Sweep","Prepared+1","Accuracy","Metamorphosis","A Thousand Cuts","Dodge and Roll+1","PiercingWail","Tools of the Trade","Acrobatics","Tactician+1","A Thousand Cuts","Envenom","Expertise+1"],"relics":["Ring of the Snake","TwistedFunnel","Bronze Scales","MealTicket","Potion Belt","Matryoshka","Toy Ornithopter","Vajra","Fusion Hammer","Peace Pipe","Pantograph","Boot","Oddly Smooth Stone","Ancient Tea Set","Mummified Hand","Centennial Puzzle","Bag of Marbles","Kunai","WristBlade","Akabeko","Snake Skull"],"acts_visited":["Exordium","TheCity","TheBeyond"],"potions_floor_usage":[44,44,47,47,50,50],"damage_taken":[{"damage":0.0,"enemies":"Cultist","floor":1.0,"turns":4.0},{"damage":3.0,"enemies":"Jaw Worm","floor":2.0,"turns":4.0},{"damage":0.0,"enemies":"Small Slimes","floor":3.0,"turns":2.0},{"damage":3.0,"enemies":"Red Slaver","floor":4.0,"turns":4.0},{"damage":7.0,"enemies":"Gremlin Nob","floor":7.0,"turns":3.0},{"damage":0.0,"enemies":"Exordium Thugs","floor":8.0,"turns":3.0},{"damage":0.0,"enemies":"Lots of Slimes","floor":11.0,"turns":4.0},{"damage":0.0,"enemies":"Blue Slaver","floor":12.0,"turns":3.0},{"damage":10.0,"enemies":"Gremlin Nob","floor":13.0,"turns":4.0},{"damage":6.0,"enemies":"Lagavulin","floor":14.0,"turns":7.0},{"damage":1.0,"enemies":"The Guardian","floor":16.0,"turns":11.0},{"damage":6.0,"enemies":"2 Thieves","floor":18.0,"turns":4.0},{"damage":0.0,"enemies":"Spheric Guardian","floor":20.0,"turns":3.0},{"damage":6.0,"enemies":"Snake Plant","floor":21.0,"turns":3.0},{"damage":5.0,"enemies":"Book of Stabbing","floor":23.0,"turns":5.0},{"damage":0.0,"enemies":"Centurion and Healer","floor":24.0,"turns":4.0},{"damage":0.0,"enemies":"Shelled Parasite and Fungi","floor":25.0,"turns":1.0},{"damage":5.0,"enemies":"Slavers","floor":29.0,"turns":3.0},{"damage":16.0,"enemies":"Sentry and Sphere","floor":30.0,"turns":5.0},{"damage":19.0,"enemies":"Collector","floor":33.0,"turns":7.0},{"damage":0.0,"enemies":"3 Shapes","floor":35.0,"turns":2.0},{"damage":0.0,"enemies":"Orb Walker","floor":36.0,"turns":3.0},{"damage":0.0,"enemies":"4 Shapes","floor":38.0,"turns":6.0},{"damage":3.0,"enemies":"Giant Head","floor":40.0,"turns":6.0},{"damage":0.0,"enemies":"Maw","floor":41.0,"turns":6.0},{"damage":2,"enemies":"Writhing Mass","floor":42,"turns":7},{"damage":10,"enemies":"Nemesis","floor":44,"turns":3},{"damage":2,"enemies":"Jaw Worm Horde","floor":45,"turns":4},{"damage":2,"enemies":"Giant Head","floor":47,"turns":6},{"damage":62,"enemies":"Time Eater","floor":50,"turns":9}],"seed_played":"-6388882326837294796","potions_obtained":[{"floor":3.0,"key":"CultistPotion"},{"floor":4.0,"key":"SkillPotion"},{"floor":7.0,"key":"Block Potion"},{"floor":12.0,"key":"EntropicBrew"},{"floor":13.0,"key":"ColorlessPotion"},{"floor":16.0,"key":"PowerPotion"},{"floor":21.0,"key":"EssenceOfSteel"},{"floor":23.0,"key":"EntropicBrew"},{"floor":42,"key":"Swift Potion"},{"floor":45,"key":"EssenceOfSteel"}],"is_trial":false,"path_per_floor":["M","M","M","M","?","R","E","M","T","R","M","M","?","E","R","B",null,"M","?","M","M","T","E","M","M","T","R","$","E","M","$","R","B",null,"M","M","T","M","T","E","M","M","T","E","M","?","E","$","R","B",null],"character_chosen":"THE_SILENT","items_purchased":["Accuracy","Metamorphosis","Peace Pipe","PiercingWail","Snake Skull","TwistedFunnel"],"campfire_rested":2,"item_purchase_floors":[28,28,31,31,48,48],"current_hp_per_floor":[63,60,60,57,57,57,50,50,50,50,50,50,40,34,52,51,60,54,54,54,48,48,43,43,43,43,61,61,56,40,40,40,44,58,58,58,58,58,58,60,60,58,58,53,51,51,59,63,63,11],"gold":30,"neow_bonus":"RANDOM_COLORLESS_2","is_daily":false,"chose_seed":false,"campfire_upgraded":2,"win_rate":0.0,"timestamp":1610062601,"path_taken":["M","M","M","M","?","R","E","M","T","R","M","M","?","E","R","BOSS","M","?","?","M","?","E","M","M","T","R","$","E","M","$","R","BOSS","M","M","?","M","?","E","M","M","T","E","?","?","E","$","R","BOSS"],"items_purchased_type":["Card","Card","Relic","Card","Relic","Relic"],"build_version":"2020-12-22","purchased_purges":1,"victory":true,"max_hp_per_floor":[63,63,63,63,63,63,63,63,63,63,63,63,63,63,63,63,63,63,63,63,63,63,63,63,63,63,63,63,63,63,63,63,63,63,63,63,63,63,63,63,63,63,63,63,63,63,63,63,63,63],"relic_stats":{"counters":[30,136],"Snake Skull":[33],"Boot":[29],"Peace Pipe":2,"Centennial Puzzle":[39],"Mummified Hand":[77],"Bronze Scales":[48],"Pantograph":23,"MealTicket":4,"Kunai":[46],"obtain_stats":[{"Potion Belt":43,"TwistedFunnel":48,"Oddly Smooth Stone":9,"Vajra":40,"Snake Skull":48,"Ancient Tea Set":13,"Boot":26,"Akabeko":43,"Peace Pipe":31,"Centennial Puzzle":14,"Matryoshka":39,"WristBlade":34,"Mummified Hand":7,"Pantograph":29,"Bronze Scales":47,"MealTicket":44,"Fusion Hammer":17,"Bag of Marbles":22,"Kunai":23,"Toy Ornithopter":37,"Ring of the Snake":0},{"Potion Belt":26,"TwistedFunnel":29,"Oddly Smooth Stone":6,"Vajra":24,"Snake Skull":29,"Ancient Tea Set":8,"Boot":17,"Akabeko":26,"Peace Pipe":19,"Centennial Puzzle":10,"Matryoshka":23,"WristBlade":20,"Mummified Hand":5,"Pantograph":18,"Bronze Scales":29,"MealTicket":27,"Fusion Hammer":11,"Bag of Marbles":14,"Kunai":15,"Toy Ornithopter":22,"Ring of the Snake":0},{"Potion Belt":114,"TwistedFunnel":127,"Oddly Smooth Stone":20,"Vajra":101,"Snake Skull":127,"Ancient Tea Set":27,"Boot":69,"Akabeko":114,"Peace Pipe":77,"Centennial Puzzle":38,"Matryoshka":95,"WristBlade":84,"Mummified Hand":17,"Pantograph":72,"Bronze Scales":127,"MealTicket":117,"Fusion Hammer":49,"Bag of Marbles":59,"Kunai":64,"Toy Ornithopter":89,"Ring of the Snake":0}],"Toy Ornithopter":30,"Ring of the Snake":[60]},"card_choices":[{"not_picked":["Secret Technique","Panache"],"picked":"Apotheosis","floor":0.0},{"not_picked":["Deadly Poison","Footwork"],"picked":"Blade Dance","floor":1.0},{"not_picked":["Bane","Backflip"],"picked":"Backstab","floor":2.0},{"not_picked":["Expertise","Underhanded Strike"],"picked":"Deflect","floor":3.0},{"not_picked":["Deadly Poison","Quick Slash"],"picked":"Blade Dance","floor":4.0},{"not_picked":["Poisoned Stab","Tactician"],"picked":"Acrobatics","floor":7.0},{"not_picked":["Deadly Poison","Acrobatics"],"picked":"PiercingWail","floor":8.0},{"not_picked":["PiercingWail","Tactician"],"picked":"Blur","floor":11.0},{"not_picked":["Night Terror","Slice","Quick Slash"],"picked":"SKIP","floor":12.0},{"not_picked":["Dagger Throw","Heel Hook"],"picked":"Noxious Fumes","floor":13.0},{"not_picked":["Outmaneuver","Leg Sweep"],"picked":"Riddle With Holes","floor":14.0},{"not_picked":["After Image","Storm of Steel"],"picked":"Unload","floor":16.0},{"not_picked":["Backflip","Sucker Punch+1"],"picked":"Cloak And Dagger","floor":18.0},{"not_picked":["Riddle With Holes","Acrobatics"],"picked":"Noxious Fumes+1","floor":20.0},{"not_picked":["Deflect+1","Quick Slash"],"picked":"Well Laid Plans","floor":21.0},{"not_picked":["Heel Hook","Deadly Poison+1"],"picked":"Finisher","floor":23.0},{"not_picked":["Dagger Throw","Acrobatics"],"picked":"Leg Sweep","floor":24.0},{"not_picked":["Deflect","Dash+1"],"picked":"Prepared+1","floor":25.0},{"not_picked":["PiercingWail","Prepared+1"],"picked":"A Thousand Cuts","floor":29.0},{"not_picked":["Noxious Fumes","Dagger Spray"],"picked":"Dodge and Roll+1","floor":30.0},{"not_picked":["Grand Finale","Bullet Time"],"picked":"Tools of the Trade","floor":33.0},{"not_picked":["Flechettes+1","Concentrate+1","Flying Knee"],"picked":"SKIP","floor":35.0},{"not_picked":["Underhanded Strike+1","Skewer","Dagger Throw"],"picked":"SKIP","floor":36.0},{"not_picked":["Catalyst+1","Deflect+1"],"picked":"Acrobatics","floor":38.0},{"not_picked":["Outmaneuver+1","Deflect+1"],"picked":"Tactician+1","floor":40.0},{"not_picked":["Leg Sweep","Quick Slash+1","Bane"],"picked":"SKIP","floor":41.0},{"not_picked":["Noxious Fumes","Deadly Poison"],"picked":"A Thousand Cuts","floor":42},{"not_picked":["Riddle With Holes+1","Flying Knee+1"],"picked":"Envenom","floor":44},{"not_picked":["Concentrate","Catalyst+1","Quick Slash+1"],"picked":"SKIP","floor":45},{"not_picked":["Concentrate","Catalyst+1","Quick Slash+1"],"picked":"SKIP","floor":45},{"not_picked":["Quick Slash","Bane+1"],"picked":"Expertise+1","floor":47}],"player_experience":848239,"relics_obtained":[{"floor":7.0,"key":"Mummified Hand"},{"floor":9.0,"key":"Oddly Smooth Stone"},{"floor":14.0,"key":"Centennial Puzzle"},{"floor":22.0,"key":"Bag of Marbles"},{"floor":23.0,"key":"Kunai"},{"floor":26.0,"key":"Boot"},{"floor":29.0,"key":"Pantograph"},{"floor":37.0,"key":"Toy Ornithopter"},{"floor":39.0,"key":"Matryoshka"},{"floor":40.0,"key":"Vajra"},{"floor":43,"key":"Potion Belt"},{"floor":43,"key":"Akabeko"},{"floor":44,"key":"MealTicket"},{"floor":47,"key":"Bronze Scales"}],"event_choices":[{"cards_removed":["Strike_G"],"damage_healed":0.0,"max_hp_gain":0.0,"max_hp_loss":0.0,"gold_gain":0.0,"event_name":"Living Wall","player_choice":"Forget","floor":5.0,"gold_loss":0.0,"damage_taken":0.0},{"damage_healed":0.0,"max_hp_gain":0.0,"max_hp_loss":0.0,"gold_gain":0.0,"event_name":"Dead Adventurer","player_choice":"Searched \u00272\u0027 times","floor":13.0,"gold_loss":0.0,"damage_taken":0.0,"relics_obtained":["Ancient Tea Set"]},{"damage_healed":0.0,"max_hp_gain":0.0,"max_hp_loss":0.0,"gold_gain":0.0,"event_name":"Upgrade Shrine","player_choice":"Upgraded","floor":19.0,"gold_loss":0.0,"damage_taken":0.0,"cards_upgraded":["Noxious Fumes"]},{"damage_healed":0,"gold_gain":0,"player_choice":"Ignored","damage_taken":0,"max_hp_gain":0,"max_hp_loss":0,"event_name":"Tomb of Lord Red Mask","floor":46,"gold_loss":0}],"is_beta":false,"boss_relics":[{"not_picked":["Runic Pyramid","Astrolabe"],"picked":"Fusion Hammer"},{"not_picked":["Pandora\u0027s Box","Coffee Dripper"],"picked":"WristBlade"}],"items_purged_floors":[28],"is_endless":false,"potions_floor_spawned":[3,4,7,12,13,16,20,21,23,35,42,45],"ascension_level":10}}