{"host":"qmufev141yub3yf0","time":1610012474,"event":{"mods":["BaseMod","Minty Spire (QoL Compilation)","Quick Restart","StSLib","SuperFastMode"],"gold_per_floor":[119,69,21,31,106,141,141,141,141,159,174,202,202,217,217,322,322,292,62,75,89,89,89,89,89],"floor_reached":24,"playtime":717,"items_purged":["Strike_R"],"score":266,"play_id":"293e0d5d-c5ea-4b5b-8cdd-4e810b9c6671","local_time":"20210107174114","is_ascension_mode":true,"campfire_choices":[{"data":"Body Slam","floor":8,"key":"SMITH"},{"data":"Barricade","floor":13,"key":"SMITH"},{"data":"Shrug It Off","floor":15,"key":"SMITH"},{"floor":23,"key":"REST"}],"circlet_count":0,"master_deck":["Strike_R","Strike_R","Defend_R","Defend_R","Defend_R","Defend_R","Bash","Shrug It Off+1","Body Slam+1","Body Slam+1","Body Slam+1","Barricade+1","Double Tap"],"relics":["Burning Blood","NeowsBlessing","Kunai","Molten Egg 2","Darkstone Periapt","HandDrill"],"acts_visited":["Exordium","TheCity"],"potions_floor_usage":[20,24,24],"damage_taken":[{"damage":0,"enemies":"Jaw Worm","floor":1,"turns":1},{"damage":0,"enemies":"2 Louse","floor":4,"turns":1},{"damage":0,"enemies":"Gremlin Nob","floor":6,"turns":1},{"damage":0,"enemies":"Small Slimes","floor":10,"turns":4},{"damage":0,"enemies":"Exordium Wildlife","floor":11,"turns":3},{"damage":11,"enemies":"Lagavulin","floor":12,"turns":5},{"damage":3,"enemies":"3 Louse","floor":14,"turns":4},{"damage":35,"enemies":"Slime Boss","floor":16,"turns":13},{"damage":25,"enemies":"2 Thieves","floor":18,"turns":5},{"damage":18,"enemies":"Chosen","floor":20,"turns":7},{"damage":41,"enemies":"3 Cultists","floor":21,"turns":8},{"damage":41,"enemies":"Gremlin Leader","floor":24,"turns":5}],"seed_played":"1876757398192602249","potions_obtained":[{"floor":10,"key":"Weak Potion"},{"floor":12,"key":"BlessingOfTheForge"},{"floor":14,"key":"Fire Potion"},{"floor":21,"key":"BlessingOfTheForge"}],"is_trial":false,"path_per_floor":["M","?","$","M","?","E","?","R","T","M","M","E","R","M","R","B",null,"M","$","M","M","?","R","E"],"character_chosen":"IRONCLAD","items_purchased":["Shrug It Off","HandDrill"],"campfire_rested":1,"item_purchase_floors":[3,19],"current_hp_per_floor":[80,80,80,80,69,75,68,68,68,74,80,75,75,78,78,49,80,61,61,49,14,14,38,0,0],"gold":89,"neow_bonus":"THREE_ENEMY_KILL","is_daily":false,"chose_seed":false,"campfire_upgraded":3,"win_rate":0.0,"timestamp":1610012474,"path_taken":["M","?","$","M","?","E","?","R","T","M","M","E","R","?","R","BOSS","M","$","M","M","?","R","E"],"items_purchased_type":["Card","Relic"],"build_version":"2020-12-22","purchased_purges":1,"victory":false,"max_hp_per_floor":[80,80,80,80,80,80,80,80,80,80,80,80,80,80,80,80,80,80,80,80,80,80,80,80,80],"card_choices":[{"not_picked":["Clothesline","Flex","Perfected Strike"],"picked":"SKIP","floor":1},{"not_picked":["Pummel","Spot Weakness","Rage"],"picked":"SKIP","floor":4},{"not_picked":["Clothesline","Rage"],"picked":"Body Slam","floor":6},{"not_picked":["Whirlwind+1","Feel No Pain"],"picked":"Body Slam+1","floor":10},{"not_picked":["Dropkick+1","Pommel Strike+1"],"picked":"Body Slam+1","floor":11},{"not_picked":["Twin Strike+1","Perfected Strike+1"],"picked":"Barricade","floor":12},{"not_picked":["Rage","Sword Boomerang+1","Flex"],"picked":"SKIP","floor":14},{"not_picked":["Immolate+1","Demon Form"],"picked":"Double Tap","floor":16},{"not_picked":["Anger+1","Iron Wave+1","Evolve+1"],"picked":"SKIP","floor":18},{"not_picked":["Sword Boomerang+1","Sever Soul+1","Rupture"],"picked":"SKIP","floor":20},{"not_picked":["Wild Strike+1","Sword Boomerang+1","Clothesline+1"],"picked":"SKIP","floor":21}],"player_experience":241223,"relics_obtained":[{"floor":6,"key":"Kunai"},{"floor":9,"key":"Molten Egg 2"},{"floor":12,"key":"Darkstone Periapt"}],"event_choices":[{"cards_removed":["Strike_R"],"damage_healed":0,"gold_gain":0,"player_choice":"Card Removal","damage_taken":0,"max_hp_gain":0,"max_hp_loss":0,"event_name":"The Cleric","floor":2,"gold_loss":50},{"damage_healed":0,"gold_gain":75,"player_choice":"Gather Gold","damage_taken":11,"max_hp_gain":0,"max_hp_loss":0,"event_name":"World of Goop","floor":5,"gold_loss":0},{"cards_removed":["Strike_R"],"damage_healed":0,"gold_gain":0,"player_choice":"Card Removal","damage_taken":7,"max_hp_gain":0,"max_hp_loss":0,"event_name":"Golden Wing","floor":7,"gold_loss":0},{"damage_healed":0,"gold_gain":0,"player_choice":"Ignored","damage_taken":0,"max_hp_gain":0,"max_hp_loss":0,"event_name":"Vampires","floor":22,"gold_loss":0}],"is_beta":false,"boss_relics":[{"not_picked":["Ectoplasm","Runic Dome","Fusion Hammer"]}],"items_purged_floors":[19],"is_endless":false,"potions_floor_spawned":[10,12,14,16,21],"killed_by":"Gremlin Leader","ascension_level":3}}