{"host":"5fasz840ryq7obdf","time":1610060141,"event":{"mods":["2.2 Compatiblity","AchievementEnabler","BaseMod","Bestiary","Better Altar","Better Skull","Better Third Choice","BetterRewards","Block Reminder","Colored Powertips","Curses Come First","Minty Spire (QoL Compilation)","Quick Restart","Relic Sorter","Relic Stats","Replay The Spire","Shop Mod","Spicy Shops","StSLib","SuperFastMode","ojb\u0027s Better Paths Mod","ojb\u0027s Info Mod"],"gold_per_floor":[111,122,197,197,197,209,221,255,278,303,327,354,409,429,32,57,57,135,135,147,159,194,394,406,440,464,494,494,394,419,444,138,138,138,222,222,242,242,267,117,144,180,196,235,304,304,51,51,64,101,101,101,101,101,101,64,152,152,152],"floor_reached":58,"playtime":3875,"items_purged":["Pride","Pain","Strike_B","Doubt"],"score":2516,"play_id":"916d3d08-11fc-41e9-a30e-8b9c76bdadc6","local_time":"20210107225541","is_ascension_mode":true,"campfire_choices":[{"data":"Apotheosis","floor":17.0,"key":"SMITH"},{"data":"Hologram","floor":34.0,"key":"SMITH"},{"floor":46.0,"key":"RECALL"},{"data":"Coolheaded","floor":48.0,"key":"SMITH"},{"floor":51.0,"key":"REST"},{"data":"Loop","floor":55.0,"key":"SMITH"}],"circlet_count":0,"master_deck":["AscendersBane","Strike_B+1","Strike_B+1","Defend_B","Defend_B","Defend_B","Defend_B","Zap","Dualcast","Apotheosis+1","Cold Snap","BootSequence+1","Undo","Loop+1","Hologram+1","Cold Snap","BasicCrystalCard+1","Glacier","Ball Lightning","Reboot","Undo","Core Surge","Steam","Coolheaded+1","Conserve Battery","Biased Cognition","Reboot","Core Surge","Machine Learning","Go for the Eyes","ReplayTheSpireMod:Calculation Training","Steam","Echo Form","Biased Cognition","Doom and Gloom","Chill+1","Redo+1","Rip and Tear","Electrodynamics","Stack","Hologram+1","ReplayTheSpireMod:Private Reserves","Finesse","Replay:Bootleg Shield Generator","Storm+1","Heatsinks","Aggregate+1","Recycle+1","Pot Of Greed","Pot Of Greed","Pot Of Greed","Pot Of Greed","Pot Of Greed","Panic Button+1"],"relics":["Cracked Core","BargainBundle","TungstenRod","Blood Vial","Simple Rune","Orichalcum","Lantern","Mummified Hand","MealTicket","Runic Capacitor","Boot","Inserter","Pantograph","CeramicFish","Anchor","Geode","Toolbox","Nuclear Battery","Blue Doll","Quantum Egg","Carrot","Happy Flower","Ancient Tea Set","PreservedInsect","Grinning Jar"],"acts_visited":["Exordium","TheCity","TheBeyond","TheEnding"],"potions_floor_usage":[58],"damage_taken":[{"damage":0.0,"enemies":"Cultist","floor":1.0,"turns":3.0},{"damage":0.0,"enemies":"Small Slimes","floor":2.0,"turns":3.0},{"damage":0.0,"enemies":"Jaw Worm","floor":6.0,"turns":2.0},{"damage":0.0,"enemies":"3 Louse","floor":7.0,"turns":4.0},{"damage":0.0,"enemies":"Lagavulin","floor":8.0,"turns":7.0},{"damage":10.0,"enemies":"Gremlin Nob","floor":10.0,"turns":4.0},{"damage":1.0,"enemies":"3 Sentries","floor":12.0,"turns":5.0},{"damage":3.0,"enemies":"3 Sentries","floor":13.0,"turns":8.0},{"damage":1.0,"enemies":"Exordium Thugs","floor":14.0,"turns":4.0},{"damage":0.0,"enemies":"Gremlin Nob","floor":16.0,"turns":3.0},{"damage":18.0,"enemies":"The Guardian","floor":18.0,"turns":10.0},{"damage":0.0,"enemies":"Shell Parasite","floor":20.0,"turns":5.0},{"damage":0.0,"enemies":"3 Byrds","floor":21.0,"turns":4.0},{"damage":0.0,"enemies":"Snake Plant","floor":24.0,"turns":3.0},{"damage":0.0,"enemies":"Book of Stabbing","floor":25.0,"turns":7.0},{"damage":9.0,"enemies":"3 Cultists","floor":26.0,"turns":7.0},{"damage":5.0,"enemies":"Gremlin Leader","floor":27.0,"turns":6.0},{"damage":0.0,"enemies":"Centurion and Healer","floor":30.0,"turns":6.0},{"damage":9.0,"enemies":"Slavers","floor":31.0,"turns":10.0},{"damage":9.0,"enemies":"Pondfish","floor":35.0,"turns":10.0},{"damage":0.0,"enemies":"Orb Walker","floor":37.0,"turns":3.0},{"damage":0.0,"enemies":"3 Shapes","floor":39.0,"turns":6.0},{"damage":4.0,"enemies":"Giant Head","floor":42.0,"turns":8.0},{"damage":0.0,"enemies":"Maw","floor":43.0,"turns":6.0},{"damage":6.0,"enemies":"Nemesis","floor":44.0,"turns":7.0},{"damage":0.0,"enemies":"3 Darklings","floor":49.0,"turns":5.0},{"damage":30.0,"enemies":"Reptomancer","floor":50.0,"turns":5.0},{"damage":22.0,"enemies":"Donu and Deca","floor":52.0,"turns":8.0},{"damage":13.0,"enemies":"Replay:Hell Engine","floor":53.0,"turns":12.0},{"damage":65.0,"enemies":"Shield and Spear","floor":57.0,"turns":5.0},{"damage":101,"enemies":"The Heart","floor":58,"turns":5}],"seed_played":"-6823533318667645905","potions_obtained":[{"floor":6.0,"key":"AttackPotion"},{"floor":7.0,"key":"Ancient Potion"},{"floor":8.0,"key":"SkillPotion"},{"floor":14.0,"key":"FairyPotion"},{"floor":18.0,"key":"FocusPotion"},{"floor":50.0,"key":"CultistPotion"}],"is_trial":false,"path_per_floor":["M","M","?","PTL","PTL","M","M","E","T","E","T","E","?","M","$","E","R","B",null,"M","M","?","?","M","E","M","E","T","$","M","E","$","?","R","B",null,"M","?","M","$","?","E","M","E","T","R","$","R","M","E","R","B","B",null,"R","$","E","B"],"character_chosen":"DEFECT","items_purchased":["BargainBundle","Apotheosis","Cold Snap","BootSequence+1","Undo","Loop","TungstenRod","Hologram","Cold Snap","BasicCrystalCard+1","Glacier","Runic Capacitor","Biased Cognition","Reboot","Redo+1","Toolbox","Rip and Tear","Happy Flower","Ancient Tea Set","Recycle+1"],"campfire_rested":1,"item_purchase_floors":[0,0,0,0,0,0,0,0,0,0,0,15,15,15,32,32,32,47,47,56],"current_hp_per_floor":[32,32,22,22,22,22,22,22,22,14,14,15,14,15,30,32,32,16,57,59,61,61,61,63,65,58,55,55,70,71,62,71,71,71,62,69,71,71,71,71,62,60,62,58,58,58,71,71,71,41,62,49,58,68,68,71,6,0,0],"gold":152,"neow_bonus":"","is_daily":false,"chose_seed":false,"campfire_upgraded":4,"win_rate":0.0,"timestamp":1610060141,"path_taken":["M","?","?","PTL","PTL","M","M","E","?","E","T","E","?","M","$","E","R","BOSS","M","M","?","?","M","E","M","E","T","$","?","E","$","?","R","BOSS","M","?","M","$","?","E","M","E","T","R","$","R","M","E","R","BOSS","BOSS","R","$","E","BOSS"],"items_purchased_type":["Relic","Card","Card","Card","Card","Card","Relic","Card","Card","Card","Card","Relic","Card","Card","Card","Relic","Card","Relic","Relic","Card"],"build_version":"2020-12-22","purchased_purges":4,"victory":false,"max_hp_per_floor":[71,71,71,71,71,71,71,71,71,71,71,71,71,71,71,71,71,71,71,71,71,71,71,71,71,71,71,71,71,71,71,71,71,71,71,71,71,71,71,71,71,71,71,71,71,71,71,71,71,71,71,71,71,71,71,71,71,71,71],"relic_stats":{"Inserter":[58],"Happy Flower":[13],"counters":[31,181],"CeramicFish":198,"PreservedInsect":77,"Orichalcum":[192],"Boot":[89],"Blood Vial":35,"Mummified Hand":[106],"Pantograph":56,"MealTicket":55,"obtain_stats":[{"Lantern":11,"Carrot":45,"CeramicFish":25,"Blue Doll":42,"Runic Capacitor":15,"Boot":16,"Ancient Tea Set":47,"Blood Vial":8,"Mummified Hand":12,"Pantograph":22,"Toolbox":32,"MealTicket":13,"Cracked Core":0,"BargainBundle":0,"Inserter":19,"Happy Flower":47,"Quantum Egg":44,"PreservedInsect":50,"Geode":31,"Orichalcum":10,"Nuclear Battery":36,"Anchor":27,"Simple Rune":9,"Grinning Jar":57,"TungstenRod":0},{"Lantern":6,"Carrot":25,"CeramicFish":15,"Blue Doll":23,"Runic Capacitor":9,"Boot":10,"Ancient Tea Set":25,"Blood Vial":5,"Mummified Hand":7,"Pantograph":13,"Toolbox":19,"MealTicket":8,"Cracked Core":0,"BargainBundle":0,"Inserter":11,"Happy Flower":25,"Quantum Egg":25,"PreservedInsect":27,"Geode":19,"Orichalcum":6,"Nuclear Battery":20,"Anchor":17,"Simple Rune":5,"Grinning Jar":30,"TungstenRod":0},{"Lantern":23,"Carrot":141,"CeramicFish":72,"Blue Doll":128,"Runic Capacitor":40,"Boot":43,"Ancient Tea Set":141,"Blood Vial":19,"Mummified Hand":28,"Pantograph":62,"Toolbox":101,"MealTicket":36,"Cracked Core":0,"BargainBundle":0,"Inserter":53,"Happy Flower":141,"Quantum Egg":141,"PreservedInsect":151,"Geode":101,"Orichalcum":23,"Nuclear Battery":111,"Anchor":85,"Simple Rune":19,"Grinning Jar":176,"TungstenRod":0}],"TungstenRod":80},"card_choices":[{"not_picked":["Steam","Gash"],"picked":"Ball Lightning","floor":1.0},{"not_picked":["FIFO Queue","Hologram"],"picked":"Reboot","floor":2.0},{"not_picked":["ReplayGash","Fusion"],"picked":"Undo","floor":6.0},{"not_picked":["Rebound","Compile Driver","Sweeping Beam"],"picked":"SKIP","floor":7.0},{"not_picked":["Crystallizer","Conserve Battery"],"picked":"Core Surge","floor":8.0},{"not_picked":["Beam Cell","Meteor Strike"],"picked":"Steam","floor":10.0},{"not_picked":["Rebound","Ball Lightning"],"picked":"Coolheaded","floor":12.0},{"not_picked":["Reprogram","Leap"],"picked":"Conserve Battery","floor":13.0},{"not_picked":["Reprogram","BasicCrystalCard","Barrage"],"picked":"SKIP","floor":14.0},{"not_picked":["Rebound","Conserve Battery"],"picked":"Core Surge","floor":16.0},{"not_picked":["Reboot","Mirror Shield"],"picked":"Machine Learning","floor":18.0},{"not_picked":["Leap","Scrape"],"picked":"Go for the Eyes","floor":20.0},{"not_picked":["Go for the Eyes","Ball Lightning"],"picked":"ReplayTheSpireMod:Calculation Training","floor":21.0},{"not_picked":["Hello World","Streamline"],"picked":"Steam","floor":22.0},{"not_picked":["Panic Button","Self Repair"],"picked":"Echo Form","floor":22.0},{"not_picked":["Sweeping Beam","Rebound","Steam Power"],"picked":"SKIP","floor":24.0},{"not_picked":["Sweeping Beam","Streamline"],"picked":"Biased Cognition","floor":25.0},{"not_picked":["Redo","Panic Button"],"picked":"Doom and Gloom","floor":26.0},{"not_picked":["Barrage","Rebound","Turbo"],"picked":"SKIP","floor":27.0},{"not_picked":["Reprogram","Static Discharge+1"],"picked":"Chill+1","floor":30.0},{"not_picked":["ReplayTheSpireMod:GoodbyeWorld+1","Barrage","Beam Cell"],"picked":"SKIP","floor":31.0},{"not_picked":["Amplify","ReplayRNGCard"],"picked":"Electrodynamics","floor":35.0},{"not_picked":["BootSequence","ReplayTheSpireMod:Repulse"],"picked":"Stack","floor":37.0},{"not_picked":["Cold Snap+1","Coolheaded+1"],"picked":"Hologram+1","floor":39.0},{"not_picked":["Specialist","Apotheosis"],"picked":"ReplayTheSpireMod:Private Reserves","floor":41.0},{"not_picked":["PanicButton","ReplayTheSpireMod:Uncanny Aura"],"picked":"Finesse","floor":41.0},{"not_picked":["Finesse","Replay:Parry"],"picked":"Replay:Bootleg Shield Generator","floor":41.0},{"not_picked":["Doom and Gloom","Turbo"],"picked":"Storm+1","floor":42.0},{"not_picked":["Steam Power","Tempest","Turbo"],"picked":"SKIP","floor":43.0},{"not_picked":["ReplayTheSpireMod:Omega Cannon","Rebound"],"picked":"Heatsinks","floor":44.0},{"not_picked":["Steam","Gash+1","BasicCrystalCard"],"picked":"SKIP","floor":49.0},{"not_picked":["Time Bomb","Ball Lightning+1"],"picked":"Aggregate+1","floor":50.0},{"not_picked":["Gash","ReplayTheSpireMod:System Scan"],"picked":"Panic Button+1","floor":57.0}],"player_experience":1445737,"relics_obtained":[{"floor":8.0,"key":"Blood Vial"},{"floor":9.0,"key":"Simple Rune"},{"floor":10.0,"key":"Orichalcum"},{"floor":11.0,"key":"Lantern"},{"floor":12.0,"key":"Mummified Hand"},{"floor":13.0,"key":"MealTicket"},{"floor":16.0,"key":"Boot"},{"floor":22.0,"key":"Pantograph"},{"floor":25.0,"key":"CeramicFish"},{"floor":27.0,"key":"Anchor"},{"floor":31.0,"key":"Geode"},{"floor":42.0,"key":"Blue Doll"},{"floor":44.0,"key":"Quantum Egg"},{"floor":45.0,"key":"Carrot"},{"floor":50.0,"key":"PreservedInsect"},{"floor":57.0,"key":"Grinning Jar"}],"event_choices":[{"damage_healed":0.0,"max_hp_gain":0.0,"max_hp_loss":0.0,"gold_gain":75.0,"event_name":"betterThird:BetterGoop","player_choice":"Gold","floor":3.0,"gold_loss":0.0,"damage_taken":11.0},{"damage_healed":0.0,"max_hp_gain":0.0,"max_hp_loss":0.0,"gold_gain":30.0,"event_name":"Dead Adventurer","player_choice":"Searched \u00272\u0027 times","floor":13.0,"gold_loss":0.0,"damage_taken":0.0},{"damage_healed":0.0,"max_hp_gain":0.0,"max_hp_loss":0.0,"gold_gain":200.0,"event_name":"Wheel of Change","player_choice":"Gold","floor":23.0,"gold_loss":0.0,"damage_taken":0.0},{"damage_healed":0.0,"max_hp_gain":0.0,"max_hp_loss":0.0,"gold_gain":0.0,"event_name":"Cursed Tome","player_choice":"Ignored","floor":33.0,"gold_loss":0.0,"damage_taken":0.0},{"cards_removed":["Strike_B"],"damage_healed":0.0,"max_hp_gain":0.0,"max_hp_loss":0.0,"gold_gain":0.0,"event_name":"Falling","player_choice":"Removed Attack","floor":38.0,"gold_loss":0.0,"damage_taken":0.0},{"damage_healed":0.0,"max_hp_gain":0.0,"max_hp_loss":0.0,"gold_gain":0.0,"event_name":"SensoryStone","player_choice":"Memory 3","floor":41.0,"gold_loss":0.0,"damage_taken":10.0}],"is_beta":false,"boss_relics":[{"not_picked":["SlaversCollar","Abe\u0027s Treasure"],"picked":"Inserter"},{"not_picked":["Ring of Chaos","Sozu"],"picked":"Nuclear Battery"}],"items_purged_floors":[0,29,32,40],"is_endless":false,"potions_floor_spawned":[6,7,8,14,18,20,24,25,27,31,37,43,50],"killed_by":"The Heart","ascension_level":20}}