{"host":"s794kqxf2n1qz2yr","time":1610049798,"event":{"mods":["100% Spire Juice","2.2 Compatiblity","AchievementEnabler","Aspiration","BaseMod","ChefMod","Downfall","Friendly Minions","Hermit","HololiveMod","Melee Mod","Minty Spire (QoL Compilation)","Permanent Neow","StSLib","The Disciple","The Marked"],"gold_per_floor":[115,115,80,80,90,90,90],"floor_reached":6,"playtime":607,"items_purged":[],"score":34,"play_id":"194c8cf7-dfe3-4d6d-a105-d8024d4c6257","local_time":"20210107200318","is_ascension_mode":false,"campfire_choices":[],"circlet_count":0,"master_deck":["chefmod:Strike","chefmod:Strike","chefmod:Strike","chefmod:Strike","chefmod:Defend","chefmod:Defend","chefmod:Defend","chefmod:QuickThaw","chefmod:TodaysSpecial","chefmod:BananaSplit","chefmod:Bruschetta"],"relics":["chefmod:TrustyPot","Anchor"],"acts_visited":["Exordium"],"potions_floor_usage":[6],"damage_taken":[{"damage":5,"enemies":"Small Slimes","floor":1,"turns":4},{"damage":0,"enemies":"2 Louse","floor":5,"turns":4},{"damage":51,"enemies":"3 Sentries","floor":6,"turns":8}],"seed_played":"5444326494222440146","potions_obtained":[{"floor":1,"key":"Dexterity Potion"}],"is_trial":false,"path_per_floor":["M","?","?","?","M","E"],"character_chosen":"THE_CHEF","items_purchased":[],"campfire_rested":0,"item_purchase_floors":[],"current_hp_per_floor":[71,38,57,50,50,0,0],"gold":90,"neow_bonus":"ONE_RANDOM_RARE_CARD","is_daily":false,"chose_seed":false,"campfire_upgraded":0,"win_rate":0.0,"timestamp":1610049798,"path_taken":["M","?","?","?","M","E"],"items_purchased_type":[],"build_version":"2020-12-22","purchased_purges":0,"victory":false,"max_hp_per_floor":[76,76,76,76,76,76,76],"card_choices":[{"not_picked":["chefmod:Julienne","chefmod:FiveAlarmChili"],"picked":"chefmod:Bruschetta","floor":1},{"not_picked":["chefmod:ColdSteel","chefmod:SpaghettiCarbonara","chefmod:Chop"],"picked":"SKIP","floor":5}],"player_experience":321610,"relics_obtained":[],"event_choices":[{"damage_healed":0,"gold_gain":0,"player_choice":"Success","damage_taken":33,"relics_obtained":["Anchor"],"max_hp_gain":0,"max_hp_loss":0,"event_name":"Scrap Ooze","floor":2,"gold_loss":0},{"damage_healed":19,"gold_gain":0,"player_choice":"Healed","damage_taken":0,"max_hp_gain":0,"max_hp_loss":0,"event_name":"The Cleric","floor":3,"gold_loss":35},{"cards_removed":["chefmod:Strike"],"damage_healed":0,"gold_gain":0,"player_choice":"Card Removal","damage_taken":7,"max_hp_gain":0,"max_hp_loss":0,"event_name":"Golden Wing","floor":4,"gold_loss":0}],"is_beta":false,"boss_relics":[],"items_purged_floors":[],"is_endless":false,"potions_floor_spawned":[1],"killed_by":"3 Sentries","ascension_level":0}}