{"host":"5fasz840ryq7obdf","time":1610026461,"event":{"mods":["2.2 Compatiblity","AchievementEnabler","BaseMod","Bestiary","Better Altar","Better Skull","Better Third Choice","BetterRewards","Block Reminder","Colored Powertips","Curses Come First","Downfall","Minty Spire (QoL Compilation)","Quick Restart","Relic Sorter","Relic Stats","Shop Mod","Spicy Shops","StSLib","SuperFastMode","ojb\u0027s Better Paths Mod","ojb\u0027s Info Mod"],"gold_per_floor":[33,53,71,88,88,118,118,148,148,18,18,53,85,143,143,242,242,277,290,215,255,322,398,459,513,513,513,556,609,668,712,712,811,811,850,900,217,229,7,32,32,85,85,104,143,186,218,269,269,294,294,294,294,5,58,58],"floor_reached":57,"playtime":3531,"items_purged":["Strike_G","Strike_G","Strike_G","Strike_G","Shame","Defend_G","Pain"],"score":4227,"play_id":"6f07f376-3fc7-472f-8342-682538bb97ff","local_time":"20210107133421","is_ascension_mode":true,"campfire_choices":[{"data":"Panache","floor":7,"key":"SMITH"},{"data":"HandOfGreed","floor":15,"key":"SMITH"},{"data":"Well Laid Plans","floor":27,"key":"SMITH"},{"data":"Infinite Blades","floor":32,"key":"SMITH"},{"floor":41,"key":"RECALL"},{"data":"A Thousand Cuts","floor":49,"key":"SMITH"},{"data":"Footwork","floor":53,"key":"SMITH"}],"circlet_count":0,"master_deck":["AscendersBane","Defend_G+1","Defend_G+1","Survivor","Neutralize","Cloak And Dagger+1","Outmaneuver+1","Finisher","Blade Dance+1","Calculated Gamble+1","Adrenaline+1","PiercingWail+1","Prepared+1","Blade Dance+1","A Thousand Cuts+1","Footwork+1","Crippling Poison+1","Infinite Blades+1","Panache+1","Well Laid Plans+1","Blade Dance+1","Backflip+1","HandOfGreed+1","Blur+1","Die Die Die","Crippling Poison+1","Wraith Form v2+1","Acrobatics+1","Backflip+1","Prepared+1","Wraith Form v2+1","Terror+1","Footwork+1","Corpse Explosion+1","Cloak And Dagger+1","Envenom+1","expansioncontent:CaCaw+1","Leg Sweep+1","Finisher","After Image+1","Master of Strategy+1","Escape Plan+1"],"relics":["Ring of the Snake","Toxic Egg 2","Membership Card","Orrery","Ornamental Fan","Shuriken","Lantern","Paper Crane","Guardian:GemstoneGun","Sling","Bird Faced Urn","Anchor","Question Card","Frozen Egg 2","Meat on the Bone","HandDrill","Pen Nib","Cursed Key","Pear","Vajra","Matryoshka","Happy Flower","Red Mask","Runic Dome","Thread and Needle","Ginger","TwistedFunnel","Guardian:PocketSentry","Bag of Preparation","Nunchaku","OrangePellets","Bottled Flame","Singing Bowl","War Paint","Mango","StoneCalendar","Art of War"],"acts_visited":["Exordium","TheCity","TheBeyond","TheEnding"],"potions_floor_usage":[50,56],"damage_taken":[{"damage":0,"enemies":"2 Louse","floor":1,"turns":2},{"damage":0,"enemies":"Cultist","floor":2,"turns":2},{"damage":0,"enemies":"Jaw Worm","floor":3,"turns":2},{"damage":0,"enemies":"3 Louse","floor":4,"turns":1},{"damage":0,"enemies":"Gremlin Nob","floor":6,"turns":1},{"damage":0,"enemies":"Lagavulin","floor":8,"turns":2},{"damage":0,"enemies":"Exordium Wildlife","floor":12,"turns":2},{"damage":0,"enemies":"3 Sentries","floor":13,"turns":2},{"damage":0,"enemies":"2 Fungi Beasts","floor":14,"turns":8},{"damage":0,"enemies":"Slime Boss","floor":16,"turns":4},{"damage":0,"enemies":"Shell Parasite","floor":18,"turns":2},{"damage":0,"enemies":"Chosen","floor":19,"turns":4},{"damage":0,"enemies":"Shelled Parasite and Fungi","floor":21,"turns":4},{"damage":12,"enemies":"Centurion and Healer","floor":22,"turns":6},{"damage":1,"enemies":"Slavers","floor":23,"turns":6},{"damage":0,"enemies":"Sentry and Sphere","floor":24,"turns":4},{"damage":0,"enemies":"Book of Stabbing","floor":25,"turns":4},{"damage":0,"enemies":"Chosen and Byrds","floor":28,"turns":1},{"damage":0,"enemies":"Gremlin Leader","floor":29,"turns":3},{"damage":5,"enemies":"Masked Bandits","floor":30,"turns":3},{"damage":0,"enemies":"Snecko","floor":31,"turns":3},{"damage":1,"enemies":"Champ","floor":33,"turns":5},{"damage":11,"enemies":"3 Shapes","floor":35,"turns":4},{"damage":0,"enemies":"Mind Bloom Boss Battle","floor":36,"turns":2},{"damage":0,"enemies":"3 Darklings","floor":38,"turns":2},{"damage":0,"enemies":"Reptomancer","floor":40,"turns":3},{"damage":0,"enemies":"Giant Head","floor":42,"turns":4},{"damage":2,"enemies":"Transient","floor":44,"turns":6},{"damage":13,"enemies":"Writhing Mass","floor":45,"turns":3},{"damage":0,"enemies":"Sphere and 2 Shapes","floor":46,"turns":1},{"damage":2,"enemies":"Nemesis","floor":47,"turns":3},{"damage":4,"enemies":"2 Orb Walkers","floor":48,"turns":2},{"damage":27,"enemies":"Awakened One","floor":50,"turns":5},{"damage":6,"enemies":"Donu and Deca","floor":51,"turns":3},{"damage":5,"enemies":"Shield and Spear","floor":55,"turns":3},{"damage":53,"enemies":"The Heart","floor":56,"turns":8}],"seed_played":"-8384583193159861570","potions_obtained":[{"floor":2,"key":"Block Potion"},{"floor":3,"key":"FearPotion"}],"is_trial":false,"path_per_floor":["M","M","M","M","?","E","R","E","T","$","?","M","E","M","R","B",null,"M","M","?","M","M","E","M","E","T","R","M","E","?","M","R","B",null,"M","?","$","M","$","E","R","E","T","M","M","M","E","?","R","B","B",null,"R","$","E","B",null],"character_chosen":"THE_SILENT","items_purchased":["Toxic Egg 2","Cloak And Dagger+1","Outmaneuver+1","Finisher","Membership Card","Orrery","Ornamental Fan","Shuriken","Lantern","Blade Dance+1","A Thousand Cuts","Paper Crane","Guardian:GemstoneGun","Sling","Footwork","Crippling Poison+1","Bird Faced Urn","Infinite Blades","Anchor","Panache","HandDrill","HandOfGreed","Ginger","TwistedFunnel","Envenom+1","Guardian:PocketSentry","Bag of Preparation","Nunchaku","OrangePellets","expansioncontent:CaCaw+1","After Image+1","Master of Strategy+1"],"campfire_rested":0,"item_purchase_floors":[0,0,0,0,0,0,0,0,0,0,0,0,0,0,0,0,0,0,0,0,10,10,37,37,37,37,37,39,39,39,54,54],"current_hp_per_floor":[26,30,32,34,27,27,27,33,33,33,33,41,47,53,53,63,65,66,66,66,66,58,75,76,76,76,76,76,76,73,76,76,76,76,65,69,69,75,75,76,76,78,78,80,75,77,100,99,99,77,81,95,95,95,95,61],"gold":58,"neow_bonus":"","is_daily":false,"chose_seed":false,"campfire_upgraded":6,"win_rate":0.0,"timestamp":1610026461,"path_taken":["M","M","M","M","?","E","R","E","T","$","?","M","E","M","R","BOSS","M","?","?","M","M","E","M","E","T","R","M","E","?","M","R","BOSS","M","?","$","M","$","E","R","E","T","M","M","M","E","?","R","BOSS","BOSS","R","$","E","BOSS"],"items_purchased_type":["Relic","Card","Card","Card","Relic","Relic","Relic","Relic","Relic","Card","Card","Relic","Relic","Relic","Card","Card","Relic","Card","Relic","Card","Relic","Card","Relic","Relic","Card","Relic","Relic","Relic","Relic","Card","Card","Card"],"build_version":"2020-12-22","purchased_purges":7,"victory":true,"max_hp_per_floor":[66,66,66,66,66,66,66,66,66,66,66,66,66,66,66,66,66,66,66,66,66,66,76,76,76,76,76,76,76,76,76,76,76,76,76,76,76,76,76,76,76,78,78,80,82,84,100,100,100,100,100,100,100,100,100,100],"relic_stats":{"Happy Flower":[78],"Singing Bowl":44,"counters":[214,850],"StoneCalendar":[0],"Pen Nib":[53],"Bag of Preparation":[130],"Ginger":[6],"War Paint":["ThirdEye","Protect","Defend_G","Defend_G"],"Question Card":28,"Cursed Key":4,"OrangePellets":[26],"Nunchaku":[31],"Ornamental Fan":[368],"Shuriken":[212],"Bird Faced Urn":[223],"HandDrill":[128],"Art of War":[76],"obtain_stats":[{"TwistedFunnel":44,"Golden Egg":53,"Whetstone":43,"Ginger":55,"Bottled Tornado":46,"Boot":25,"Sling":0,"Old Coin":19,"Blood Vial":48,"Replay:Ringing Soul":11,"MealTicket":8,"HandDrill":0,"Kunai":27,"Replay:Wax Seal":0,"Pear":31,"Blue Candle":45,"Velvet Choker":17,"Pen Nib":49,"Replay:Ancient Bell":34,"Guardian:PocketSentry":37,"Paper Crane":0,"Akabeko":9,"SlaversCollar":34,"Runic Dome":34,"Bird Faced Urn":0,"Pandora\u0027s Box":19,"Kintsugi":17,"Abe\u0027s Treasure":17,"Lantern":49,"Regal Pillow":27,"Torii":0,"Singing Bowl":44,"StoneCalendar":29,"Bag of Preparation":37,"Ancient Tea Set":6,"Smiling Mask":40,"Cursed Key":17,"Shovel":8,"Matryoshka":7,"Ninja Scroll":0,"Ring of Peace":5,"Toolbox":40,"WingedGreaves":39,"Chemical X":44,"Ring of Panic":19,"InkBottle":44,"Ring of the Snake":0,"Potion Belt":25,"The Specimen":0,"Golden Idol":3,"Basket Of Snakes":0,"Guardian:GemstoneGun":0,"Thread and Needle":0,"PreservedInsect":0,"The Courier":15,"champ:DeflectingBracers":0,"Omamori":31,"Ring of Greed":19,"Frozen Egg 2":0,"MawBank":3,"Replay:Arrowhead":42,"Ornamental Fan":44,"Orrery":0,"Turnip":34,"Art of War":0,"Garlic":10,"Durian":29,"Bottled Lightning":9,"ReplayTheSpireMod:Ring of Challenge":5,"ReplayTheSpireMod:Lightbulb":8,"Ice Cream":43,"Divine Protection":31,"Calipers":0,"Gremlin Horn":0,"Vajra":0,"HoveringKite":34,"Centennial Puzzle":50,"Lizard Tail":23,"HornCleat":25,"DollysMirror":48,"Strawberry":25,"Honey Jar":36,"Prayer Wheel":15,"Iron Hammer":9,"Toxic Egg 2":0,"Girya":0,"Happy Flower":0,"ReplayTheSpireMod:CursedCoin":23,"Dead Branch":55,"Oddly Smooth Stone":44,"Letter Opener":10,"War Paint":10,"Question Card":46,"Du-Vu Doll":48,"OrangePellets":0,"Replay:Baseball":55,"Bottled Flame":40,"ReplayTheSpireMod:Shallot":13,"Shuriken":25,"Bronze Scales":48,"Simple Rune":42,"Black Star":19,"ReplayTheSpireMod:TigerMarble":25,"Mirror":27,"ReplayTheSpireMod:DimensionalGlitch":36,"Meat on the Bone":30,"Pocketwatch":40,"ReplayFunnel":22,"Darkstone Periapt":48,"Mango":46,"Snake Skull":23,"Sizzling Blood":3,"Juzu Bracelet":31,"Incense Burner":0,"ClockworkSouvenir":0,"Frozen Eye":48,"Nunchaku":11,"Dream Catcher":31,"Replay:Bandana":8,"Tough Bandages":0,"Chameleon Ring":45,"Mummified Hand":49,"Tiny Chest":24,"Red Mask":33,"Replay:Bottled Snecko":47,"BargainBundle":0,"Replay:Towering Pillar of Hats":54,"Quantum Egg":50,"Replay:WaspNest":21,"Orichalcum":27,"White Beast Statue":11,"Mercury Hourglass":38,"Strange Spoon":0,"Anchor":45,"Bag of Marbles":25,"Membership Card":0,"TungstenRod":0,"FossilizedHelix":10},{"TwistedFunnel":21,"Golden Egg":88,"Whetstone":51,"Ginger":119,"Bottled Tornado":22,"Boot":11,"Sling":120,"Old Coin":101,"Blood Vial":86,"Replay:Ringing Soul":32,"MealTicket":96,"HandDrill":59,"Kunai":12,"Replay:Wax Seal":90,"Pear":76,"Blue Candle":141,"Velvet Choker":159,"Pen Nib":86,"Replay:Ancient Bell":108,"Guardian:PocketSentry":202,"Paper Crane":0,"Akabeko":123,"SlaversCollar":167,"Runic Dome":200,"Bird Faced Urn":27,"Pandora\u0027s Box":37,"Kintsugi":100,"Abe\u0027s Treasure":68,"Lantern":24,"Regal Pillow":73,"Torii":90,"Singing Bowl":141,"StoneCalendar":41,"Bag of Preparation":202,"Ancient Tea Set":62,"Smiling Mask":139,"Cursed Key":188,"Shovel":64,"Matryoshka":123,"Ninja Scroll":120,"Ring of Peace":61,"Toolbox":49,"WingedGreaves":18,"Chemical X":21,"Ring of Panic":101,"InkBottle":21,"Ring of the Snake":0,"Potion Belt":72,"The Specimen":90,"Golden Idol":61,"Basket Of Snakes":59,"Guardian:GemstoneGun":178,"Thread and Needle":120,"PreservedInsect":0,"The Courier":35,"champ:DeflectingBracers":148,"Omamori":43,"Ring of Greed":101,"Frozen Egg 2":148,"MawBank":1,"Replay:Arrowhead":20,"Ornamental Fan":21,"Orrery":57,"Turnip":108,"Art of War":0,"Garlic":32,"Durian":74,"Bottled Lightning":154,"ReplayTheSpireMod:Ring of Challenge":61,"ReplayTheSpireMod:Lightbulb":4,"Ice Cream":21,"Divine Protection":13,"Calipers":120,"Gremlin Horn":148,"Vajra":0,"HoveringKite":77,"Centennial Puzzle":25,"Lizard Tail":130,"HornCleat":11,"DollysMirror":174,"Strawberry":40,"Honey Jar":15,"Prayer Wheel":35,"Iron Hammer":64,"Toxic Egg 2":120,"Girya":59,"Happy Flower":90,"ReplayTheSpireMod:CursedCoin":39,"Dead Branch":147,"Oddly Smooth Stone":21,"Letter Opener":64,"War Paint":97,"Question Card":22,"Du-Vu Doll":23,"OrangePellets":57,"Replay:Baseball":89,"Bottled Flame":204,"ReplayTheSpireMod:Shallot":5,"Shuriken":72,"Bronze Scales":23,"Simple Rune":20,"Black Star":9,"ReplayTheSpireMod:TigerMarble":105,"Mirror":12,"ReplayTheSpireMod:DimensionalGlitch":46,"Meat on the Bone":133,"Pocketwatch":139,"ReplayFunnel":10,"Darkstone Periapt":53,"Mango":115,"Snake Skull":39,"Sizzling Blood":91,"Juzu Bracelet":107,"Incense Burner":120,"ClockworkSouvenir":120,"Frozen Eye":174,"Nunchaku":5,"Dream Catcher":13,"Replay:Bandana":31,"Tough Bandages":120,"Chameleon Ring":84,"Mummified Hand":24,"Tiny Chest":72,"Red Mask":45,"Replay:Bottled Snecko":115,"BargainBundle":0,"Replay:Towering Pillar of Hats":88,"Quantum Egg":25,"Replay:WaspNest":102,"Orichalcum":40,"White Beast Statue":65,"Mercury Hourglass":80,"Strange Spoon":90,"Anchor":21,"Bag of Marbles":72,"Membership Card":0,"TungstenRod":0,"FossilizedHelix":5},{"TwistedFunnel":117,"Golden Egg":427,"Whetstone":243,"Ginger":526,"Bottled Tornado":123,"Boot":58,"Sling":532,"Old Coin":465,"Blood Vial":414,"Replay:Ringing Soul":168,"MealTicket":450,"HandDrill":286,"Kunai":65,"Replay:Wax Seal":434,"Pear":378,"Blue Candle":585,"Velvet Choker":653,"Pen Nib":414,"Replay:Ancient Bell":485,"Guardian:PocketSentry":807,"Paper Crane":0,"Akabeko":537,"SlaversCollar":682,"Runic Dome":801,"Bird Faced Urn":154,"Pandora\u0027s Box":186,"Kintsugi":463,"Abe\u0027s Treasure":339,"Lantern":133,"Regal Pillow":365,"Torii":434,"Singing Bowl":585,"StoneCalendar":197,"Bag of Preparation":807,"Ancient Tea Set":307,"Smiling Mask":580,"Cursed Key":756,"Shovel":317,"Matryoshka":537,"Ninja Scroll":532,"Ring of Peace":299,"Toolbox":232,"WingedGreaves":98,"Chemical X":117,"Ring of Panic":465,"InkBottle":117,"Ring of the Snake":0,"Potion Belt":359,"The Specimen":434,"Golden Idol":299,"Basket Of Snakes":286,"Guardian:GemstoneGun":730,"Thread and Needle":532,"PreservedInsect":0,"The Courier":178,"champ:DeflectingBracers":613,"Omamori":205,"Ring of Greed":465,"Frozen Egg 2":613,"MawBank":3,"Replay:Arrowhead":110,"Ornamental Fan":117,"Orrery":277,"Turnip":485,"Art of War":0,"Garlic":168,"Durian":371,"Bottled Lightning":632,"ReplayTheSpireMod:Ring of Challenge":299,"ReplayTheSpireMod:Lightbulb":17,"Ice Cream":117,"Divine Protection":71,"Calipers":532,"Gremlin Horn":613,"Vajra":0,"HoveringKite":383,"Centennial Puzzle":138,"Lizard Tail":553,"HornCleat":58,"DollysMirror":709,"Strawberry":194,"Honey Jar":82,"Prayer Wheel":178,"Iron Hammer":317,"Toxic Egg 2":532,"Girya":286,"Happy Flower":434,"ReplayTheSpireMod:CursedCoin":191,"Dead Branch":606,"Oddly Smooth Stone":117,"Letter Opener":317,"War Paint":453,"Question Card":123,"Du-Vu Doll":128,"OrangePellets":277,"Replay:Baseball":429,"Bottled Flame":812,"ReplayTheSpireMod:Shallot":26,"Shuriken":359,"Bronze Scales":128,"Simple Rune":110,"Black Star":46,"ReplayTheSpireMod:TigerMarble":477,"Mirror":65,"ReplayTheSpireMod:DimensionalGlitch":218,"Meat on the Bone":562,"Pocketwatch":580,"ReplayFunnel":49,"Darkstone Periapt":253,"Mango":508,"Snake Skull":191,"Sizzling Blood":437,"Juzu Bracelet":481,"Incense Burner":532,"ClockworkSouvenir":532,"Frozen Eye":709,"Nunchaku":26,"Dream Catcher":71,"Replay:Bandana":165,"Tough Bandages":532,"Chameleon Ring":409,"Mummified Hand":133,"Tiny Chest":359,"Red Mask":212,"Replay:Bottled Snecko":508,"BargainBundle":0,"Replay:Towering Pillar of Hats":427,"Quantum Egg":138,"Replay:WaspNest":469,"Orichalcum":194,"White Beast Statue":323,"Mercury Hourglass":393,"Strange Spoon":434,"Anchor":117,"Bag of Marbles":359,"Membership Card":0,"TungstenRod":0,"FossilizedHelix":26}],"Ring of the Snake":[188],"Meat on the Bone":0},"card_choices":[{"not_picked":["Acrobatics+1","Masterful Stab"],"picked":"Blade Dance+1","floor":0.0},{"not_picked":["Heel Hook","Deflect+1"],"picked":"Calculated Gamble+1","floor":0.0},{"not_picked":["Sucker Punch","Bane"],"picked":"Adrenaline+1","floor":0.0},{"not_picked":["Dash","Acrobatics+1"],"picked":"PiercingWail+1","floor":0.0},{"not_picked":["Concentrate+1","Deflect+1"],"picked":"Prepared+1","floor":0.0},{"not_picked":["Outmaneuver+1","Backstab"],"picked":"Well Laid Plans","floor":1},{"not_picked":["Outmaneuver+1","Setup+1","Dagger Throw"],"picked":"SKIP","floor":2},{"not_picked":["Eviscerate","Underhanded Strike"],"picked":"Blade Dance+1","floor":3},{"not_picked":["Dagger Spray","Riddle With Holes","Acrobatics+1"],"picked":"SKIP","floor":4},{"not_picked":["Catalyst+1","Underhanded Strike","Sucker Punch"],"picked":"SKIP","floor":6},{"not_picked":["Dodge and Roll+1","Well Laid Plans+1","Sucker Punch"],"picked":"Backflip+1","floor":8},{"not_picked":["Tactician+1","Prepared+1","Deadly Poison+1"],"picked":"Die Die Die","floor":12},{"not_picked":["Cloak And Dagger+1","Caltrops+1","Quick Slash"],"picked":"Crippling Poison+1","floor":13},{"not_picked":["Heel Hook","Underhanded Strike","Escape Plan+1","Slice"],"picked":"SKIP","floor":14},{"not_picked":["Burst+1","Tools of the Trade+1","Unload"],"picked":"Wraith Form v2+1","floor":16},{"not_picked":["Flying Knee","Eviscerate","Outmaneuver+1","PiercingWail+1"],"picked":"SKIP","floor":18},{"not_picked":["Bane","Dash","Dagger Spray","Underhanded Strike"],"picked":"SKIP","floor":19},{"not_picked":["Underhanded Strike","Riddle With Holes+1","Outmaneuver+1"],"picked":"Acrobatics+1","floor":21},{"not_picked":["Reflex+1","Sucker Punch+1","Dodge and Roll+1"],"picked":"Backflip+1","floor":22},{"not_picked":["Choke","All Out Attack","Finisher"],"picked":"Prepared+1","floor":23},{"not_picked":["Deflect+1","Catalyst+1","Calculated Gamble+1"],"picked":"Wraith Form v2+1","floor":24},{"not_picked":["Dash","Acrobatics+1","Bouncing Flask+1","Backstab"],"picked":"SKIP","floor":25},{"not_picked":["Choke","Bouncing Flask+1","Outmaneuver+1","Deadly Poison+1"],"picked":"SKIP","floor":28},{"not_picked":["Deflect+1","Expertise+1","Skewer"],"picked":"Terror+1","floor":29},{"not_picked":["Concentrate+1","Skewer","Riddle With Holes"],"picked":"Footwork+1","floor":30},{"not_picked":["Dodge and Roll+1","Flying Knee","Quick Slash","Poisoned Stab"],"picked":"SKIP","floor":31},{"not_picked":["Glass Knife","Unload","Die Die Die"],"picked":"Corpse Explosion+1","floor":33},{"not_picked":["Backflip+1","Slice+1","Dagger Spray","Heel Hook"],"picked":"SKIP","floor":35},{"not_picked":["Deflect+1","Reflex+1","Underhanded Strike+1"],"picked":"Cloak And Dagger+1","floor":36},{"not_picked":["Quick Slash","Bane","Deadly Poison+1","PiercingWail+1"],"picked":"SKIP","floor":38},{"not_picked":["Deadly Poison+1","Poisoned Stab","Choke"],"picked":"Leg Sweep+1","floor":40},{"not_picked":["Poisoned Stab","Deflect+1","Dash+1","Backflip+1"],"picked":"Singing Bowl","floor":42},{"not_picked":["Leg Sweep+1","Flying Knee","Prepared+1","Acrobatics+1"],"picked":"Singing Bowl","floor":44},{"not_picked":["Die Die Die","Footwork+1","Flechettes","Dagger Spray"],"picked":"Singing Bowl","floor":45},{"not_picked":["Deflect+1","Slice+1","Acrobatics+1","Dodge and Roll+1"],"picked":"Singing Bowl","floor":46},{"not_picked":["Bouncing Flask+1","Noxious Fumes+1","All Out Attack+1","Cloak And Dagger+1"],"picked":"Singing Bowl","floor":47},{"not_picked":["Deflect+1","Prepared+1","Concentrate+1"],"picked":"Finisher","floor":48},{"not_picked":["Choke","Venomology+1","Bullet Time+1"],"picked":"Escape Plan+1","floor":55}],"player_experience":1587928,"relics_obtained":[{"floor":6,"key":"Question Card"},{"floor":8,"key":"Frozen Egg 2"},{"floor":9,"key":"Meat on the Bone"},{"floor":13,"key":"Pen Nib"},{"floor":23,"key":"Pear"},{"floor":25,"key":"Vajra"},{"floor":26,"key":"Matryoshka"},{"floor":29,"key":"Happy Flower"},{"floor":30,"key":"Red Mask"},{"floor":36,"key":"Thread and Needle"},{"floor":40,"key":"Bottled Flame"},{"floor":42,"key":"Singing Bowl"},{"floor":43,"key":"War Paint"},{"floor":47,"key":"Mango"},{"floor":48,"key":"StoneCalendar"},{"floor":55,"key":"Art of War"}],"event_choices":[{"cards_removed":["Strike_G"],"damage_healed":0,"gold_gain":0,"player_choice":"Card Removal","damage_taken":7,"max_hp_gain":0,"max_hp_loss":0,"event_name":"Golden Wing","floor":5,"gold_loss":0},{"damage_healed":0,"gold_gain":0,"cards_transformed":["Defend_G"],"player_choice":"Transformed","damage_taken":0,"max_hp_gain":0,"max_hp_loss":0,"event_name":"Transmorgrifier","floor":11,"gold_loss":0,"cards_obtained":["Blur"]},{"cards_removed":["Defend_G"],"damage_healed":0,"gold_gain":0,"player_choice":"Gave Gold","damage_taken":0,"max_hp_gain":0,"max_hp_loss":0,"event_name":"Beggar","floor":20,"gold_loss":75},{"damage_healed":0,"gold_gain":0,"player_choice":"Fought Bandits","damage_taken":0,"max_hp_gain":0,"max_hp_loss":0,"event_name":"Masked Bandits","floor":30,"gold_loss":0},{"damage_healed":0,"gold_gain":0,"player_choice":"Fight","damage_taken":0,"max_hp_gain":0,"max_hp_loss":0,"event_name":"MindBloom","floor":36,"gold_loss":0},{"damage_healed":0,"gold_gain":0,"player_choice":"Fight","damage_taken":0,"max_hp_gain":0,"max_hp_loss":0,"event_name":"Mysterious Sphere","floor":48,"gold_loss":0}],"is_beta":false,"boss_relics":[{"not_picked":["Tiny House","Pandora\u0027s Box"],"picked":"Cursed Key"},{"not_picked":["SacredBark","Runic Pyramid"],"picked":"Runic Dome"}],"items_purged_floors":[0,0,0,0,37,37,54],"is_endless":false,"potions_floor_spawned":[2,3,4,12,13,18,21,25,28,29,38,40,44,45,46,48],"ascension_level":20}}