{"host":"u21q392b5xaj11fl","time":1610006140,"event":{"mods":["2.2 Compatiblity","Bard","BaseMod","Better Note","Colored Map","Colored Powertips","Conspire","Custom Start","Downfall","Faster Ascension Climbing","GifTheSpireLib","Glutton Mod","Gremlin Skip","Highlight Path","Hubris","Infinite Spire","Mad Scientist","Marisa????????","Mimic Mod","Minty Spire (QoL Compilation)","Permanent Neow","Potionbrewer","Quick Restart","READ ME - Guardian Mod","Relic Sorter","Replay The Spire","Shop Mod","Somnambulant","StSLib","Stuff the Spire","SuperFastMode","The Construct","The Disciple","The Mystic","The Servant 0.9.4","vexMod"],"gold_per_floor":[110,110,128,142,14,14,42,42,42,42,81,104,130,154,154,241,241,268,293,316,316,89,140,140,164,164,50,50,50,79,117,117,214,214,236,275,310,314,314,314],"floor_reached":38,"playtime":3252,"items_purged":["Slimebound:Defend_Slimebound"],"score":706,"play_id":"7c9ccdde-b55b-42b1-8026-e5eedc1f38e8","local_time":"20210107015540","is_ascension_mode":true,"campfire_choices":[{"data":"Slimebound:LevelUp","floor":6,"key":"SMITH"},{"data":"Slimebound:CorrosiveSpit","floor":8,"key":"SMITH"},{"data":"Slimebound:RollThrough","floor":10,"key":"SMITH"},{"data":"Slimebound:FinishingTackle","floor":15,"key":"SMITH"},{"floor":24,"key":"REST"},{"floor":29,"key":"REST"},{"data":"Slimebound:SelfFormingGoo","floor":32,"key":"SMITH"}],"circlet_count":0,"master_deck":["AscendersBane","Slimebound:Tackle","Slimebound:Defend_Slimebound","Slimebound:Defend_Slimebound","Slimebound:Defend_Slimebound","Slimebound:Split","Slimebound:CorrosiveSpit+1","Slimebound:SplitMire","Slimebound:Nibble","Slimebound:SplitMire","Slimebound:RollThrough+1","Slimebound:LevelUp+1","Slimebound:PressTheAttack","Slimebound:SplitAcid","Slimebound:DivideAndConquer","Slimebound:LeadByExample","Slimebound:SelfFormingGoo+1","Slimebound:LeadByExample+1","Slimebound:TongueLash+1","Slimebound:SlimeTap+1","Slimebound:ServeAndProtect","Slimebound:SlimeBarrage","Slimebound:RejuvenatingLick","infinitespire:Collect","Slimebound:SlimeSpikes","Slimebound:Recycling","Slimebound:SplitLeeching","Slimebound:FinishingTackle+1","infinitespire:Collect","Slimebound:ItLooksTasty","Slimebound:Darklings","Slimebound:ComboTackle+1","Slimebound:SamplingLick+1","Slimebound:Prepare"],"relics":["Slimebound:AbsorbEndCombat","infinitespire:PuzzleCube","infinitespire:Midas Blood","Garlic","Nunchaku","MerchantsRug","PreservedInsect","Regal Pillow","Art of War","conspire:SlowCooker"],"acts_visited":["Exordium","TheCity","TheBeyond"],"potions_floor_usage":[7,18,19,31,33,37],"damage_taken":[{"damage":7,"enemies":"2 Louse","floor":1,"turns":3},{"damage":10,"enemies":"Cultist","floor":3,"turns":3},{"damage":21,"enemies":"infinitespire:Voidling","floor":4,"turns":5},{"damage":28,"enemies":"Gremlin Nob","floor":7,"turns":4},{"damage":36,"enemies":"Lagavulin","floor":11,"turns":5},{"damage":12,"enemies":"Exordium Thugs","floor":12,"turns":3},{"damage":11,"enemies":"Exordium Wildlife","floor":13,"turns":3},{"damage":14,"enemies":"Blue Slaver","floor":14,"turns":3},{"damage":32,"enemies":"Fading Forest","floor":16,"turns":11},{"damage":24,"enemies":"2 Thieves","floor":18,"turns":3},{"damage":27,"enemies":"Spheric Guardian","floor":19,"turns":4},{"damage":33,"enemies":"conspire:HollyBat","floor":20,"turns":8},{"damage":61,"enemies":"Gremlin Leader","floor":23,"turns":5},{"damage":31,"enemies":"Shelled Parasite and Fungi","floor":25,"turns":6},{"damage":19,"enemies":"Snake Plant","floor":30,"turns":4},{"damage":24,"enemies":"conspire:Head Lice","floor":31,"turns":5},{"damage":81,"enemies":"Champ","floor":33,"turns":8},{"damage":15,"enemies":"3 Shapes","floor":35,"turns":3},{"damage":42,"enemies":"3 Darklings","floor":36,"turns":4},{"damage":72,"enemies":"Jaw Worm Horde","floor":37,"turns":3},{"damage":33,"enemies":"Transient","floor":38,"turns":1}],"seed_played":"-8985471576522559582","potions_obtained":[{"floor":4,"key":"Guardian:BlockOnCardUsePotion"},{"floor":7,"key":"Fruit Juice"},{"floor":11,"key":"ColorlessPotion"},{"floor":13,"key":"Strength Potion"},{"floor":18,"key":"Dexterity Potion"},{"floor":19,"key":"sneckomod:MuddlingPotion"},{"floor":25,"key":"potionbrewer:EndurancePotion"},{"floor":36,"key":"Explosive Potion"}],"is_trial":false,"path_per_floor":["M","?","M","M","$","R","E","R","T","R","E","M","M","M","R","B",null,"M","M","M","?","$","E","R","M","T","$","?","R","M","E","R","B",null,"M","M","M","M"],"character_chosen":"SLIMEBOUND","items_purchased":["Slimebound:RollThrough","Slimebound:LevelUp","MerchantsRug","Slimebound:SlimeSpikes","Regal Pillow"],"campfire_rested":2,"item_purchase_floors":[5,5,22,22,27],"current_hp_per_floor":[51,51,60,55,55,55,46,46,46,46,42,46,59,54,54,60,60,53,50,37,37,37,22,41,36,36,36,36,65,65,65,65,42,59,58,65,25,0,0,0],"gold":314,"neow_bonus":"RANDOM_COMMON_RELIC","is_daily":false,"chose_seed":false,"campfire_upgraded":5,"win_rate":0.0,"timestamp":1610006140,"path_taken":["M","?","?","M","$","R","E","R","T","R","E","M","M","M","R","BOSS","M","M","?","?","$","E","R","M","T","?","?","R","?","E","R","BOSS","M","?","M","M"],"items_purchased_type":["Card","Card","Relic","Card","Relic"],"build_version":"2020-12-22","purchased_purges":1,"victory":false,"max_hp_per_floor":[60,60,60,60,60,60,60,60,60,60,60,60,60,60,60,60,60,65,65,65,65,65,65,65,65,65,65,65,65,65,65,65,65,65,65,65,65,65,65,65],"card_choices":[{"not_picked":["Slimebound:GoopSpray","Slimebound:Schlurp"],"picked":"Slimebound:SplitMire","floor":1},{"not_picked":["Slimebound:SplitBruiser","Slimebound:FirmFortitude"],"picked":"Slimebound:Nibble","floor":3},{"not_picked":["Slimebound:DuplicatedForm","Slimebound:Replication"],"picked":"Slimebound:SplitMire","floor":4},{"not_picked":["Slimebound:SplitMire","Slimebound:LeechEnergy"],"picked":"Slimebound:PressTheAttack","floor":7},{"not_picked":["Slimebound:Repurpose","Slimebound:LeechEnergy"],"picked":"Slimebound:SplitAcid","floor":11},{"not_picked":["Slimebound:LeechEnergy","Slimebound:RollThrough"],"picked":"Slimebound:DivideAndConquer","floor":12},{"not_picked":["Slimebound:TagTeam","Slimebound:Nibble"],"picked":"Slimebound:LeadByExample","floor":13},{"not_picked":["Slimebound:SplitMire","Slimebound:AcidTongue"],"picked":"Slimebound:FinishingTackle","floor":14},{"not_picked":["Slimebound:LeechLife","Slimebound:PrepareCrush"],"picked":"Slimebound:SelfFormingGoo","floor":16},{"not_picked":["Slimebound:SplitAcid","Slimebound:SplitMire+1"],"picked":"Slimebound:ServeAndProtect","floor":18},{"not_picked":["Slimebound:ServeAndProtect","Slimebound:Chomp"],"picked":"Slimebound:SlimeBarrage","floor":19},{"not_picked":["Slimebound:SplitMire","Slimebound:FirmFortitude"],"picked":"Slimebound:RejuvenatingLick","floor":20},{"not_picked":["Slimebound:ProtectTheBoss+1","Slimebound:Equalize"],"picked":"Slimebound:Recycling","floor":23},{"not_picked":["Slimebound:GoopSpray+1","Slimebound:HauntingLick"],"picked":"Slimebound:SplitLeeching","floor":25},{"not_picked":["Slimebound:ComboTackle","Slimebound:SamplingLick"],"picked":"Slimebound:ItLooksTasty","floor":30},{"not_picked":["Slimebound:SplitAcid","Slimebound:SplitMire","Slimebound:FormOfPuddle"],"picked":"SKIP","floor":31},{"not_picked":["Slimebound:SlimeSlap","Slimebound:Recycling"],"picked":"Slimebound:Darklings","floor":33},{"not_picked":["Slimebound:SplitBruiser","Slimebound:FinishingTackle"],"picked":"Slimebound:ComboTackle+1","floor":35},{"not_picked":["Slimebound:BestDefense","Slimebound:PressTheAttack"],"picked":"Slimebound:SamplingLick+1","floor":36},{"not_picked":["Slimebound:SplitBruiser+1","Slimebound:SplitLeeching"],"picked":"Slimebound:Prepare","floor":37}],"player_experience":169930,"relics_obtained":[{"floor":7,"key":"infinitespire:Midas Blood"},{"floor":9,"key":"Garlic"},{"floor":11,"key":"Nunchaku"},{"floor":23,"key":"PreservedInsect"},{"floor":26,"key":"StuffTheSpire:Mouthbags"},{"floor":31,"key":"Art of War"}],"event_choices":[{"damage_healed":0,"gold_gain":0,"player_choice":"Bought 0 Potions","damage_taken":0,"max_hp_gain":0,"max_hp_loss":0,"event_name":"The Woman in Blue","floor":2,"gold_loss":0},{"cards_removed":["Slimebound:Nibble"],"damage_healed":0,"gold_gain":0,"player_choice":"Take \u0026 Give","damage_taken":0,"max_hp_gain":0,"max_hp_loss":0,"event_name":"betterNote:BetterNote","floor":21,"gold_loss":0,"cards_obtained":["infinitespire:Collect"]},{"damage_healed":0,"gold_gain":0,"player_choice":"Copied","damage_taken":0,"max_hp_gain":0,"max_hp_loss":0,"event_name":"Duplicator","floor":28,"gold_loss":0,"cards_obtained":["infinitespire:Collect"]}],"is_beta":false,"boss_relics":[{"not_picked":["Ring of Chaos","StuffTheSpire:RunicHypercube"],"picked":"Astrolabe"},{"not_picked":["vexMod:CursedCompass","ReplayTheSpireMod:SealedPack"],"picked":"conspire:SlowCooker"}],"items_purged_floors":[22],"is_endless":false,"potions_floor_spawned":[4,7,11,13,18,19,25,30,36],"killed_by":"Transient","ascension_level":13}}