{"host":"dn6kke80v5f7isus","time":1610001185,"event":{"mods":["AchievementEnabler","Act Like it!","BaseMod","Colored Powertips","Custom Start","Defuse TimeMaze Blight","Downfall","Duelist Mod","Gremlin Skip","Highlight Path","Hubris","Infinite Spire","Minty Spire (QoL Compilation)","Rare Cards Sparkle","Replay The Spire","StSLib","Uncapped"],"gold_per_floor":[139,31,50,62,79,79,79,79],"floor_reached":7,"playtime":241,"items_purged":[],"score":45,"play_id":"c1fc0772-aa61-4a9b-95e2-e9ca509a05d3","local_time":"20210107013305","is_ascension_mode":true,"campfire_choices":[{"floor":6,"key":"REST"}],"circlet_count":0,"master_deck":["theDuelist:CastleWalls","theDuelist:CastleWalls","theDuelist:MangaRyuRan","theDuelist:Sparks","theDuelist:Sparks","theDuelist:ToonAncientGear","theDuelist:ToonMermaid","theDuelist:ToonSummonedSkull","theDuelist:ToonWorld","theDuelist:ToonCannonSoldier","theDuelist:BlueEyesToon","theDuelist:DokiDoki"],"relics":["theDuelist:MillenniumPuzzle","theDuelist:CardPoolRelic","theDuelist:CardPoolBasicRelic","theDuelist:BoosterPackPoolRelic","theDuelist:CardPoolAddRelic","theDuelist:CardPoolMinusRelic","theDuelist:CardPoolSaveRelic","theDuelist:CardPoolOptionsRelic"],"acts_visited":["Exordium"],"potions_floor_usage":[7],"damage_taken":[{"damage":5,"enemies":"Cultist","floor":1,"turns":3},{"damage":3,"enemies":"2 Louse","floor":3,"turns":3},{"damage":5,"enemies":"Small Slimes","floor":4,"turns":3},{"damage":24,"enemies":"Gremlin Gang","floor":5,"turns":4},{"damage":0,"enemies":"3 Sentries","floor":7,"turns":1}],"seed_played":"-2137521223204687994","potions_obtained":[{"floor":1,"key":"Adrenaline Potion"},{"floor":3,"key":"theDuelist:SolderPotionB"}],"is_trial":false,"path_per_floor":["M","$","M","M","M","R","E"],"character_chosen":"THE_DUELIST","items_purchased":["theDuelist:ToonCannonSoldier","theDuelist:BlueEyesToon"],"campfire_rested":1,"item_purchase_floors":[2,2],"current_hp_per_floor":[75,75,72,67,43,67,67,67],"gold":79,"neow_bonus":"REMOVE_CARD","is_daily":false,"chose_seed":false,"campfire_upgraded":0,"win_rate":0.0,"timestamp":1610001185,"path_taken":["M","$","M","M","?","R","E"],"items_purchased_type":["Card","Card"],"build_version":"2020-12-22","purchased_purges":0,"victory":false,"max_hp_per_floor":[80,80,80,80,80,80,80,80],"card_choices":[{"not_picked":["theDuelist:SpellShatteringArrow","theDuelist:CheerfulCoffin","theDuelist:MangaRyuRan","theDuelist:ToonAncientGear","theDuelist:ToonMaskedSorcerer"],"picked":"SKIP","floor":1},{"not_picked":["theDuelist:FeatherShot","theDuelist:ComicHand","theDuelist:ToonMaskedSorcerer"],"picked":"SKIP","floor":3},{"not_picked":["theDuelist:SpellShatteringArrow","theDuelist:RedEyesToon","theDuelist:CheerfulCoffin","theDuelist:ToonAncientGear","theDuelist:ComicHand"],"picked":"SKIP","floor":4},{"not_picked":["theDuelist:DummyGolem","theDuelist:PowerGiant","theDuelist:RainbowOverdragon","theDuelist:WeepingIdol"],"picked":"theDuelist:DokiDoki","floor":5}],"player_experience":515361,"relics_obtained":[],"event_choices":[],"is_beta":false,"boss_relics":[],"items_purged_floors":[],"is_endless":false,"potions_floor_spawned":[1,3],"killed_by":"3 Sentries","ascension_level":1}}