{"host":"ekyl8r8j8fco3zlk","time":1610053903,"event":{"mods":["ATMod(阿瑾Mod)","Act Like it!","Arknights The Spire","BaseMod","CapriCore","Decade(王小明)","Friendly Minions","Gensokyo","GifTheSpireLib","Luminous","Marisa（霧雨　魔理沙）","Minty Spire (QoL Compilation)","READ ME - Guardian Mod","Rare Cards Sparkle","Reimu（博???）","StSLib","The Alterego","The Animator","The Immortal","Waifu the Spire","WarShipGirlsR/??少女R mod","【?物卡牌】REMEMod"],"gold_per_floor":[117,77,77,88,99,110,110,120,120,120,133,167,178,27,27,128,128,146,146,165,165,176,211,211,226,249,63,63,93,93,121,121,224,224,241,241,267,217,233,258,258,269,323,323,323],"floor_reached":44,"playtime":2179,"items_purged":[],"score":548,"play_id":"5fab092d-2cf4-45da-9be3-21588ef37005","local_time":"20210108051143","is_ascension_mode":false,"campfire_choices":[{"data":"ats:Mental Burst","floor":7,"key":"SMITH"},{"data":"ats:Flame Of Heaven","floor":10,"key":"SMITH"},{"data":"ats:Part Time Job","floor":15,"key":"SMITH"},{"data":"ats:Flexible Camouflage","floor":24,"key":"SMITH"},{"floor":32,"key":"REST"},{"floor":41,"key":"REST"}],"circlet_count":0,"master_deck":["ats:Strike C+1","ats:Strike G+1","ats:Strike S+1","ats:Strike V+1","ats:Armor Crushing Shot","ats:Defend+1","ats:Defend+1","ats:Defend+1","ats:Defend+1","ats:Emotion Absorption","AT_FamilyPortrait","alterego_mod:RingBreak","ats:Mental Burst+1","ats:Explosion Area Strengthen","ats:Overload","ats:Revitalization","ats:Flame Of Heaven+1","ats:Flexible Camouflage+1","ats:Part Time Job+1","ats:Leaping Hammer","ats:Wolf Pack","ats:Powerful Strike+1","ats:Hammer On+1","ats:Neurotoxin+1","ats:Spore Proliferation+1","ats:Beaten Up","ats:Sunburst","ats:Echo Reverb","ats:Disruption Kick","ats:Chain Hook+1","ats:Assault Order","ats:Poison Spread","ats:Calcification","ats:Sword Rain+1","ats:Healing Drone"],"relics":["ats:Sanity Plus","AT_ATBox","REME_ComplimentaryCards","PaintedHorse:ReiMu","CultistMask","Ornamental Fan","ats:Originium","AT_DeathDance","ats:Special","ats:Omniscience","Luminous:MirrorRelic","Bag of Marbles","Tiny Chest","AT_SunfireAegis","Girya","Unceasing Top","ats:Industrial Water Cannon","Toy Ornithopter","AT_Kusabimaru"],"acts_visited":["Exordium","TheCity","TheBeyond"],"potions_floor_usage":[12,25,31,31,31,40],"damage_taken":[{"damage":6,"enemies":"Jaw Worm","floor":1,"turns":5},{"damage":6,"enemies":"Cultist","floor":4,"turns":3},{"damage":0,"enemies":"2 Louse","floor":5,"turns":2},{"damage":8,"enemies":"Exordium Wildlife","floor":6,"turns":4},{"damage":14,"enemies":"Exordium Thugs","floor":8,"turns":3},{"damage":0,"enemies":"Large Slime","floor":11,"turns":4},{"damage":0,"enemies":"Gremlin Nob","floor":12,"turns":2},{"damage":6,"enemies":"Exordium Wildlife","floor":13,"turns":4},{"damage":23,"enemies":"The Guardian","floor":16,"turns":5},{"damage":12,"enemies":"Shell Parasite","floor":18,"turns":5},{"damage":3,"enemies":"3 Byrds","floor":20,"turns":4},{"damage":0,"enemies":"Snecko","floor":22,"turns":4},{"damage":28,"enemies":"Book of Stabbing","floor":23,"turns":4},{"damage":0,"enemies":"3 Cultists","floor":25,"turns":3},{"damage":16,"enemies":"Gremlin Leader","floor":29,"turns":6},{"damage":24,"enemies":"Book of Stabbing","floor":31,"turns":4},{"damage":19,"enemies":"Champ","floor":33,"turns":7},{"damage":19,"enemies":"3 Shapes","floor":35,"turns":5},{"damage":0,"enemies":"Orb Walker","floor":39,"turns":4},{"damage":52,"enemies":"Nemesis","floor":40,"turns":6},{"damage":38,"enemies":"Sphere and 2 Shapes","floor":42,"turns":4},{"damage":23,"enemies":"Spire Growth","floor":44,"turns":4}],"seed_played":"225948407136516602","potions_obtained":[{"floor":4,"key":"ats:Emergency Sanity Potion"},{"floor":11,"key":"GrandPatriotsElixir:ReiMu"},{"floor":20,"key":"Dexterity Potion"},{"floor":23,"key":"Explosive Potion"},{"floor":25,"key":"LiquidBronze"},{"floor":33,"key":"Weak Potion"},{"floor":39,"key":"Energy Potion"}],"is_trial":false,"path_per_floor":["M","?","?","M","M","M","R","M","T","R","M","E","M","$","R","B",null,"M","?","M","?","M","E","R","M","T","$","?","E","?","E","R","B",null,"M","?","T","?","M","E","R","M","T","M"],"character_chosen":"DOCTOR_CLASS","items_purchased":["ats:Special","AT_SunfireAegis","ats:Beaten Up"],"campfire_rested":2,"item_purchase_floors":[14,27,27],"current_hp_per_floor":[73,73,73,67,67,59,59,45,45,45,48,48,49,49,49,37,79,72,72,69,69,69,45,45,49,49,49,49,44,44,29,52,42,79,62,62,62,62,67,29,52,17,17,0,0],"gold":323,"neow_bonus":"TEN_PERCENT_HP_BONUS","is_daily":false,"chose_seed":false,"campfire_upgraded":4,"win_rate":0.0,"timestamp":1610053903,"path_taken":["M","?","?","M","?","M","R","M","T","R","M","E","M","$","R","BOSS","M","?","M","?","M","E","R","?","T","$","?","E","?","E","R","BOSS","M","?","?","?","M","E","R","?","T","M"],"items_purchased_type":["Relic","Relic","Card"],"build_version":"2020-12-22","purchased_purges":0,"victory":false,"max_hp_per_floor":[79,79,79,79,79,79,79,79,79,79,79,79,79,79,79,79,79,79,79,79,79,79,79,79,79,79,79,79,79,79,79,79,79,79,79,79,79,79,79,79,79,79,79,79,79],"card_choices":[{"not_picked":["ats:Steam Pump","ats:Cat Scratch"],"picked":"ats:Mental Burst","floor":1},{"not_picked":["ats:Consecutive Shot Auto","ats:Flexible Camouflage"],"picked":"ats:Explosion Area Strengthen","floor":4},{"not_picked":["ats:Assault Order","ats:Mental Burst"],"picked":"ats:Overload","floor":5},{"not_picked":["ats:Leaping Hammer","ats:Childhood Dance"],"picked":"ats:Revitalization","floor":6},{"not_picked":["ats:Childhood Dance","ats:Leaping Hammer"],"picked":"ats:Flame Of Heaven","floor":8},{"not_picked":["ats:Shell Defense","ats:Childhood Dance"],"picked":"ats:Flexible Camouflage","floor":11},{"not_picked":["ats:Song Of Battle","ats:Thermite Blade"],"picked":"ats:Part Time Job","floor":12},{"not_picked":["ats:Shell Defense","ats:Guardian Obelisk"],"picked":"ats:Leaping Hammer","floor":13},{"not_picked":["ats:True Silver Slash","ats:Ambush"],"picked":"ats:Wolf Pack","floor":16},{"not_picked":["ats:Demon Strength+1","ats:Hammer On"],"picked":"ats:Powerful Strike+1","floor":18},{"not_picked":["ats:Support Order","ats:Collapsing Strike"],"picked":"ats:Hammer On+1","floor":20},{"not_picked":["ats:Shadow Raid+1","ats:Consecutive Shot Auto"],"picked":"ats:Neurotoxin+1","floor":22},{"not_picked":["ats:Hammer On+1","ats:Apocalypse"],"picked":"ats:Spore Proliferation+1","floor":23},{"not_picked":["ats:Cat Scratch","ats:Childhood Dance"],"picked":"ats:Assault Order+1","floor":25},{"not_picked":["ats:Directed Diagnosis","ats:Ignite"],"picked":"ats:Sunburst","floor":29},{"not_picked":["ats:Hammer On","ats:Assault Order"],"picked":"ats:Echo Reverb","floor":31},{"not_picked":["ats:Durian","ats:Nebulous Foxfire"],"picked":"ats:Disruption Kick","floor":33},{"not_picked":["ats:Childhood Dance","ats:Powerful Strike"],"picked":"ats:Chain Hook+1","floor":35},{"not_picked":[],"picked":"ats:Assault Order","floor":38},{"not_picked":[],"picked":"ats:Poison Spread","floor":38},{"not_picked":[],"picked":"ats:Calcification","floor":38},{"not_picked":["ats:Revitalization+1","ats:Mental Burst","ats:Childhood Dance"],"picked":"SKIP","floor":39},{"not_picked":["ats:Shadow Raid+1","ats:Flame Of Heaven"],"picked":"ats:Sword Rain+1","floor":40},{"not_picked":["ats:Collapsing Strike","ats:Hook Shot"],"picked":"ats:Healing Drone","floor":42}],"player_experience":658149,"relics_obtained":[{"floor":9,"key":"Ornamental Fan"},{"floor":12,"key":"ats:Originium"},{"floor":12,"key":"AT_DeathDance"},{"floor":23,"key":"ats:Originium"},{"floor":23,"key":"Bag of Marbles"},{"floor":26,"key":"Tiny Chest"},{"floor":29,"key":"ats:Originium"},{"floor":29,"key":"Girya"},{"floor":31,"key":"ats:Industrial Water Cannon"},{"floor":37,"key":"Toy Ornithopter"},{"floor":40,"key":"ats:Originium"},{"floor":40,"key":"AT_Kusabimaru"}],"event_choices":[{"damage_healed":0,"gold_gain":0,"player_choice":"塞?","damage_taken":0,"relics_obtained":["PaintedHorse:ReiMu"],"max_hp_gain":0,"max_hp_loss":0,"event_name":"yidonshenshe","floor":2,"gold_loss":40},{"damage_healed":0,"gold_gain":0,"player_choice":"Trade","damage_taken":0,"relics_obtained":["CultistMask"],"max_hp_gain":0,"max_hp_loss":0,"event_name":"FaceTrader","floor":3,"gold_loss":0},{"damage_healed":0,"gold_gain":0,"player_choice":"Ignored","damage_taken":0,"max_hp_gain":0,"max_hp_loss":0,"event_name":"Vampires","floor":21,"gold_loss":0},{"damage_healed":0,"gold_gain":0,"player_choice":"Simplicity","damage_taken":0,"max_hp_gain":0,"max_hp_loss":0,"event_name":"Back to Basics","floor":28,"gold_loss":0,"cards_upgraded":["ats:Strike C","ats:Strike G","ats:Strike S","ats:Strike V","ats:Defend","ats:Defend","ats:Defend","ats:Defend"]},{"damage_healed":0,"gold_gain":0,"player_choice":"Opened","damage_taken":0,"relics_obtained":["Unceasing Top"],"max_hp_gain":0,"max_hp_loss":0,"event_name":"The Mausoleum","floor":30,"gold_loss":0},{"cards_removed":["ats:Assault Order"],"damage_healed":0,"gold_gain":0,"player_choice":"Removed Skill","damage_taken":0,"max_hp_gain":0,"max_hp_loss":0,"event_name":"Falling","floor":36,"gold_loss":0}],"is_beta":false,"boss_relics":[{"not_picked":["REME_LowDesire","Busted Crown"],"picked":"ats:Omniscience"},{"not_picked":["SacredBark","Coffee Dripper"],"picked":"ats:Sanity Plus"}],"items_purged_floors":[],"is_endless":false,"potions_floor_spawned":[4,11,20,23,25,33,39],"killed_by":"Spire Growth","ascension_level":0}}