{"host":"6p0attdrtjqaih7v","time":1610052516,"event":{"mods":["2.2 Compatiblity","AchievementEnabler","Bard","BaseMod","Better Skull","Better Third Choice","Colored Powertips","Hermit","Highlight Path","Jorbs\u0027s Wanderer Trilogy","Key Reminder","Minty Spire (QoL Compilation)","Permanent Neow","Quick Restart","Random Character Button","Relic Stats","Replay The Spire","StSLib","The Construct"],"gold_per_floor":[118,136,65,82,82,82,139,164,235,235,235,265,265,284,284,361,361,372,57,71,71,71,96,96,161,161,247,307,364,364,431,431,552,552,596,596,596,196,219,316,360,360,360,360,411,478,112,112,112,148],"floor_reached":51,"playtime":2662,"items_purged":["bard:Strike","bard:Strike","bard:Strike"],"score":1453,"play_id":"fec136bc-69c5-4d84-9369-70177ac34e95","local_time":"20210107154836","is_ascension_mode":true,"campfire_choices":[{"data":"bard:Balestra","floor":6,"key":"SMITH"},{"data":"bard:Riposte","floor":10,"key":"SMITH"},{"data":"bard:Wish","floor":13,"key":"SMITH"},{"floor":15,"key":"REST"},{"data":"bard:SplendidForm","floor":24,"key":"SMITH"},{"floor":30,"key":"REST"},{"data":"ReplayTheSpireMod:From All Sides","floor":32,"key":"SMITH"},{"data":"bard:ReverseGravity","floor":42,"key":"SMITH"},{"data":"bard:MnemonicVestments","floor":44,"key":"SMITH"},{"data":"bard:TinyHut","floor":49,"key":"SMITH"}],"circlet_count":0,"master_deck":["AscendersBane","bard:Strike","bard:Defend","bard:Defend","bard:Defend","bard:Defend","bard:Inspire+1","bard:LingeringEcho","bard:TinyHut+1","bard:GreaterMagicWeapon+1","bard:Balestra+1","bard:Thunderwave","bard:ViciousMockery","Neutralize+1","bard:Blink+1","ReplayTheSpireMod:From All Sides+1","Necronomicurse","bard:SplendidForm+1","bard:GuardPoint","bard:QuickSong+1","bard:ReverseGravity+1","bard:Shout","bard:MnemonicVestments+1","Finesse"],"relics":["bard:BagPipes","Gambling Chip","InkBottle","m_ChordRing","Pet Ghost","Velvet Choker","Paper Crane","Necronomicon","Replay:Bandana","Replay:WaspNest","Shovel","Busted Crown","Lee\u0027s Waffle","Orichalcum","keyreminder:keyreminder","Replay:Mystery Machine","Divine Protection","bard:ConductorsBaton"],"acts_visited":["Exordium","TheCity","TheBeyond"],"potions_floor_usage":[7,7,8,16,23,27,50],"damage_taken":[{"damage":0,"enemies":"2 Louse","floor":1,"turns":3},{"damage":2,"enemies":"Jaw Worm","floor":2,"turns":3},{"damage":4,"enemies":"Cultist","floor":4,"turns":4},{"damage":1,"enemies":"Exordium Thugs","floor":7,"turns":4},{"damage":20,"enemies":"Replay:BlueRogue","floor":8,"turns":6},{"damage":2,"enemies":"3 Sentries","floor":12,"turns":4},{"damage":1,"enemies":"Blue Slaver","floor":14,"turns":4},{"damage":1,"enemies":"Slime Boss","floor":16,"turns":5},{"damage":0,"enemies":"3 Byrds","floor":18,"turns":4},{"damage":0,"enemies":"Spheric Guardian","floor":20,"turns":3},{"damage":1,"enemies":"Slavers","floor":23,"turns":4},{"damage":6,"enemies":"Shelled Parasite and Fungi","floor":25,"turns":3},{"damage":8,"enemies":"Gremlin Leader","floor":27,"turns":6},{"damage":6,"enemies":"Chosen and Byrds","floor":28,"turns":6},{"damage":0,"enemies":"Snecko","floor":29,"turns":4},{"damage":0,"enemies":"Cultist and Chosen","floor":31,"turns":3},{"damage":9,"enemies":"Collector","floor":33,"turns":7},{"damage":0,"enemies":"3 Shapes","floor":35,"turns":4},{"damage":0,"enemies":"Orb Walker","floor":39,"turns":2},{"damage":6,"enemies":"Giant Head","floor":40,"turns":6},{"damage":0,"enemies":"4 Shapes","floor":41,"turns":2},{"damage":3,"enemies":"Writhing Mass","floor":45,"turns":5},{"damage":0,"enemies":"Reptomancer","floor":46,"turns":4},{"damage":6,"enemies":"Awakened One","floor":50,"turns":8}],"seed_played":"264867428187880153","potions_obtained":[{"floor":2,"key":"EntropicBrew"},{"floor":14,"key":"FearPotion"},{"floor":16,"key":"Ancient Potion"},{"floor":18,"key":"SkillPotion"},{"floor":20,"key":"GamblersBrew"},{"floor":23,"key":"Adrenaline Potion"},{"floor":28,"key":"Elixir"},{"floor":39,"key":"Energy Potion"}],"is_trial":false,"path_per_floor":["M","M","$","M","?","R","M","E","T","R","?","E","R","M","R","B",null,"M","$","M","?","?","E","R","M","T","E","M","M","R","M","R","B",null,"M","?","?","$","M","E","M","R","T","R","M","E","$","?","R","B",null],"character_chosen":"BARD","items_purchased":["bard:GreaterMagicWeapon","Paper Crane","bard:MnemonicVestments","Lee\u0027s Waffle","bard:ConductorsBaton","Finesse"],"campfire_rested":2,"item_purchase_floors":[3,19,38,38,47,47],"current_hp_per_floor":[59,57,57,53,53,53,52,32,32,32,32,30,30,29,48,47,61,61,61,61,61,40,39,39,33,33,25,19,19,38,38,38,29,57,57,57,57,73,73,67,67,67,67,67,64,64,64,64,64,58],"gold":148,"neow_bonus":"UPGRADE_CARD","is_daily":false,"chose_seed":false,"campfire_upgraded":8,"win_rate":0.0,"timestamp":1610052516,"path_taken":["M","M","$","M","?","R","M","E","T","R","?","E","R","M","R","BOSS","M","$","M","?","?","E","R","M","T","E","M","?","R","M","R","BOSS","M","?","?","$","M","E","?","R","T","R","M","E","$","?","R","BOSS"],"items_purchased_type":["Card","Relic","Card","Relic","Relic","Card"],"build_version":"2020-12-22","purchased_purges":3,"victory":true,"max_hp_per_floor":[66,66,66,66,66,66,66,66,66,66,66,66,66,66,66,66,66,66,66,66,66,66,66,66,66,66,66,66,66,66,66,66,66,66,66,66,66,73,73,73,73,73,73,73,73,73,73,73,73,73],"relic_stats":{"Lee\u0027s Waffle":16,"Shovel":0,"Busted Crown":12,"counters":[24,102],"Gambling Chip":[49],"Necronomicon":[36],"Orichalcum":[36],"obtain_stats":[{"bard:BagPipes":0,"Divine Protection":46,"Lee\u0027s Waffle":38,"bard:PitchPipe":0,"Velvet Choker":17,"Replay:WaspNest":26,"Paper Crane":19,"Orichalcum":40,"Replay:Mystery Machine":43,"Pet Ghost":12,"keyreminder:keyreminder":40,"bard:ConductorsBaton":47,"m_ChordRing":11,"Replay:Bandana":23,"Shovel":27,"Busted Crown":34,"Gambling Chip":8,"Necronomicon":22,"InkBottle":9},{"bard:BagPipes":0,"Divine Protection":23,"Lee\u0027s Waffle":18,"bard:PitchPipe":0,"Velvet Choker":8,"Replay:WaspNest":12,"Paper Crane":9,"Orichalcum":20,"Replay:Mystery Machine":21,"Pet Ghost":6,"keyreminder:keyreminder":20,"bard:ConductorsBaton":23,"m_ChordRing":5,"Replay:Bandana":11,"Shovel":13,"Busted Crown":17,"Gambling Chip":5,"Necronomicon":10,"InkBottle":5},{"bard:BagPipes":0,"Divine Protection":94,"Lee\u0027s Waffle":76,"bard:PitchPipe":0,"Velvet Choker":33,"Replay:WaspNest":47,"Paper Crane":37,"Orichalcum":84,"Replay:Mystery Machine":85,"Pet Ghost":24,"keyreminder:keyreminder":84,"bard:ConductorsBaton":94,"m_ChordRing":20,"Replay:Bandana":44,"Shovel":53,"Busted Crown":73,"Gambling Chip":20,"Necronomicon":40,"InkBottle":20}],"InkBottle":[28]},"card_choices":[{"not_picked":["bard:Sift","bard:StudiedStrike"],"picked":"bard:LingeringEcho","floor":1},{"not_picked":["bard:InspiringSong","bard:HideousLaughter"],"picked":"bard:TinyHut","floor":2},{"not_picked":["bard:LingeringEcho","bard:DeathMetal"],"picked":"bard:Balestra","floor":4},{"not_picked":["bard:InspiringSong","bard:BucklerBash"],"picked":"bard:Thunderwave","floor":7},{"not_picked":["bard:SixFourTime","bard:BucklerBash"],"picked":"bard:ViciousMockery","floor":8},{"not_picked":["bard:EnGarde","bard:OffKey"],"picked":"bard:Wish","floor":12},{"not_picked":["bard:Fermata","bard:PrismaticSpray","bard:StudiedStrike"],"picked":"SKIP","floor":14},{"not_picked":["bard:MnemonicVestments","bard:Encore"],"picked":"ReplayTheSpireMod:From All Sides","floor":16},{"not_picked":["bard:HideousLaughter","bard:EchoEcho"],"picked":"bard:TinyHut+1","floor":18},{"not_picked":["bard:QuickSong","bard:Sift","bard:HideousLaughter"],"picked":"SKIP","floor":20},{"not_picked":["bard:MantleOfInspiration","bard:Parry+1"],"picked":"bard:SplendidForm","floor":23},{"not_picked":["bard:HideousLaughter","bard:HarmoniousVoice","bard:BucklerBash"],"picked":"SKIP","floor":25},{"not_picked":["bard:HarmoniousVoice","bard:Parry"],"picked":"bard:GuardPoint","floor":27},{"not_picked":["bard:BucklerBash","bard:PrismaticSpray"],"picked":"bard:QuickSong+1","floor":28},{"not_picked":["bard:Parry","bard:DervishDance","bard:GreaterMagicWeapon"],"picked":"SKIP","floor":29},{"not_picked":["bard:PowerWordStun","bard:TinyHut","bard:SongBolt"],"picked":"SKIP","floor":31},{"not_picked":["bard:Wish","bard:Invisibility"],"picked":"bard:ReverseGravity","floor":33},{"not_picked":["bard:SixFourTime"],"picked":"SKIP","floor":35},{"not_picked":["bard:Sift"],"picked":"SKIP","floor":39},{"not_picked":["bard:QuickSong"],"picked":"SKIP","floor":40},{"not_picked":["bard:QuickSong"],"picked":"SKIP","floor":40},{"not_picked":["bard:EchoEcho"],"picked":"SKIP","floor":41},{"not_picked":["bard:Fermata"],"picked":"SKIP","floor":45},{"not_picked":["bard:HarmoniousVoice"],"picked":"SKIP","floor":46}],"player_experience":961897,"relics_obtained":[{"floor":8,"key":"Gambling Chip"},{"floor":9,"key":"InkBottle"},{"floor":12,"key":"Pet Ghost"},{"floor":22,"key":"Necronomicon"},{"floor":23,"key":"Replay:Bandana"},{"floor":26,"key":"Replay:WaspNest"},{"floor":27,"key":"Shovel"},{"floor":40,"key":"Orichalcum"},{"floor":43,"key":"Replay:Mystery Machine"},{"floor":46,"key":"Divine Protection"}],"event_choices":[{"damage_healed":0,"gold_gain":0,"player_choice":"Ignored","damage_taken":0,"max_hp_gain":0,"max_hp_loss":0,"event_name":"Vampires","floor":21,"gold_loss":0},{"damage_healed":0,"gold_gain":0,"player_choice":"Obtained Book","damage_taken":21,"max_hp_gain":0,"max_hp_loss":0,"event_name":"Cursed Tome","floor":22,"gold_loss":0},{"cards_removed":["bard:TinyHut"],"damage_healed":0,"gold_gain":0,"player_choice":"Removed Skill","damage_taken":0,"max_hp_gain":0,"max_hp_loss":0,"event_name":"Falling","floor":36,"gold_loss":0},{"damage_healed":0,"gold_gain":0,"player_choice":"1 cards matched","damage_taken":0,"max_hp_gain":0,"max_hp_loss":0,"event_name":"Match and Keep!","floor":37,"gold_loss":0,"cards_obtained":["bard:Shout"]}],"is_beta":false,"boss_relics":[{"not_picked":["SacredBark","Philosopher\u0027s Stone"],"picked":"Velvet Choker"},{"not_picked":["Black Star","ChewingGum"],"picked":"Busted Crown"}],"items_purged_floors":[19,38,47],"is_endless":false,"potions_floor_spawned":[2,14,16,18,20,23,28,39,41,45],"ascension_level":15}}