{"host":"27fydui7m8ywfvh3","time":1610035200,"event":{"mods":["BaseMod","Friendly Minions","Minty Spire (QoL Compilation)","StSLib"],"gold_per_floor":[117,18,18,32,46,46,78,4,4,4,4,22,66,16,16,135,135,156,196,210,110,130,130,130,130],"floor_reached":24,"playtime":1299,"items_purged":["Dualcast","Defend_B"],"score":224,"play_id":"e2479c8a-dc2e-47da-a493-9d82f6d9facf","local_time":"20210108000000","is_ascension_mode":true,"campfire_choices":[{"data":"Zap","floor":6,"key":"SMITH"},{"data":"Hologram","floor":10,"key":"SMITH"},{"data":"Go for the Eyes","floor":15,"key":"SMITH"},{"data":"Loop","floor":23,"key":"SMITH"}],"circlet_count":0,"master_deck":["Strike_B","Strike_B","Defend_B","Defend_B","Defend_B","Zap+1","Core Surge","FTL","Ball Lightning","Go for the Eyes+1","Leap","White Noise","Cold Snap","Hologram+1","Reboot","Streamline","Electrodynamics","Loop+1","Cold Snap","Turbo+1","Scrape"],"relics":["Cracked Core","Bird Faced Urn","Kunai","Golden Idol","Turnip","Inserter","Red Mask"],"acts_visited":["Exordium","TheCity"],"potions_floor_usage":[7,18],"damage_taken":[{"damage":1,"enemies":"Cultist","floor":1,"turns":4},{"damage":2,"enemies":"Jaw Worm","floor":4,"turns":3},{"damage":0,"enemies":"Small Slimes","floor":5,"turns":2},{"damage":4,"enemies":"3 Sentries","floor":7,"turns":4},{"damage":1,"enemies":"Blue Slaver","floor":12,"turns":3},{"damage":20,"enemies":"Gremlin Nob","floor":13,"turns":4},{"damage":9,"enemies":"Hexaghost","floor":16,"turns":10},{"damage":0,"enemies":"2 Thieves","floor":18,"turns":3},{"damage":8,"enemies":"Masked Bandits","floor":19,"turns":3},{"damage":19,"enemies":"3 Byrds","floor":20,"turns":5},{"damage":13,"enemies":"Shelled Parasite and Fungi","floor":22,"turns":5},{"damage":51,"enemies":"Slavers","floor":24,"turns":4}],"seed_played":"12847743849106050","potions_obtained":[{"floor":1,"key":"ColorlessPotion"},{"floor":16,"key":"AttackPotion"},{"floor":19,"key":"SmokeBomb"}],"is_trial":false,"path_per_floor":["M","$","?","M","M","R","E","$","T","R","?","M","E","?","R","B",null,"M","?","M","$","M","R","E"],"character_chosen":"DEFECT","items_purchased":["Ball Lightning","Cold Snap","Hologram"],"campfire_rested":0,"item_purchase_floors":[2,8,8],"current_hp_per_floor":[74,74,74,72,72,72,68,68,68,68,50,49,31,31,31,40,75,75,69,54,54,45,45,0,0],"gold":130,"neow_bonus":"ONE_RANDOM_RARE_CARD","is_daily":false,"chose_seed":false,"campfire_upgraded":4,"win_rate":0.0,"timestamp":1610035200,"path_taken":["M","?","?","?","M","R","E","$","T","R","?","M","E","?","R","BOSS","M","?","M","$","M","R","E"],"items_purchased_type":["Card","Card","Card"],"build_version":"2020-12-22","purchased_purges":2,"victory":false,"max_hp_per_floor":[75,75,75,75,75,75,75,75,75,75,75,75,75,75,75,75,75,75,75,75,75,75,75,75,75],"card_choices":[{"not_picked":["Cold Snap","Static Discharge"],"picked":"FTL","floor":1},{"not_picked":["Compile Driver","Redo"],"picked":"Go for the Eyes","floor":4},{"not_picked":["Turbo","Steam"],"picked":"Leap","floor":5},{"not_picked":["Beam Cell","Consume"],"picked":"White Noise","floor":7},{"not_picked":["Compile Driver","Static Discharge"],"picked":"Reboot","floor":12},{"not_picked":["Coolheaded","Tempest"],"picked":"Streamline","floor":13},{"not_picked":["Thunder Strike","Meteor Strike"],"picked":"Electrodynamics","floor":16},{"not_picked":["Rebound","Go for the Eyes"],"picked":"Loop","floor":18},{"not_picked":["Barrage","Rebound"],"picked":"Cold Snap","floor":19},{"not_picked":["Go for the Eyes","Ball Lightning"],"picked":"Turbo+1","floor":20},{"not_picked":["Beam Cell","Coolheaded+1"],"picked":"Scrape","floor":22}],"player_experience":468881,"relics_obtained":[{"floor":7,"key":"Bird Faced Urn"},{"floor":9,"key":"Kunai"},{"floor":13,"key":"Turnip"},{"floor":19,"key":"Red Mask"}],"event_choices":[{"cards_removed":["Strike_B"],"damage_healed":0,"gold_gain":0,"player_choice":"Offered Basic","damage_taken":0,"max_hp_gain":0,"max_hp_loss":0,"event_name":"Bonfire Elementals","floor":3,"gold_loss":0},{"damage_healed":0,"gold_gain":0,"player_choice":"Take Damage","damage_taken":18,"relics_obtained":["Golden Idol"],"max_hp_gain":0,"max_hp_loss":0,"event_name":"Golden Idol","floor":11,"gold_loss":0},{"cards_removed":["Strike_B"],"damage_healed":0,"gold_gain":0,"player_choice":"Card Removal","damage_taken":0,"max_hp_gain":0,"max_hp_loss":0,"event_name":"The Cleric","floor":14,"gold_loss":50},{"damage_healed":0,"gold_gain":0,"player_choice":"Fought Bandits","damage_taken":0,"max_hp_gain":0,"max_hp_loss":0,"event_name":"Masked Bandits","floor":19,"gold_loss":0}],"is_beta":false,"boss_relics":[{"not_picked":["Philosopher\u0027s Stone","Cursed Key"],"picked":"Inserter"}],"items_purged_floors":[2,21],"is_endless":false,"potions_floor_spawned":[1,16,19],"killed_by":"Slavers","ascension_level":2}}