{"host":"fjaupvxe7fzqrf4j","time":1610006566,"event":{"mods":["ATMod(°¢èªMod)","BaseMod","Minty Spire (QoL Compilation)","StSLib"],"gold_per_floor":[117,392,230,7,26,58,88,119,119,146,146,172,172,207,207,279,279,296,326,184,184,29,55,88,115,115,142,177,210,240,240,240,313,313,324,546,546,569,274,300,333,366,391,248,305,413,470,536,548,585,647,659,671,327,406,431],"floor_reached":57,"playtime":974,"items_purged":["Regret","Deflect","Underhanded Strike","Underhanded Strike","AT_Desolate"],"score":4956,"play_id":"40df9d70-4ad8-482a-80a5-704c8e280ef3","local_time":"20210107160246","daily_mods":["SealedDeck","Heirloom","Time Dilation","Flight","Elite Swarm"],"is_ascension_mode":true,"campfire_choices":[{"data":"Calculated Gamble","floor":11.0,"key":"SMITH"},{"data":"Concentrate","floor":13.0,"key":"SMITH"},{"data":"AT_ShadowStep","floor":15.0,"key":"SMITH"},{"data":"Tactician","floor":32.0,"key":"SMITH"},{"floor":49.0,"key":"RECALL"},{"data":"Doppelganger","floor":53.0,"key":"SMITH"}],"circlet_count":0,"master_deck":["AscendersBane","AT_ShadowStep+1","Concentrate+1","Expertise+1","Backflip","Calculated Gamble+1","Tactician+1","Adrenaline","Grand Finale+1","Doppelganger+1"],"relics":["Ring of the Snake","AT_ATBox","AT_LudenTempest","Membership Card","Bag of Preparation","Blue Candle","Strawberry","Omamori","Vajra","Pen Nib","Darkstone Periapt","AT_TrinityForce","Red Mask","ClockworkSouvenir","Nilry\u0027s Codex","Chemical X","Tough Bandages","AT_ArchangelStaff","Tiny Chest","Gambling Chip","Mango","Lizard Tail","Whetstone","Matryoshka","Empty Cage","AT_RedTearstoneRing","Medical Kit","Pantograph","Juzu Bracelet","Peace Pipe","Centennial Puzzle","AT_ChloranthyRing","AT_MibuBalloonWealth","AT_BladeRuinedKing","Singing Bowl","AT_SilvercatRing","AT_GoldPhoenixTree","MawBank","AT_Manta","OrangePellets","Oddly Smooth Stone","Boot","Art of War"],"acts_visited":["Exordium","TheCity","TheBeyond","TheEnding"],"potions_floor_usage":[56,56],"damage_taken":[{"damage":0.0,"enemies":"Jaw Worm","floor":1.0,"turns":1.0},{"damage":0.0,"enemies":"Cultist","floor":5.0,"turns":1.0},{"damage":0.0,"enemies":"Lagavulin","floor":6.0,"turns":1.0},{"damage":0.0,"enemies":"Gremlin Nob","floor":7.0,"turns":1.0},{"damage":0.0,"enemies":"Lagavulin","floor":8.0,"turns":1.0},{"damage":0.0,"enemies":"Gremlin Nob","floor":10.0,"turns":1.0},{"damage":0.0,"enemies":"3 Sentries","floor":12.0,"turns":1.0},{"damage":0.0,"enemies":"Lagavulin","floor":14.0,"turns":1.0},{"damage":0.0,"enemies":"The Guardian","floor":16.0,"turns":1.0},{"damage":0.0,"enemies":"Shell Parasite","floor":18.0,"turns":1.0},{"damage":0.0,"enemies":"Masked Bandits","floor":19.0,"turns":1.0},{"damage":0.0,"enemies":"Slavers","floor":23.0,"turns":1.0},{"damage":0.0,"enemies":"Book of Stabbing","floor":24.0,"turns":1.0},{"damage":0.0,"enemies":"Slavers","floor":25.0,"turns":1.0},{"damage":0.0,"enemies":"Book of Stabbing","floor":27.0,"turns":1.0},{"damage":0.0,"enemies":"Slavers","floor":28.0,"turns":1.0},{"damage":0.0,"enemies":"Book of Stabbing","floor":29.0,"turns":1.0},{"damage":0.0,"enemies":"Gremlin Leader","floor":30.0,"turns":1.0},{"damage":0.0,"enemies":"Automaton","floor":33.0,"turns":1.0},{"damage":0.0,"enemies":"3 Darklings","floor":35.0,"turns":1.0},{"damage":0.0,"enemies":"Reptomancer","floor":40.0,"turns":1.0},{"damage":0.0,"enemies":"Giant Head","floor":41.0,"turns":1.0},{"damage":0.0,"enemies":"Reptomancer","floor":42.0,"turns":1.0},{"damage":0.0,"enemies":"Nemesis","floor":45.0,"turns":1.0},{"damage":0.0,"enemies":"Reptomancer","floor":46.0,"turns":1.0},{"damage":0.0,"enemies":"Nemesis","floor":47.0,"turns":1.0},{"damage":0.0,"enemies":"Giant Head","floor":48.0,"turns":1.0},{"damage":0.0,"enemies":"Time Eater","floor":50.0,"turns":1.0},{"damage":0.0,"enemies":"Donu and Deca","floor":51.0,"turns":1.0},{"damage":0.0,"enemies":"Shield and Spear","floor":55.0,"turns":1.0},{"damage":0,"enemies":"The Heart","floor":56,"turns":4}],"seed_played":"-8071138894822860492","potions_obtained":[{"floor":6.0,"key":"CultistPotion"},{"floor":7.0,"key":"PowerPotion"},{"floor":24.0,"key":"GhostInAJar"}],"is_trial":true,"path_per_floor":["M","?","$","$","M","E","E","E","T","E","R","E","R","E","R","B",null,"M","?","$","?","$","E","E","E","T","E","E","E","E","?","R","B",null,"M","?","?","T","$","E","E","E","T","$","E","E","E","E","R","B","B",null,"R","$","E","B",null],"character_chosen":"THE_SILENT","items_purchased":["AT_Desolate","Membership Card","ClockworkSouvenir","Chemical X","Medical Kit","Pantograph","Juzu Bracelet","Singing Bowl","OrangePellets","Oddly Smooth Stone","Boot","AT_Desolate"],"campfire_rested":0,"item_purchase_floors":[3,4,20,22,39,39,39,44,54,54,54,54],"current_hp_per_floor":[59,59,59,59,59,59,59,66,66,66,66,66,66,66,66,66,71,71,71,71,50,50,50,50,50,50,64,64,64,64,64,64,64,81,81,81,81,81,81,81,81,81,81,81,83,85,87,89,89,91,91,91,91,91,93,93],"gold":431,"neow_bonus":"","is_daily":false,"chose_seed":false,"campfire_upgraded":5,"win_rate":0.0,"timestamp":1610006566,"path_taken":["M","?","$","$","?","E","E","E","T","E","R","E","R","E","R","BOSS","M","?","$","?","$","E","E","E","T","E","E","E","E","?","R","BOSS","M","?","?","?","$","E","E","E","T","$","E","E","E","E","R","BOSS","BOSS","R","$","E","BOSS"],"items_purchased_type":["Card","Relic","Relic","Relic","Relic","Relic","Relic","Relic","Relic","Relic","Relic","Card"],"build_version":"2020-12-22","purchased_purges":5,"victory":true,"max_hp_per_floor":[66,66,66,66,66,66,66,73,73,73,73,73,73,73,73,73,73,73,73,73,73,73,73,73,73,73,87,87,87,87,87,87,87,87,87,87,83,83,83,83,83,83,83,83,85,87,89,91,91,91,91,91,91,91,93,93],"card_choices":[{"not_picked":["Cloak And Dagger","Slice","Deflect"],"picked":"SKIP","floor":1.0},{"not_picked":["Endless Agony","Backflip","Flying Knee"],"picked":"SKIP","floor":5.0},{"not_picked":["Bullet Time","Burst"],"picked":"Adrenaline","floor":6.0},{"not_picked":["AT_MyraUnstableElement","Wraith Form v2"],"picked":"Grand Finale","floor":7.0},{"not_picked":["Burst","Storm of Steel","Tools of the Trade"],"picked":"SKIP","floor":8.0},{"not_picked":["Bullet Time","Die Die Die","Storm of Steel"],"picked":"SKIP","floor":10.0},{"not_picked":["Doppelganger","Wraith Form v2","Venomology"],"picked":"SKIP","floor":12.0},{"not_picked":["Unload","Adrenaline","Burst"],"picked":"SKIP","floor":14.0},{"not_picked":["AT_WindFlip","Quick Slash","Dagger Throw"],"picked":"SKIP","floor":18.0},{"not_picked":["Venomology","AT_MyraUnstableElement","Glass Knife"],"picked":"SKIP","floor":23.0},{"not_picked":["Corpse Explosion","Die Die Die","AT_MyraUnstableElement"],"picked":"SKIP","floor":24.0},{"not_picked":["Wraith Form v2","Adrenaline","AT_MyraUnstableElement"],"picked":"SKIP","floor":25.0},{"not_picked":["Venomology","A Thousand Cuts","Envenom"],"picked":"SKIP","floor":27.0},{"not_picked":["Grand Finale","Tools of the Trade","Adrenaline"],"picked":"SKIP","floor":28.0},{"not_picked":["Corpse Explosion","Malaise","Wraith Form v2"],"picked":"SKIP","floor":29.0},{"not_picked":["Adrenaline","Die Die Die","Burst"],"picked":"SKIP","floor":30.0},{"not_picked":["Unload","Bullet Time"],"picked":"Doppelganger","floor":33.0},{"not_picked":["AT_WindFlip","Dodge and Roll","Calculated Gamble"],"picked":"SKIP","floor":35.0},{"not_picked":["Storm of Steel","Doppelganger","Wraith Form v2"],"picked":"SKIP","floor":40.0},{"not_picked":["A Thousand Cuts","Die Die Die","Venomology"],"picked":"SKIP","floor":41.0},{"not_picked":["Bullet Time","AT_EssenceShift","Night Terror"],"picked":"SKIP","floor":42.0},{"not_picked":["Bullet Time","Storm of Steel","Night Terror"],"picked":"Singing Bowl","floor":45.0},{"not_picked":["Glass Knife","AT_MyraUnstableElement","Grand Finale"],"picked":"Singing Bowl","floor":46.0},{"not_picked":["Burst","AT_KingSlayer","Night Terror"],"picked":"Singing Bowl","floor":47.0},{"not_picked":["Envenom","Malaise","Unload"],"picked":"Singing Bowl","floor":48.0},{"not_picked":["Glass Knife","Night Terror","AT_EssenceShift"],"picked":"Singing Bowl","floor":55.0}],"player_experience":355664,"relics_obtained":[{"floor":6.0,"key":"Bag of Preparation"},{"floor":7.0,"key":"Blue Candle"},{"floor":8.0,"key":"Strawberry"},{"floor":9.0,"key":"Omamori"},{"floor":10.0,"key":"Vajra"},{"floor":12.0,"key":"Pen Nib"},{"floor":14.0,"key":"Darkstone Periapt"},{"floor":19.0,"key":"Red Mask"},{"floor":21.0,"key":"Nilry\u0027s Codex"},{"floor":23.0,"key":"Tough Bandages"},{"floor":24.0,"key":"AT_ArchangelStaff"},{"floor":25.0,"key":"Tiny Chest"},{"floor":26.0,"key":"Gambling Chip"},{"floor":27.0,"key":"Mango"},{"floor":28.0,"key":"Lizard Tail"},{"floor":29.0,"key":"Whetstone"},{"floor":30.0,"key":"Matryoshka"},{"floor":38.0,"key":"AT_RedTearstoneRing"},{"floor":40.0,"key":"Peace Pipe"},{"floor":41.0,"key":"Centennial Puzzle"},{"floor":42.0,"key":"AT_ChloranthyRing"},{"floor":43.0,"key":"AT_MibuBalloonWealth"},{"floor":43.0,"key":"AT_BladeRuinedKing"},{"floor":45.0,"key":"AT_SilvercatRing"},{"floor":46.0,"key":"AT_GoldPhoenixTree"},{"floor":47.0,"key":"MawBank"},{"floor":48.0,"key":"AT_Manta"},{"floor":55.0,"key":"Art of War"}],"event_choices":[{"damage_healed":0.0,"max_hp_gain":0.0,"max_hp_loss":0.0,"gold_gain":275.0,"event_name":"Golden Shrine","player_choice":"Desecrate","floor":2.0,"gold_loss":0.0,"damage_taken":0.0,"cards_obtained":["Regret"]},{"damage_healed":0.0,"max_hp_gain":0.0,"max_hp_loss":0.0,"gold_gain":0.0,"event_name":"Masked Bandits","player_choice":"Fought Bandits","floor":19.0,"gold_loss":0.0,"damage_taken":0.0},{"damage_healed":0.0,"max_hp_gain":0.0,"max_hp_loss":0.0,"gold_gain":0.0,"event_name":"Cursed Tome","player_choice":"Obtained Book","floor":21.0,"gold_loss":0.0,"damage_taken":21.0},{"damage_healed":0.0,"max_hp_gain":0.0,"max_hp_loss":0.0,"gold_gain":0.0,"event_name":"Vampires","player_choice":"Ignored","floor":31.0,"gold_loss":0.0,"damage_taken":0.0},{"damage_healed":0.0,"max_hp_gain":0.0,"max_hp_loss":0.0,"gold_gain":222.0,"event_name":"Tomb of Lord Red Mask","player_choice":"Wore Mask","floor":36.0,"gold_loss":0.0,"damage_taken":0.0},{"damage_healed":0.0,"max_hp_gain":0.0,"max_hp_loss":4.0,"gold_gain":0.0,"event_name":"Winding Halls","player_choice":"Max HP","floor":37.0,"gold_loss":0.0,"damage_taken":0.0}],"is_beta":false,"boss_relics":[{"not_picked":["Fusion Hammer","Philosopher\u0027s Stone"],"picked":"AT_TrinityForce"},{"not_picked":["Cursed Key","Astrolabe"],"picked":"Empty Cage"}],"items_purged_floors":[3,4,20,22,54],"is_endless":false,"potions_floor_spawned":[6,7,10,14,16,23,24,27,28,30,33,40,42,47,48,55],"ascension_level":20}}