{"host":"dn6kke80v5f7isus","time":1610002158,"event":{"mods":["AchievementEnabler","Act Like it!","BaseMod","Colored Powertips","Custom Start","Defuse TimeMaze Blight","Downfall","Duelist Mod","Gremlin Skip","Highlight Path","Hubris","Infinite Spire","Minty Spire (QoL Compilation)","Rare Cards Sparkle","Replay The Spire","StSLib","Uncapped"],"gold_per_floor":[139,139,156,171,171,171,196,196,196,196,214,241,241,276,276,377,377,352,352,352,370,387,387,387,387],"floor_reached":24,"playtime":958,"items_purged":[],"score":303,"play_id":"5e932e12-b4b7-43b6-b421-38cf312db498","local_time":"20210107014918","is_ascension_mode":true,"campfire_choices":[{"data":"theDuelist:ShadowToon","floor":6,"key":"SMITH"},{"floor":8,"key":"DIG"},{"floor":10,"key":"DIG"},{"floor":13,"key":"DIG"},{"floor":15,"key":"REST"},{"floor":23,"key":"DIG"}],"circlet_count":0,"master_deck":["theDuelist:CastleWalls","theDuelist:CastleWalls","theDuelist:MangaRyuRan","theDuelist:Sparks","theDuelist:ToonAncientGear","theDuelist:ToonMermaid","theDuelist:ToonSummonedSkull","theDuelist:ToonWorld","theDuelist:ShadowToon+1","theDuelist:PotGreed","theDuelist:ToonAncientGear","theDuelist:DokiDoki","theDuelist:ShardGreed","theDuelist:TrapHole","theDuelist:UltraPolymerization+1","theDuelist:ToonKingdom"],"relics":["theDuelist:MillenniumPuzzle","theDuelist:CardPoolRelic","theDuelist:CardPoolBasicRelic","theDuelist:BoosterPackPoolRelic","theDuelist:CardPoolAddRelic","theDuelist:CardPoolMinusRelic","theDuelist:CardPoolSaveRelic","theDuelist:CardPoolOptionsRelic","Shovel","Golden Egg","infinitespire:EmpoweringShard","Centennial Puzzle","infinitespire:Lychee Nut","theDuelist:DuelistUrn","Oddly Smooth Stone","hubris:HollowSoul","hubris:TenFootPole"],"acts_visited":["Exordium","TheCity"],"potions_floor_usage":[16,16,24,24,24],"damage_taken":[{"damage":4,"enemies":"2 Louse","floor":1,"turns":2},{"damage":1,"enemies":"Cultist","floor":3,"turns":2},{"damage":10,"enemies":"Small Slimes","floor":4,"turns":3},{"damage":40,"enemies":"3 Sentries","floor":7,"turns":7},{"damage":8,"enemies":"Gremlin Gang","floor":11,"turns":5},{"damage":19,"enemies":"Gremlin Nob","floor":12,"turns":5},{"damage":0,"enemies":"3 Sentries","floor":14,"turns":5},{"damage":4,"enemies":"Slime Boss","floor":16,"turns":4},{"damage":17,"enemies":"2 Thieves","floor":18,"turns":5},{"damage":3,"enemies":"Chosen","floor":21,"turns":3},{"damage":30,"enemies":"3 Cultists","floor":22,"turns":5},{"damage":15,"enemies":"Replay:Snechameleon","floor":24,"turns":2}],"seed_played":"-8245589419084695537","potions_obtained":[{"floor":7,"key":"BlessingOfTheForge"},{"floor":11,"key":"SkillPotion"},{"floor":14,"key":"Cursed Concoction"},{"floor":16,"key":"theDuelist:BigTributeBottle"},{"floor":18,"key":"theDuelist:BottledKuriboh"}],"is_trial":false,"path_per_floor":["M","?","M","M","?","R","E","R","T","R","M","E","R","E","R","B",null,"M","?","?","M","M","R","E"],"character_chosen":"THE_DUELIST","items_purchased":[],"campfire_rested":1,"item_purchase_floors":[],"current_hp_per_floor":[84,84,87,79,79,79,51,51,51,51,49,30,30,36,55,63,66,60,60,60,66,39,39,33,33],"gold":387,"neow_bonus":"TEN_PERCENT_HP_BONUS","is_daily":false,"chose_seed":false,"campfire_upgraded":1,"win_rate":0.0,"timestamp":1610002158,"path_taken":["M","?","M","?","?","R","E","R","T","R","?","E","R","E","R","BOSS","M","?","?","M","M","R","E"],"items_purchased_type":[],"build_version":"2020-12-22","purchased_purges":0,"victory":false,"max_hp_per_floor":[88,88,88,88,88,88,88,88,88,88,88,66,66,66,66,66,66,66,66,66,66,66,66,66,66],"card_choices":[{"not_picked":["theDuelist:ToonMask","theDuelist:ToonSummonedSkull","theDuelist:ToonDarkMagicianGirl","theDuelist:TributeDoomed"],"picked":"theDuelist:ShadowToon","floor":1},{"not_picked":["theDuelist:EvilswarmHeliotrope","theDuelist:WormKing","theDuelist:Terraforming","theDuelist:Wiseman"],"picked":"theDuelist:PotGreed","floor":3},{"not_picked":["theDuelist:MangaRyuRan","theDuelist:ToonBarrelDragon","theDuelist:ToonMermaid","theDuelist:ToonWorld"],"picked":"theDuelist:ToonAncientGear","floor":4},{"not_picked":["theDuelist:SpellShatteringArrow","theDuelist:ToonMermaid","theDuelist:ComicHand","theDuelist:BlueEyesToon","theDuelist:ToonMaskedSorcerer"],"picked":"SKIP","floor":7},{"not_picked":["theDuelist:Fissure","theDuelist:MirrorForce","theDuelist:OneForOne","theDuelist:RainbowKuriboh"],"picked":"theDuelist:DokiDoki","floor":11},{"not_picked":["theDuelist:MangaRyuRan","theDuelist:CheerfulCoffin","theDuelist:ToonAncientGear","theDuelist:SpellShatteringArrow","theDuelist:RedEyesToon"],"picked":"SKIP","floor":12},{"not_picked":["theDuelist:AttackTheMoon","theDuelist:MillenniumScorpion","theDuelist:BigKoala","theDuelist:FuryFire"],"picked":"theDuelist:ShardGreed","floor":14},{"not_picked":["theDuelist:LightningRodLord","theDuelist:LightningVortex+1","theDuelist:PowerGiant+1","theDuelist:BigFire","theDuelist:WingedKuriboh"],"picked":"SKIP","floor":18},{"not_picked":["theDuelist:Metronome","theDuelist:RainbowJar","theDuelist:SolemnStrike","theDuelist:TheCreator"],"picked":"theDuelist:UltraPolymerization+1","floor":21},{"not_picked":["theDuelist:TrapHole","theDuelist:ToonBriefcase","theDuelist:ToonCannonSoldier","theDuelist:HeartUnderdog+1"],"picked":"theDuelist:ToonKingdom","floor":22}],"player_experience":515602,"relics_obtained":[{"floor":7,"key":"Shovel"},{"floor":8,"key":"Golden Egg"},{"floor":9,"key":"infinitespire:EmpoweringShard"},{"floor":10,"key":"Centennial Puzzle"},{"floor":12,"key":"infinitespire:Lychee Nut"},{"floor":13,"key":"theDuelist:DuelistUrn"},{"floor":14,"key":"Oddly Smooth Stone"},{"floor":23,"key":"hubris:TenFootPole"}],"event_choices":[{"damage_healed":0,"gold_gain":0,"player_choice":"0 cards matched","damage_taken":0,"max_hp_gain":0,"max_hp_loss":0,"event_name":"Match and Keep!","floor":2,"gold_loss":0,"cards_obtained":[]},{"damage_healed":0,"gold_gain":0,"player_choice":"Leave","duelist":true,"damage_taken":0,"max_hp_gain":0,"max_hp_loss":0,"event_name":"Visit from Anubis","floor":5,"gold_loss":0},{"cards_removed":["theDuelist:Sparks"],"damage_healed":0,"gold_gain":0,"player_choice":"Elegance","damage_taken":0,"max_hp_gain":0,"max_hp_loss":0,"event_name":"Back to Basics","floor":19,"gold_loss":0},{"damage_healed":0,"gold_gain":0,"cards_transformed":["theDuelist:Sparks"],"player_choice":"Transformed","damage_taken":0,"max_hp_gain":0,"max_hp_loss":0,"event_name":"Transmorgrifier","floor":20,"gold_loss":0,"cards_obtained":["theDuelist:TrapHole"]}],"is_beta":false,"boss_relics":[{"not_picked":["Inserter","Ooze Armor"],"picked":"hubris:HollowSoul"}],"items_purged_floors":[],"is_endless":false,"potions_floor_spawned":[7,11,14,16,18,22],"killed_by":"Replay:Snechameleon","ascension_level":1}}