{"host":"nn0usk9aafse27ii","time":1610058332,"event":{"mods":["BaseMod","Colored Map","Highlight Path","Minty Spire (QoL Compilation)","Shop Mod","StSLib","The Disciple"],"gold_per_floor":[114,179,179,48,61,89,89,107,107,107,130,158,68,85,85,180,180,197,287,31,47,47,47,47,82,82,82,82],"floor_reached":27,"playtime":3613,"items_purged":["Regret","Strike_Br"],"score":287,"play_id":"3a184cbc-8f62-482e-b93d-e2bd49e312f4","local_time":"20210107142532","is_ascension_mode":false,"campfire_choices":[{"data":"LockedWhetstone","floor":7.0,"key":"SMITH"},{"data":"LockedAstrolabe","floor":10.0,"key":"SMITH"},{"floor":15.0,"key":"DIG"},{"floor":23.0,"key":"REST"}],"circlet_count":0,"master_deck":["Allegro+1","Strike_Br","Strike_Br","Defend_Br","Defend_Br","Defend_Br","Defend_Br","SecondHand","PatternShift","BiteCommand","LockedWhetstone+1","LockedBlood","LockedAstrolabe+1","Recurrance","LockedPlans","LockedTurtyl","Blind","WatchCommand","LockedScales","Swift Strike","Keepsakes","Trip","LockedLightning","LockedScales"],"relics":["Chronometer","NeowsBlessing","Smiling Mask","Lantern","Mummified Hand","Odd Mushroom","Shovel","Strawberry","Runic Pyramid","Membership Card","Pear"],"acts_visited":["Exordium","TheCity"],"potions_floor_usage":[27],"damage_taken":[{"damage":0.0,"enemies":"Jaw Worm","floor":1.0,"turns":1.0},{"damage":0.0,"enemies":"2 Louse","floor":5.0,"turns":2.0},{"damage":0.0,"enemies":"Lagavulin","floor":6.0,"turns":1.0},{"damage":7.0,"enemies":"Small Slimes","floor":8.0,"turns":6.0},{"damage":30.0,"enemies":"The Mushroom Lair","floor":11.0,"turns":6.0},{"damage":17.0,"enemies":"3 Sentries","floor":12.0,"turns":5.0},{"damage":10.0,"enemies":"Exordium Thugs","floor":14.0,"turns":4.0},{"damage":11.0,"enemies":"The Guardian","floor":16.0,"turns":10.0},{"damage":8.0,"enemies":"Chosen","floor":18.0,"turns":7.0},{"damage":12.0,"enemies":"Shell Parasite","floor":21.0,"turns":7.0},{"damage":40.0,"enemies":"Gremlin Leader","floor":25.0,"turns":7.0},{"damage":58,"enemies":"Sentry and Sphere","floor":27,"turns":5}],"seed_played":"-3556742117860493222","potions_obtained":[{"floor":6.0,"key":"AttackPotion"},{"floor":8.0,"key":"FearPotion"},{"floor":11.0,"key":"Explosive Potion"},{"floor":12.0,"key":"CultistPotion"},{"floor":25,"key":"Regen Potion"}],"is_trial":false,"path_per_floor":["M","?","?","$","M","E","R","M","T","R","?","E","$","M","R","B",null,"M","?","$","M","?","R","$","E","T","M"],"character_chosen":"CHRONO_CLASS","items_purchased":["LockedWhetstone","Blind","Membership Card","Keepsakes","Trip"],"campfire_rested":1,"item_purchase_floors":[4,13,20,20,20],"current_hp_per_floor":[65,65,65,65,65,65,65,64,64,64,46,35,35,29,36,31,72,65,47,47,41,41,62,62,38,38,0,0],"gold":82,"neow_bonus":"THREE_ENEMY_KILL","is_daily":false,"chose_seed":false,"campfire_upgraded":2,"win_rate":0.0,"timestamp":1610058332,"path_taken":["M","?","?","$","M","E","R","M","T","R","?","E","?","M","R","BOSS","M","?","?","?","?","R","$","E","T","M"],"items_purchased_type":["Card","Card","Relic","Card","Card"],"build_version":"2020-12-22","purchased_purges":2,"victory":false,"max_hp_per_floor":[65,65,65,65,65,65,65,65,65,65,65,65,65,65,72,72,72,72,72,72,72,72,72,72,82,82,82,82],"card_choices":[{"not_picked":["LockedMedicine","CrunchTime"],"picked":"BiteCommand","floor":1.0},{"not_picked":["Parity","FormalWear"],"picked":"LockedBlood","floor":5.0},{"not_picked":["Tempo","LockedWarPaint"],"picked":"LockedAstrolabe","floor":6.0},{"not_picked":["HandsUpC","ExoVibe"],"picked":"Recurrance","floor":8.0},{"not_picked":["LockedWhetstone","ReapSow"],"picked":"LockedPlans","floor":11.0},{"not_picked":["PrimeTime","HandsUpB"],"picked":"LockedTurtyl","floor":12.0},{"not_picked":["HandsUpB","HandsUpC"],"picked":"WatchCommand","floor":14.0},{"not_picked":["LockedAstrolabe","LockedFlame"],"picked":"Chronoelasticity","floor":16.0},{"not_picked":["Engulf","BlueShift"],"picked":"LockedScales","floor":18.0},{"not_picked":["WakeUpCall+1","AlternateTimeline","HandsUpC"],"picked":"SKIP","floor":21.0},{"not_picked":["LockedAnchor","CrunchTime","Recurrance"],"picked":"SKIP","floor":25}],"player_experience":370591,"relics_obtained":[{"floor":6.0,"key":"Lantern"},{"floor":9.0,"key":"Mummified Hand"},{"floor":11.0,"key":"Odd Mushroom"},{"floor":12.0,"key":"Shovel"},{"floor":15.0,"key":"Strawberry"},{"floor":25,"key":"Pear"}],"event_choices":[{"damage_healed":0.0,"max_hp_gain":0.0,"max_hp_loss":0.0,"gold_gain":65.0,"event_name":"Golden Wing","player_choice":"Gained Gold","floor":2.0,"gold_loss":0.0,"damage_taken":0.0},{"damage_healed":0.0,"max_hp_gain":0.0,"max_hp_loss":0.0,"gold_gain":0.0,"event_name":"Big Fish","player_choice":"Box","floor":3.0,"gold_loss":0.0,"damage_taken":0.0,"relics_obtained":["Smiling Mask"],"cards_obtained":["Regret"]},{"damage_healed":0.0,"max_hp_gain":0.0,"max_hp_loss":0.0,"gold_gain":0.0,"event_name":"Mushrooms","player_choice":"Fought Mushrooms","floor":11.0,"gold_loss":0.0,"damage_taken":0.0},{"damage_healed":0.0,"max_hp_gain":0.0,"max_hp_loss":0.0,"gold_gain":90.0,"event_name":"Knowing Skull","player_choice":"CARD GOLD ","floor":19.0,"potions_obtained":[],"gold_loss":0.0,"damage_taken":18.0,"cards_obtained":["Swift Strike"]}],"is_beta":false,"boss_relics":[{"not_picked":["Coffee Dripper","Pandora\u0027s Box"],"picked":"Runic Pyramid"}],"items_purged_floors":[4,20],"is_endless":false,"potions_floor_spawned":[6,8,11,12,25],"killed_by":"Sentry and Sphere","ascension_level":0}}