{"host":"56ghxnzsglgdq727","time":1610034834,"event":{"mods":["AchievementEnabler","BaseMod","Downfall","Minty Spire (QoL Compilation)","StSLib"],"gold_per_floor":[99,115,25,25,125,137,137,152,152,186,203,223,148,33,50,149,149,149,161,161,161,181,76,76,176,176,101,126,136,61,26,40,136,136,136,149,168,182,192,6,76,91,124,32,46,57,84,84,101,101,101,126,29,29,29,29,29],"floor_reached":55,"playtime":1662,"items_purged":["champ:Strike","champ:Defend","champ:Defend","champ:Defend"],"score":839,"play_id":"ee7b7f9e-c79d-4b8f-b29b-944538737aaf","local_time":"20210107105354","is_ascension_mode":true,"campfire_choices":[{"floor":1,"key":"RECALL"},{"data":"1","floor":13,"key":"LIFT"},{"data":"2","floor":18,"key":"LIFT"},{"data":"3","floor":27,"key":"LIFT"},{"floor":30,"key":"REST"},{"floor":35,"key":"REST"},{"floor":54,"key":"REST"}],"circlet_count":0,"master_deck":["champ:Execute","champ:BerserkerStyle","champ:Shatter","champ:Shatter","champ:RecklessLeap","champ:Encircle","champ:Aggression","champ:SwordThrow","Bite","Bite","Bite","Bite","Bite","champ:Encircle","Dramatic Entrance","champ:BerserkersShout+1","champ:Aggression+1","expansioncontent:DonusPower","Parasite","champ:Aggression","expansioncontent:CaCaw"],"relics":["Fusion Hammer","champ:LiftRelic","Girya","Akabeko","downfall:HeartBlessingRed","Busted Crown","hexamod:BolsterEngine","Turnip","InkBottle","downfall:HeartBlessingBlue","MealTicket","downfall:HeartBlessingGreen","Black Star","Blue Candle","Nunchaku","War Paint","CaptainsWheel","Molten Egg 2","PreservedInsect","champ:GladiatorsBookOfMartialProwess"],"acts_visited":["Exordium","TheCity","TheBeyond","TheEnding"],"potions_floor_usage":[14,14,16,22,25,33,38,38,43,50,55,55],"damage_taken":[{"damage":12,"enemies":"Cultist","floor":2,"turns":4},{"damage":15,"enemies":"downfall:FleeingMerchant","floor":3,"turns":4},{"damage":9,"enemies":"2 Louse","floor":6,"turns":2},{"damage":13,"enemies":"Jaw Worm","floor":8,"turns":2},{"damage":28,"enemies":"Gremlin Nob","floor":10,"turns":3},{"damage":30,"enemies":"Exordium Thugs","floor":11,"turns":3},{"damage":9,"enemies":"Exordium Wildlife","floor":12,"turns":2},{"damage":39,"enemies":"downfall:FleeingMerchant","floor":14,"turns":4},{"damage":20,"enemies":"2 Fungi Beasts","floor":15,"turns":2},{"damage":42,"enemies":"downfall:Defect","floor":16,"turns":4},{"damage":6,"enemies":"Chosen","floor":19,"turns":1},{"damage":33,"enemies":"Snake Plant","floor":22,"turns":3},{"damage":9,"enemies":"downfall:FleeingMerchant","floor":23,"turns":2},{"damage":6,"enemies":"downfall:CharBossIronclad","floor":25,"turns":2},{"damage":5,"enemies":"Gremlin Leader","floor":28,"turns":3},{"damage":25,"enemies":"Snecko","floor":29,"turns":3},{"damage":6,"enemies":"3 Cultists","floor":32,"turns":2},{"damage":39,"enemies":"downfall:Watcher","floor":33,"turns":3},{"damage":20,"enemies":"3 Shapes","floor":36,"turns":2},{"damage":15,"enemies":"Orb Walker","floor":37,"turns":1},{"damage":48,"enemies":"Writhing Mass","floor":38,"turns":3},{"damage":31,"enemies":"Transient","floor":39,"turns":5},{"damage":10,"enemies":"Jaw Worm Horde","floor":42,"turns":2},{"damage":62,"enemies":"Giant Head","floor":43,"turns":5},{"damage":28,"enemies":"4 Shapes","floor":45,"turns":1},{"damage":34,"enemies":"Writhing Mass","floor":46,"turns":3},{"damage":34,"enemies":"Reptomancer","floor":47,"turns":3},{"damage":2,"enemies":"Sphere and 2 Shapes","floor":49,"turns":2},{"damage":75,"enemies":"downfall:Silent","floor":50,"turns":4},{"damage":57,"enemies":"downfall:CharBossMerchant","floor":52,"turns":4},{"damage":159,"enemies":"downfall:NeowBoss","floor":55,"turns":10}],"seed_played":"-5495728416423051490","potions_obtained":[{"floor":8,"key":"champ:CounterPotion"},{"floor":10,"key":"ColorlessPotion"},{"floor":11,"key":"BlessingOfTheForge"},{"floor":15,"key":"AttackPotion"},{"floor":16,"key":"CultistPotion"},{"floor":19,"key":"SkillPotion"},{"floor":28,"key":"Block Potion"},{"floor":29,"key":"hexamod:EctoCoolerPotion"},{"floor":37,"key":"LiquidMemories"},{"floor":42,"key":"hexamod:EctoCoolerPotion"},{"floor":43,"key":"PowerPotion"},{"floor":46,"key":"hexamod:EctoCoolerPotion"}],"is_trial":false,"path_per_floor":["R","M","$","?","?","M","T","M","?","E","M","M","R","$","M","B",null,"R","M","?","?","M","$","T","?","?","R","E","M","R","$","M","B",null,"R","M","M","M","M","$","T","M","E","$","M","M","E","?","M","B",null,"E","$","R","B"],"character_chosen":"THE_CHAMP","items_purchased":["hexamod:BolsterEngine","champ:Encircle","Dramatic Entrance","champ:Aggression","champ:FightOn","expansioncontent:DonusPower","expansioncontent:CaCaw"],"campfire_rested":3,"item_purchase_floors":[23,23,23,31,40,44,53],"current_hp_per_floor":[90,83,78,78,78,71,71,60,60,54,44,44,44,29,29,13,90,90,90,72,66,52,54,54,60,60,70,76,61,76,76,76,73,76,76,64,64,58,70,76,76,76,66,76,56,65,72,72,78,73,81,75,81,81,0,0,0],"gold":29,"neow_bonus":"BOSS_RELIC","is_daily":false,"chose_seed":false,"campfire_upgraded":0,"win_rate":0.0,"timestamp":1610034834,"path_taken":["R","M","$","?","?","?","T","M","?","E","M","M","R","?","M","BOSS","R","M","?","?","M","$","T","?","?","R","E","M","R","$","M","BOSS","R","M","M","M","?","$","T","M","E","$","M","M","E","?","M","BOSS","E","$","R","BOSS"],"items_purchased_type":["Relic","Card","Card","Card","Card","Card","Card"],"build_version":"2020-12-22","purchased_purges":4,"victory":false,"max_hp_per_floor":[90,90,90,90,90,90,90,90,90,90,90,90,90,90,90,90,90,90,90,95,66,66,66,66,66,66,76,76,76,76,76,76,76,76,76,76,76,76,76,76,76,76,76,76,76,81,81,81,81,81,81,81,81,81,81,81,81],"card_choices":[{"not_picked":["champ:GutPunch","champ:Backstep","champ:EnGarde"],"picked":"SKIP","floor":2},{"not_picked":["champ:StanceDance","champ:FaceSlap"],"picked":"champ:BerserkerStyle","floor":3},{"not_picked":["champ:Circumvent","champ:FalseCounter"],"picked":"champ:Shatter","floor":6},{"not_picked":["champ:BerserkersShout","champ:StanceDance"],"picked":"champ:Shatter","floor":8},{"not_picked":["champ:RecklessLeap","champ:DefensiveShout","champ:GutPunch"],"picked":"SKIP","floor":10},{"not_picked":["champ:StanceDance","champ:BladeFlurry"],"picked":"champ:Encircle","floor":11},{"not_picked":["champ:ViciousMockery","champ:BladeFlurry"],"picked":"champ:Aggression","floor":12},{"not_picked":["champ:Backstep","champ:RecklessLeap","champ:PerfectedStrike"],"picked":"SKIP","floor":14},{"not_picked":["champ:RageSigil","champ:GladiatorsShout","champ:Riposte"],"picked":"SKIP","floor":15},{"not_picked":["champ:LastStand","champ:DancingMaster"],"picked":"champ:SwordThrow","floor":16},{"not_picked":["champ:CrookedStrike+1"],"picked":"SKIP","floor":19},{"not_picked":["champ:PerfectedStrike"],"picked":"SKIP","floor":22},{"not_picked":["champ:ShieldSigil"],"picked":"SKIP","floor":23},{"not_picked":["champ:Backstep"],"picked":"SKIP","floor":28},{"not_picked":["champ:FocusedGladiator"],"picked":"SKIP","floor":29},{"not_picked":["champ:FlashCut"],"picked":"SKIP","floor":32},{"not_picked":["champ:PerfectedStrike"],"picked":"SKIP","floor":36},{"not_picked":["champ:GladiatorsShout+1"],"picked":"SKIP","floor":37},{"not_picked":["champ:RapidStrikes+1"],"picked":"SKIP","floor":38},{"not_picked":["champ:StanceDance+1"],"picked":"SKIP","floor":39},{"not_picked":["champ:Haymaker+1"],"picked":"SKIP","floor":42},{"not_picked":["champ:PerfectedStrike+1"],"picked":"SKIP","floor":43},{"not_picked":["champ:DefensiveShout+1"],"picked":"SKIP","floor":45},{"not_picked":[],"picked":"champ:Aggression","floor":46},{"not_picked":["champ:GladiatorsShout"],"picked":"SKIP","floor":47},{"not_picked":["champ:PerfectedStrike+1"],"picked":"SKIP","floor":49},{"not_picked":["champ:ShieldThrow+1"],"picked":"SKIP","floor":52}],"player_experience":182016,"relics_obtained":[{"floor":7,"key":"Girya"},{"floor":10,"key":"Akabeko"},{"floor":25,"key":"Turnip"},{"floor":25,"key":"InkBottle"},{"floor":28,"key":"MealTicket"},{"floor":41,"key":"Blue Candle"},{"floor":43,"key":"Nunchaku"},{"floor":43,"key":"War Paint"},{"floor":47,"key":"CaptainsWheel"},{"floor":47,"key":"Molten Egg 2"},{"floor":52,"key":"PreservedInsect"},{"floor":52,"key":"champ:GladiatorsBookOfMartialProwess"}],"event_choices":[{"damage_healed":0,"gold_gain":0,"cards_transformed":["champ:Taunt"],"player_choice":"Transformed","damage_taken":0,"max_hp_gain":0,"max_hp_loss":0,"event_name":"Transmorgrifier","floor":9,"gold_loss":0,"cards_obtained":["champ:RecklessLeap"]},{"damage_healed":0,"gold_gain":0,"player_choice":"Became a vampire","damage_taken":0,"max_hp_gain":0,"max_hp_loss":29,"event_name":"Vampires","floor":21,"gold_loss":0,"cards_obtained":["Bite","Bite","Bite","Bite","Bite"]},{"damage_healed":0,"gold_gain":0,"cards_transformed":["champ:Defend"],"player_choice":"Transformed","damage_taken":0,"max_hp_gain":0,"max_hp_loss":0,"event_name":"Transmorgrifier","floor":26,"gold_loss":0,"cards_obtained":["champ:BerserkersShout"]},{"damage_healed":0,"gold_gain":0,"player_choice":"Ignored","damage_taken":0,"max_hp_gain":0,"max_hp_loss":0,"event_name":"Mysterious Sphere","floor":48,"gold_loss":0}],"is_beta":false,"boss_relics":[{"not_picked":["Calling Bell","Coffee Dripper"],"picked":"Busted Crown"},{"not_picked":["Velvet Choker","Philosopher\u0027s Stone"],"picked":"Black Star"}],"items_purged_floors":[3,14,23,40],"is_endless":false,"potions_floor_spawned":[8,10,11,15,16,19,28,29,37,42,43,46,47,49],"killed_by":"downfall:NeowBoss","ascension_level":1}}