{"host":"agbyy69nq62afhwx","time":1610048954,"event":{"mods":["BaseMod","Colored Map","DeckTracker","Highlight Path","Keyboard Shortcuts","Minty Spire (QoL Compilation)","Quick Restart","StSLib","SuperFastMode","everything is the same but u backflip on backflip"],"gold_per_floor":[109,125,141,153,133,133,151,170,194,221,146,146,146,162,162,264,264,283,64,64,64,13,13,29,56,56,56,68,85,114,39,39,39,39],"floor_reached":33,"playtime":935,"items_purged":["Strike_P","Strike_P","Writhe"],"score":421,"play_id":"2b564122-5af9-4e2c-961e-1a75824f0a38","local_time":"20210108044914","is_ascension_mode":true,"campfire_choices":[{"data":"Eruption","floor":6.0,"key":"SMITH"},{"floor":12.0,"key":"REST"},{"data":"WindmillStrike","floor":15.0,"key":"SMITH"},{"data":"Evaluate","floor":23.0,"key":"SMITH"},{"floor":32.0,"key":"REST"}],"circlet_count":0,"master_deck":["Strike_P","Defend_P","Defend_P","Defend_P","Eruption+1","Vigilance","Wallop","ClearTheMind","SignatureMove","WindmillStrike+1","Worship","Brilliance","Evaluate+1","Prostrate","Perseverance+1","ForeignInfluence+1","Halt+1","TalkToTheHand"],"relics":["PureWater","PreservedInsect","Mercury Hourglass","FaceOfCleric","Black Star","Membership Card","Omamori","MawBank","Kunai","Dream Catcher","Question Card","Bag of Preparation","Frozen Egg 2","MealTicket"],"acts_visited":["Exordium","TheCity"],"potions_floor_usage":[33],"damage_taken":[{"damage":2.0,"enemies":"Jaw Worm","floor":1.0,"turns":4.0},{"damage":0.0,"enemies":"Cultist","floor":2.0,"turns":2.0},{"damage":0.0,"enemies":"2 Louse","floor":3.0,"turns":2.0},{"damage":4.0,"enemies":"Exordium Thugs","floor":4.0,"turns":5.0},{"damage":3.0,"enemies":"Looter","floor":7.0,"turns":3.0},{"damage":10.0,"enemies":"Large Slime","floor":8.0,"turns":8.0},{"damage":0.0,"enemies":"Gremlin Nob","floor":10.0,"turns":2.0},{"damage":7.0,"enemies":"Gremlin Gang","floor":14.0,"turns":3.0},{"damage":40.0,"enemies":"The Guardian","floor":16.0,"turns":5.0},{"damage":3.0,"enemies":"Spheric Guardian","floor":18.0,"turns":3.0},{"damage":0.0,"enemies":"Chosen","floor":24.0,"turns":3.0},{"damage":15.0,"enemies":"Gremlin Leader","floor":25.0,"turns":3.0},{"damage":18.0,"enemies":"Shelled Parasite and Fungi","floor":28.0,"turns":4.0},{"damage":8.0,"enemies":"Snecko","floor":29.0,"turns":5.0},{"damage":4.0,"enemies":"Slavers","floor":30.0,"turns":4.0},{"damage":54,"enemies":"Collector","floor":33,"turns":8}],"seed_played":"-5623243110298027263","potions_obtained":[{"floor":2.0,"key":"Regen Potion"},{"floor":4.0,"key":"Explosive Potion"},{"floor":5.0,"key":"Ancient Potion"},{"floor":7.0,"key":"Swift Potion"},{"floor":14.0,"key":"Fire Potion"},{"floor":24.0,"key":"Energy Potion"}],"is_trial":false,"path_per_floor":["M","M","M","M","?","R","M","M","T","E","$","R","?","M","R","B",null,"M","$","?","?","$","R","M","E","T","?","M","M","E","$","R","B"],"character_chosen":"WATCHER","items_purchased":["Membership Card","Prostrate","MealTicket"],"campfire_rested":2,"item_purchase_floors":[19,19,31],"current_hp_per_floor":[45,45,45,41,41,41,38,28,28,28,28,49,49,43,43,4,57,55,55,55,55,55,55,56,42,42,42,25,18,15,15,39,0,0],"gold":39,"neow_bonus":"REMOVE_TWO","is_daily":false,"chose_seed":false,"campfire_upgraded":3,"win_rate":0.0,"timestamp":1610048954,"path_taken":["M","M","M","M","?","R","M","?","T","E","$","R","?","M","R","BOSS","M","$","?","?","$","R","M","E","T","?","?","M","E","$","R","BOSS"],"items_purchased_type":["Relic","Card","Relic"],"build_version":"2020-12-22","purchased_purges":3,"victory":false,"max_hp_per_floor":[72,72,72,72,72,72,72,72,72,72,72,72,72,73,73,74,74,75,75,75,75,75,75,76,77,77,77,78,79,80,80,80,80,80],"card_choices":[{"not_picked":["EmptyBody","Crescendo"],"picked":"Wallop","floor":1.0},{"not_picked":["Vengeance","CutThroughFate"],"picked":"ClearTheMind","floor":2.0},{"not_picked":["SashWhip","BowlingBash","EmptyBody"],"picked":"SKIP","floor":3.0},{"not_picked":["ReachHeaven","Protect","PathToVictory"],"picked":"SKIP","floor":4.0},{"not_picked":["PathToVictory","Protect","ThirdEye"],"picked":"SKIP","floor":7.0},{"not_picked":["JustLucky","InnerPeace"],"picked":"SignatureMove","floor":8.0},{"not_picked":["DevaForm","Wallop"],"picked":"WindmillStrike","floor":10.0},{"not_picked":["ClearTheMind","Pray"],"picked":"Worship","floor":14.0},{"not_picked":["Wish","Devotion"],"picked":"Brilliance","floor":16.0},{"not_picked":["Sanctity","WindmillStrike+1"],"picked":"Evaluate","floor":18.0},{"not_picked":["JustLucky","Evaluate","SandsOfTime+1"],"picked":"SKIP","floor":24.0},{"not_picked":["Indignation","SashWhip+1"],"picked":"Perseverance+1","floor":25.0},{"not_picked":["Wallop","FlyingSleeves+1","JustLucky+1"],"picked":"ForeignInfluence+1","floor":28.0},{"not_picked":["ThirdEye","FlyingSleeves","SashWhip"],"picked":"Halt+1","floor":29.0},{"not_picked":["PathToVictory","ReachHeaven+1","BowlingBash+1","SignatureMove"],"picked":"SKIP","floor":30.0},{"not_picked":["FearNoEvil+1","Indignation","WindmillStrike"],"picked":"TalkToTheHand","floor":32.0}],"player_experience":409502,"relics_obtained":[{"floor":9.0,"key":"PreservedInsect"},{"floor":10.0,"key":"Mercury Hourglass"},{"floor":25.0,"key":"Kunai"},{"floor":25.0,"key":"Dream Catcher"},{"floor":26.0,"key":"Question Card"},{"floor":30.0,"key":"Bag of Preparation"},{"floor":30.0,"key":"Frozen Egg 2"}],"event_choices":[{"damage_healed":0.0,"max_hp_gain":0.0,"max_hp_loss":0.0,"gold_gain":0.0,"event_name":"The Woman in Blue","player_choice":"Bought 1 Potion","floor":5.0,"gold_loss":0.0,"damage_taken":0.0},{"damage_healed":0.0,"max_hp_gain":0.0,"max_hp_loss":0.0,"gold_gain":0.0,"event_name":"FaceTrader","player_choice":"Trade","floor":13.0,"gold_loss":0.0,"damage_taken":0.0,"relics_obtained":["FaceOfCleric"]},{"damage_healed":0.0,"max_hp_gain":0.0,"max_hp_loss":0.0,"gold_gain":0.0,"event_name":"The Mausoleum","player_choice":"Opened","floor":20.0,"gold_loss":0.0,"damage_taken":0.0,"relics_obtained":["Omamori"],"cards_obtained":["Writhe"]},{"damage_healed":0.0,"max_hp_gain":0.0,"max_hp_loss":0.0,"gold_gain":0.0,"event_name":"Addict","player_choice":"Stole Relic","floor":21.0,"gold_loss":0.0,"damage_taken":0.0,"relics_obtained":["MawBank"],"cards_obtained":["Shame"]},{"damage_healed":0.0,"max_hp_gain":0.0,"max_hp_loss":0.0,"gold_gain":0.0,"event_name":"N\u0027loth","player_choice":"Ignored","floor":27.0,"gold_loss":0.0,"damage_taken":0.0}],"is_beta":false,"boss_relics":[{"not_picked":["Pandora\u0027s Box","Runic Dome"],"picked":"Black Star"}],"items_purged_floors":[11,19,22],"is_endless":false,"potions_floor_spawned":[2,4,7,14,24,29],"killed_by":"Collector","ascension_level":7}}