{"host":"lfecqp1ncejeb4vg","time":1610025670,"event":{"mods":["BaseMod","Downfall","Hermit","HololiveMod","Luminous","Marisa（F雨　魔理沙）","Minty Spire (QoL Compilation)","Red Circlet Mod","Relic Stats","Shop Mod","StSLib","WarShipGirlsR/战舰少女R mod"],"gold_per_floor":[109,121,135,152,172,202,127,142,142,160,160,160,174,29,29,127,127,145,159,12,12,12,12,12,12],"floor_reached":24,"playtime":1245,"items_purged":["Decay"],"score":200,"play_id":"50d17fcb-98bf-49b7-bda9-e9032efa20da","local_time":"20210107212110","is_ascension_mode":false,"campfire_choices":[{"floor":12,"key":"REST"},{"floor":15,"key":"REST"},{"floor":23,"key":"REST"}],"circlet_count":0,"master_deck":["Strike_R","Strike_R","Strike_R","Strike_R","Strike_R+1","Defend_R","Defend_R","Defend_R","Defend_R","Bash","Perfected Strike","Entrench","Flex","Limit Break","Armaments","Clothesline+1","Offering","Searing Blow+1"],"relics":["Burning Blood","Calipers","StoneCalendar","Molten Egg 2","Tiny Chest","Sozu","Pen Nib"],"acts_visited":["TheCity"],"potions_floor_usage":[16,16,18],"damage_taken":[{"damage":14.0,"enemies":"Cultist","floor":1.0,"turns":5.0},{"damage":2.0,"enemies":"2 Louse","floor":2.0,"turns":2.0},{"damage":2.0,"enemies":"Small Slimes","floor":3.0,"turns":5.0},{"damage":11.0,"enemies":"2 Fungi Beasts","floor":4.0,"turns":4.0},{"damage":22.0,"enemies":"Exordium Thugs","floor":5.0,"turns":5.0},{"damage":27.0,"enemies":"Gremlin Nob","floor":6.0,"turns":5.0},{"damage":9.0,"enemies":"Blue Slaver","floor":8.0,"turns":3.0},{"damage":19.0,"enemies":"3 Louse","floor":10.0,"turns":4.0},{"damage":5,"enemies":"Looter","floor":13,"turns":3},{"damage":49,"enemies":"Hexaghost","floor":16,"turns":11},{"damage":26,"enemies":"Shell Parasite","floor":18,"turns":4},{"damage":28,"enemies":"2 Thieves","floor":19,"turns":4},{"damage":73,"enemies":"Slavers","floor":24,"turns":4}],"seed_played":"6042912077132900147","potions_obtained":[{"floor":3.0,"key":"Energy Potion"},{"floor":8.0,"key":"AttackPotion"},{"floor":13,"key":"Dexterity Potion"},{"floor":16,"key":"Fire Potion"}],"is_trial":false,"path_per_floor":["M","M","M","M","M","E","$","M","T","M","?","R","M","$","R","B",null,"M","M","$","?","$","R","E"],"character_chosen":"IRONCLAD","items_purchased":["Tiny Chest","Pen Nib"],"campfire_rested":3,"item_purchase_floors":[14,20],"current_hp_per_floor":[72,76,80,75,59,38,38,35,35,22,22,46,47,47,71,28,80,60,38,38,38,38,62,0,0],"gold":12,"neow_bonus":"ONE_RARE_RELIC","is_daily":false,"chose_seed":false,"campfire_upgraded":0,"win_rate":0.0,"timestamp":1610025670,"path_taken":["M","M","M","M","?","E","$","M","T","M","?","R","M","?","R","BOSS","M","M","$","?","?","R","E"],"items_purchased_type":["Relic","Relic"],"build_version":"2020-12-22","purchased_purges":1,"victory":false,"max_hp_per_floor":[80,80,80,80,80,80,80,80,80,80,80,80,80,80,80,80,80,80,80,80,80,80,80,80,80],"relic_stats":{"Sozu":1,"counters":[5,26],"StoneCalendar":[52],"Tiny Chest":0,"Pen Nib":[0],"obtain_stats":[{"Sozu":17,"Calipers":0,"StoneCalendar":0,"Molten Egg 2":0,"Tiny Chest":14,"Pen Nib":20,"Burning Blood":0},{"Sozu":2,"Calipers":0,"StoneCalendar":0,"Molten Egg 2":0,"Tiny Chest":1,"Pen Nib":4,"Burning Blood":0},{"Sozu":14,"Calipers":0,"StoneCalendar":0,"Molten Egg 2":0,"Tiny Chest":3,"Pen Nib":22,"Burning Blood":0}],"Burning Blood":24},"card_choices":[{"not_picked":["Headbutt","Anger"],"picked":"Perfected Strike","floor":1.0},{"not_picked":["Clothesline","Body Slam"],"picked":"Entrench","floor":2.0},{"not_picked":["Carnage","Sword Boomerang"],"picked":"Flex","floor":3.0},{"not_picked":["Armaments","Entrench","Twin Strike"],"picked":"SKIP","floor":4.0},{"not_picked":["Ghostly Armor","Wild Strike"],"picked":"Limit Break","floor":5.0},{"not_picked":["Feel No Pain","Armaments","Brutality"],"picked":"SKIP","floor":6.0},{"not_picked":["Headbutt","Heavy Blade","Twin Strike"],"picked":"SKIP","floor":8.0},{"not_picked":["Flex","Dual Wield"],"picked":"Armaments","floor":10.0},{"not_picked":["Sword Boomerang+1","Headbutt+1"],"picked":"Clothesline+1","floor":13},{"not_picked":["Berserk","Impervious"],"picked":"Offering","floor":16},{"not_picked":["Perfected Strike+1","Infernal Blade","Pommel Strike+1"],"picked":"SKIP","floor":18},{"not_picked":["Body Slam+1","Flex+1"],"picked":"Searing Blow+1","floor":19}],"player_experience":72843,"relics_obtained":[{"floor":6.0,"key":"StoneCalendar"},{"floor":9.0,"key":"Molten Egg 2"}],"event_choices":[{"damage_healed":0,"gold_gain":0,"player_choice":"Upgraded","damage_taken":0,"max_hp_gain":0,"max_hp_loss":0,"event_name":"Upgrade Shrine","floor":11,"gold_loss":0,"cards_upgraded":["Strike_R"]}],"is_beta":false,"boss_relics":[{"not_picked":["Runic Dome","Snecko Eye"],"picked":"Sozu"}],"items_purged_floors":[7],"is_endless":false,"potions_floor_spawned":[3,8,13,16,19],"killed_by":"Slavers","ascension_level":0}}