{"host":"1rf9pknejqhzkc4o","time":1610049328,"event":{"mods":["Aspiration","BaseMod","Better Altar","Better Match","Better Note","Better Sensory Stone","Better Skull","Better Third Choice","Colored Map","Colored Powertips","Communication Mod","Conspire","Energized Spire","Hubris","Infinite Spire","Ironclad Rager","Minty Spire (QoL Compilation)","Poor People Problems","Quick Restart","RNG Fix","Rare Cards Sparkle","Relic Stats","Replay The Spire","Retaliation","Spicy Shops","StSLib","The Blue Laboratory","Trackpad"],"gold_per_floor":[116,127,202,52,68,68,68,68,68,85,85,95,45,45,45,145,145,132,132,132,132,159,159,174,174,188,188,243,260,260,260,260,260],"floor_reached":33,"playtime":921,"items_purged":[],"score":253,"play_id":"2eba7e57-ec61-45ef-9d45-1ad1ca587417","local_time":"20210107225528","is_ascension_mode":false,"campfire_choices":[{"data":"Whirlwind","floor":6,"key":"SMITH"},{"data":"Dropkick","floor":11,"key":"SMITH"},{"data":"Bash","floor":15,"key":"SMITH"},{"floor":24,"key":"REST"},{"data":"Reaper","floor":28,"key":"SMITH"},{"data":"infinitespire:Collect","floor":32,"key":"SMITH"}],"circlet_count":0,"master_deck":["Strike_R","Strike_R","Strike_R","Strike_R","Strike_R","Defend_R","Defend_R","Defend_R","Defend_R","Bash+1","Whirlwind+1","Dropkick+1","Life Link+1","Reaper+1","CurseOfTheBell","Body Slam+1","Mayhem+1","Hemokinesis","Perfected Strike+1","DDmod:UnstoppableAttack+1","Massacre","infinitespire:Collect+1"],"relics":["Burning Blood","aspiration:Nostalgia","Iron Core","Lee\u0027s Waffle","hubris:Icosahedron","hubris:MysteriousPyramids","Calling Bell","Ancient Tea Set","Snack Pack","hubris:Teleporter","Eternal Feather","hubris:MedicalManual","infinitespire:Satchel"],"acts_visited":["Exordium","TheCity"],"potions_floor_usage":[16,23,33],"damage_taken":[{"damage":14,"enemies":"conspire:RoseBush","floor":1,"turns":3},{"damage":16,"enemies":"Jaw Worm","floor":2,"turns":5},{"damage":10,"enemies":"Small Slimes","floor":5,"turns":3},{"damage":20,"enemies":"Exordium Wildlife","floor":10,"turns":5},{"damage":10,"enemies":"Looter","floor":12,"turns":2},{"damage":24,"enemies":"Fading Forest","floor":16,"turns":11},{"damage":37,"enemies":"2 Thieves","floor":18,"turns":4},{"damage":38,"enemies":"conspire:SneckoGhost","floor":23,"turns":8},{"damage":33,"enemies":"conspire:FuzzyDice","floor":25,"turns":5},{"damage":5,"enemies":"Snecko","floor":27,"turns":4},{"damage":21,"enemies":"Snake Plant","floor":30,"turns":3},{"damage":91,"enemies":"Automaton","floor":33,"turns":6}],"seed_played":"7517510355734319579","potions_obtained":[{"floor":5,"key":"SteroidPotion"},{"floor":16,"key":"blueLaboratory:StoneskinPotion"},{"floor":25,"key":"blueLaboratory:AbyssPotion"},{"floor":27,"key":"SteroidPotion"},{"floor":30,"key":"blueLaboratory:ConflagurationPotion"}],"is_trial":false,"path_per_floor":["M","M","?","$","M","R","?","$","T","M","R","M","?","?","R","B",null,"M","?","?","AVR","E","R","M","T","M","R","T","M","?","R","B"],"character_chosen":"IRONCLAD","items_purchased":["Lee\u0027s Waffle"],"campfire_rested":1,"item_purchase_floors":[4],"current_hp_per_floor":[72,62,54,87,83,83,83,83,83,69,69,65,65,65,65,57,87,64,64,64,64,37,72,73,73,87,87,87,81,60,72,0,0],"gold":260,"neow_bonus":"NOSTALGIA","is_daily":false,"chose_seed":false,"campfire_upgraded":5,"win_rate":0.0,"timestamp":1610049328,"path_taken":["M","M","?","$","?","R","?","?","T","M","R","?","?","?","R","BOSS","M","?","?","AVR","E","R","?","T","M","R","?","?","?","R","BOSS"],"items_purchased_type":["Relic"],"build_version":"2020-12-22","purchased_purges":0,"victory":false,"max_hp_per_floor":[80,80,80,87,87,87,87,87,87,87,87,87,87,87,87,87,87,87,87,87,87,87,87,87,87,87,87,87,87,87,87,87,87],"relic_stats":{"Lee\u0027s Waffle":33,"counters":[12,59],"Eternal Feather":21,"obtain_stats":[{"Iron Core":0,"Lee\u0027s Waffle":4,"hubris:Teleporter":17,"aspiration:Nostalgia":0,"Eternal Feather":23,"hubris:MedicalManual":26,"hubris:MysteriousPyramids":9,"Ancient Tea Set":17,"Burning Blood":0,"Calling Bell":17,"hubris:Icosahedron":7,"infinitespire:Satchel":29,"Snack Pack":17},{"Iron Core":0,"Lee\u0027s Waffle":2,"hubris:Teleporter":6,"aspiration:Nostalgia":0,"Eternal Feather":8,"hubris:MedicalManual":9,"hubris:MysteriousPyramids":3,"Ancient Tea Set":6,"Burning Blood":0,"Calling Bell":6,"hubris:Icosahedron":3,"infinitespire:Satchel":10,"Snack Pack":6},{"Iron Core":0,"Lee\u0027s Waffle":8,"hubris:Teleporter":29,"aspiration:Nostalgia":0,"Eternal Feather":41,"hubris:MedicalManual":46,"hubris:MysteriousPyramids":11,"Ancient Tea Set":29,"Burning Blood":0,"Calling Bell":29,"hubris:Icosahedron":11,"infinitespire:Satchel":50,"Snack Pack":29}],"Burning Blood":62},"card_choices":[{"not_picked":["WeaponsOverheat","Second Wind","Havoc"],"picked":"SKIP","floor":1},{"not_picked":["conspire:ExplosiveBarrier","Thunderclap"],"picked":"Whirlwind","floor":2},{"not_picked":["FTL","Cold Snap"],"picked":"Rebound","floor":5},{"not_picked":["WeaponsOverheat","conspire:ExplosiveBarrier"],"picked":"Dropkick","floor":10},{"not_picked":["Pommel Strike","Corruption"],"picked":"Life Link","floor":12},{"not_picked":["Berserk","Mirror Shield"],"picked":"Reaper","floor":16},{"not_picked":["DDmod:SpikedSkill","Ghostly Armor+1"],"picked":"Body Slam+1","floor":18},{"not_picked":["Anger","hubris:ReadiedAction"],"picked":"Perfected Strike+1","floor":23},{"not_picked":["Body Slam+1","conspire:ExplosiveBarrier"],"picked":"DDmod:UnstoppableAttack+1","floor":25},{"not_picked":["Wild Strike","Corruption"],"picked":"Massacre","floor":27},{"not_picked":["ReplayTheSpireMod:Corrosion Curse+1","Defy Death","hubris:CleavingFinish"],"picked":"SKIP","floor":30},{"not_picked":["infinitespire:Gouge","infinitespire:Execution"],"picked":"infinitespire:Collect","floor":31}],"player_experience":166115,"relics_obtained":[{"floor":9,"key":"hubris:MysteriousPyramids"},{"floor":17,"key":"Ancient Tea Set"},{"floor":17,"key":"Snack Pack"},{"floor":17,"key":"hubris:Teleporter"},{"floor":23,"key":"Eternal Feather"},{"floor":26,"key":"hubris:MedicalManual"},{"floor":29,"key":"infinitespire:Satchel"}],"event_choices":[{"damage_healed":0,"gold_gain":75,"player_choice":"Touch","damage_taken":8,"max_hp_gain":0,"max_hp_loss":0,"event_name":"FaceTrader","floor":3,"gold_loss":0},{"cards_removed":["Rebound"],"damage_healed":0,"gold_gain":0,"player_choice":"Card Removal","damage_taken":0,"max_hp_gain":0,"max_hp_loss":0,"event_name":"The Cleric","floor":13,"gold_loss":50},{"damage_healed":0,"gold_gain":0,"player_choice":"Upgraded","damage_taken":0,"max_hp_gain":0,"max_hp_loss":0,"event_name":"Upgrade Shrine","floor":14,"gold_loss":0,"cards_upgraded":["Life Link"]},{"cards_removed":["Mayhem"],"damage_healed":0,"gold_gain":0,"player_choice":"Take \u0026 Give","damage_taken":0,"max_hp_gain":0,"max_hp_loss":0,"event_name":"betterNote:BetterNote","floor":20,"gold_loss":0,"cards_obtained":["Mayhem"]},{"damage_healed":0,"gold_gain":0,"player_choice":"Read","damage_taken":0,"max_hp_gain":0,"max_hp_loss":0,"event_name":"The Library","floor":21,"gold_loss":0,"cards_obtained":["Hemokinesis"]}],"is_beta":false,"boss_relics":[{"not_picked":["trackpad:Trackpad","Cursed Key"],"picked":"Calling Bell"}],"items_purged_floors":[],"is_endless":false,"potions_floor_spawned":[5,16,25,27,30],"killed_by":"Automaton","ascension_level":0}}