{"host":"ymw71f7rc9ndansy","time":1610024289,"event":{"mods":["ATMod(阿瑾Mod)","Act Like it!","Aspiration","BaseMod","DeckTracker","Hubris","Library of Ruina","Library of Ruina Extra","Lobotomy","LobotomyExtend","Minty Spire (QoL Compilation)","MostiFishMod","Remove Card Discount Mod","Replay The Spire","StSLib","TestMod","【功能Mod】精心准备","【遗物卡牌】REMEMod"],"gold_per_floor":[110,129,66,84,94,129,129,145,216,226,238,264,278,291,291,364,364,376,392,403,419,78,78,103,119,119,146,66,200,28,153,153,330,330,341,352,469,579,689,689,924,924,924,1152,1176,1176,1402,1519,1001,1189,1189,1389,1689,1689,1689,1689,911,1239,1369],"floor_reached":60,"playtime":1510,"items_purged":["LightAttack","LightAttack","ChargeAndCover","LightDefense","FleshFillet","LightDefense","LightDefense","FocusedStrikes","AT_Desolate","MostiFishMod:Galeforce+1","LightDefense","LightAttack","Dodge","AlloutWar","AbsorbImpact","LeRegole"],"score":3605,"play_id":"e3d7e14b-4ab4-4777-8b39-b2ac77d259d3","local_time":"20210107205809","is_ascension_mode":true,"campfire_choices":[{"data":"TheArtOfRapidSteps","floor":7,"key":"SMITH"},{"data":"MostiFishMod:Galeforce","floor":15,"key":"SMITH"},{"data":"Reload","floor":23,"key":"SMITH"},{"data":"UnforgettableMelody","floor":32,"key":"SMITH"},{"floor":40,"key":"RECALL"},{"data":"SenseQuarry","floor":51,"key":"SMITH"},{"data":"WillOfThePrescript","floor":56,"key":"SMITH"}],"circlet_count":0,"master_deck":["AscendersBane","Multislash","RushDown","WillOfThePrescript+1","TheArtOfRapidSteps+1","UnforgettableMelody+1","SenseQuarry+1","CrackOfDawn","Reload+1","QuickSuppression","Concentration+1","Quickness+1","RepressedFlesh","EnergyBeam","GrazeTheGrass+1","FrontalAssault+1","SomberProcuration+1","BlazingStrike+1"],"relics":["PageOfLibrarian","testmod-TestBox","DaveBox","REME_ComplimentaryCards","AT_ATBox","Civilization","testmod-Alchemist","SynthV:TestCard","REME_HourglassOfDeath","testmod-HeartOfStrike","PatriotShield","Toxic Egg 2","AT_BladeRuinedKing","AT_TheCollector","PageOfTodaysShyLook","Lantern","Orrery","aspiration:RandomNobGenerator","Sundial","Letter Opener","PageOfSingingMachine","PageOfTheKnightOfDespair","Golden Egg","PageOfTheQueenOfHatred","Happy Flower","Ornamental Fan","aspiration:Nostalgia","Cracked Core","PageOfGreed"],"acts_visited":["Exordium","TheCity","TheBeyond","TheEnding"],"potions_floor_usage":[6,6,10,10,12,12,14,14,14,16,19,19,21,21,25,25,33,33,35,35,36,36,36,37,37,37,37,41,41,41,41,41,44,47,47,47,47,48,50,50,50,50,52,52,52,53,53,53,53,53,53,58,58,59,59,59,59,59,59,59,59,59,59,59,59,59,59,59,59,59,59,59],"damage_taken":[{"damage":6.0,"enemies":"Cultist","floor":1.0,"turns":3.0},{"damage":8.0,"enemies":"2 Louse","floor":2.0,"turns":3.0},{"damage":0,"enemies":"Jaw Worm","floor":4,"turns":3},{"damage":0,"enemies":"Red Slaver","floor":5,"turns":3},{"damage":0,"enemies":"Gremlin Nob","floor":6,"turns":3},{"damage":0,"enemies":"Looter","floor":8,"turns":2},{"damage":5,"enemies":"Gremlin Gang","floor":10,"turns":2},{"damage":0,"enemies":"Exordium Thugs","floor":11,"turns":3},{"damage":0,"enemies":"3 Sentries","floor":12,"turns":5},{"damage":0,"enemies":"Large Slime","floor":13,"turns":1},{"damage":0,"enemies":"3 Louse","floor":14,"turns":2},{"damage":2,"enemies":"Fading Forest","floor":16,"turns":9},{"damage":0,"enemies":"Shell Parasite","floor":18,"turns":1},{"damage":0,"enemies":"Chosen","floor":19,"turns":3},{"damage":0,"enemies":"3 Cultists","floor":20,"turns":3},{"damage":0,"enemies":"Centurion and Healer","floor":21,"turns":1},{"damage":0,"enemies":"REME_1_Revenger","floor":24,"turns":2},{"damage":0,"enemies":"Snake Plant","floor":25,"turns":1},{"damage":0,"enemies":"Slavers","floor":29,"turns":1},{"damage":0,"enemies":"Replay:Snechameleon","floor":31,"turns":1},{"damage":0,"enemies":"Automaton","floor":33,"turns":1},{"damage":0,"enemies":"3 Darklings","floor":35,"turns":1},{"damage":0,"enemies":"3 Shapes","floor":36,"turns":1},{"damage":0,"enemies":"3 Darklings","floor":37,"turns":1},{"damage":0,"enemies":"Writhing Mass","floor":38,"turns":1},{"damage":0,"enemies":"4 Shapes","floor":39,"turns":2},{"damage":0,"enemies":"Nemesis","floor":41,"turns":1},{"damage":0,"enemies":"Giant Head","floor":44,"turns":1},{"damage":0,"enemies":"Reptomancer","floor":47,"turns":1},{"damage":0,"enemies":"Spire Growth","floor":48,"turns":1},{"damage":0,"enemies":"Nemesis","floor":50,"turns":1},{"damage":0,"enemies":"Donu and Deca","floor":52,"turns":1},{"damage":0,"enemies":"Replay:Hell Engine","floor":53,"turns":1},{"damage":0,"enemies":"Shield and Spear","floor":58,"turns":1},{"damage":6,"enemies":"The Heart","floor":59,"turns":3}],"seed_played":"8267799073119417419","potions_obtained":[{"floor":2.0,"key":"EntropicBrew"},{"floor":5,"key":"SkillPotion"},{"floor":16,"key":"Swift Potion"},{"floor":31,"key":"SkillPotion"},{"floor":33,"key":"testmod-SpacePotion"},{"floor":39,"key":"Swift Potion"},{"floor":50,"key":"Weak Potion"},{"floor":58,"key":"PowerPotion"}],"is_trial":false,"path_per_floor":["M","M","$","M","M","E","R","M","T","M","M","E","M","M","R","B",null,"M","M","M","M","$","R","E","M","T","T","?","E","$","E","R","B",null,"M","M","M","M","M","R","E","PTL","PTL","E","T","?","E","M","$","E","R","B","B",null,null,"R","$","E","B",null],"character_chosen":"Librarian","items_purchased":["WillOfThePrescript","Toxic Egg 2","Concentration+1","Orrery","SomberProcuration+1","Golden Egg","BlazingStrike","Happy Flower","Ornamental Fan","aspiration:Nostalgia","CultistPotion","Weak Potion"],"campfire_rested":0,"item_purchase_floors":[3,22,22,30,49,49,49,57,57,57,57,57],"current_hp_per_floor":[49,44,44,48,53,59,59,66,66,72,85,101,118,138,138,170,211,238,266,297,330,330,330,364,399,399,399,399,437,437,476,476,516,526,572,621,677,735,798,798,863,863,863,930,930,930,1001,1074,1074,1148,1148,1224,1303,1303,1305,1305,1305,1387,1468],"gold":1369,"neow_bonus":"ONE_RANDOM_RARE_CARD","is_daily":false,"chose_seed":false,"campfire_upgraded":6,"win_rate":0.0,"timestamp":1610024289,"path_taken":["M","M","$","M","M","E","R","?","T","M","?","E","M","M","R","BOSS","M","M","M","M","$","R","E","M","T","?","?","E","?","E","R","BOSS","M","M","M","M","M","R","E","PTL","PTL","E","T","?","E","?","$","E","R","BOSS","BOSS","R","$","E","BOSS"],"items_purchased_type":["Card","Relic","Card","Relic","Card","Relic","Card","Relic","Relic","Relic","Potion","Potion"],"build_version":"2020-12-22","purchased_purges":16,"victory":true,"max_hp_per_floor":[64,67,67,71,81,87,87,94,94,132,145,161,178,198,198,224,224,251,279,310,343,343,343,377,412,412,412,412,450,450,489,489,529,529,575,624,680,738,801,801,866,866,866,933,933,933,1004,1077,1077,1151,1151,1227,1306,1306,1306,1306,1306,1388,1471],"card_choices":[{"not_picked":["SuppressingShot","SummaryJudgment","DevastatingThrash","CombatPreparation","SparkingSpear","YoureTooSlow","AbsorbImpact","ViolentFlame"],"picked":"Multislash","floor":1.0},{"not_picked":["PinpointShot","Bvapour","GuardingStance","EnergyStrike","FervidEmotions","Transpierce","ICanCookAnything","Execute_lor","FrontalAssault","ElectricShock"],"picked":"RushDown","floor":2.0},{"not_picked":["FleetFootsteps","ClassAndRespect","SharpSwipe","Pound","NightInTheBackstreets","IronWall","Guardian_lor","HandleRequest","Standoff","ViolentFlame"],"picked":"AlloutWar","floor":4},{"not_picked":["EndlessBattle","ToWhereThePrescriptPoints","DesperateStruggle","Parry","HiddenBlade","SharpSwipe","EnergyCycle","Outburst","OpportunitySpotted","Pound"],"picked":"TheArtOfRapidSteps","floor":6},{"not_picked":["GuidanceOfTheGears","YoureAHindrance","Endure","EndlessBattle","WillBeTasty","Riposte","SharpenedBlade","FierceCharge","DefenseOrder","WillOfThePrescript"],"picked":"AbsorbImpact","floor":10},{"not_picked":["HighKick","GrazeTheGrass","HeavyPeaks","EnergyShield","Parry","Reload","QuickAttack","Guardian_lor","WillOfThePrescript","FleetFootsteps"],"picked":"LeRegole","floor":11},{"not_picked":["OpportunitySpotted","Eject","FierceCharge","TrimTheIngredients","GuardingStance","Pound","Unlock1","ExtractFuel","IngredientHunt","EnergyStrike"],"picked":"UnforgettableMelody","floor":12},{"not_picked":["SomberProcuration","CircusKnives","InkOver","HiddenBlade","FrontalAssault","Pound","ScatteringSlash","StructuralAnalysis","Diversion","Creak"],"picked":"SenseQuarry","floor":13},{"not_picked":["FlamingDragonFist","DaringDecision","GroundSmash","BlazingStrike"],"picked":"CrackOfDawn","floor":16},{"not_picked":["Multislash","DarkCloud","TheArtOfRapidSteps","QuickAttack","EnergyShield","ICanCookAnything","RagingStorm","QuickSuppression","FrontalAssault","OpportunitySpotted+1"],"picked":"Reload","floor":18},{"not_picked":["WildCard","BladeWhirl","FierceOnslaught","StructuralAnalysis","DarkCloud","Reload","PreemptiveStrike","ClassAndRespect","Crush","BayonetCombat"],"picked":"QuickSuppression","floor":19},{"not_picked":["GuardingStance+1","SharpenedBlade+1","NightInTheBackstreets","ReadyUp","Endure","PinpointShot","EnergyCycle","YouOnlyLiveOnce","DefenseOrder+1","FrontalAssault","Overcharge"],"picked":"SKIP","floor":20},{"not_picked":["DarkCloud","FieryWaltz","GaleKick","PinpointShot","Preparation+1","Tailoring","HighKick","TraceOfFumes","DestructiveImpact","RagingStorm"],"picked":"Quickness+1","floor":25},{"not_picked":["Wallop_lor","UpbeatPerformance","Standoff","LoosenUp","FlashOfSunup","SetFire","DarkCloud+1","Rampage_lor","RulesOfTheBackstreets","PinpointShot"],"picked":"RepressedFlesh","floor":29},{"not_picked":["DefenseOrder+1","BiteOff","ScatteringSlash","AsThePrescriptOrders+1","EndlessBattle","FlyingSword","GuidanceOfTheGears+1","EnergyCycle","Unlock1+1","FlashOfSunup"],"picked":"EnergyBeam","floor":30},{"not_picked":["HighKick","FleshFillet","Reload+1","PinpointShot","SkitterAway+1","AbsorbImpact+1","MindCrush","Crush","Leap_lor","EnergyStrike"],"picked":"GrazeTheGrass+1","floor":30},{"not_picked":["Eliminate","BindingChains","FaintMemories+1","GuardingStance+1","ShrineToMusic","BizarreAttack+1","ElectricShock","EnergyCycle","FeelinGood","DarkCloud"],"picked":"FrontalAssault+1","floor":30},{"not_picked":["BayonetCombat","UnavoidableGaze+1","ConcentratedFire+1","SparkingSpear+1","BackAttack+1","DarkCloud","ReadyUp+1","FleetFootsteps+1","SpearedSweep","PreemptiveStrike","SuppressingShot"],"picked":"SKIP","floor":35},{"not_picked":["Quickness+1","WrathOfTorment+1","Eject","FrontalAssault+1","ClassAndRespect","Feast","Reload+1","MultiHit+1","NightInTheBackstreets","ViolentFlame+1","Punishment"],"picked":"SKIP","floor":36},{"not_picked":["ViolentFlame","BindingArms","AutonomousRush","GuardingStance+1","FrontalAssault+1","DarkCloud+1","UnavoidableGaze+1","Multislash","ClassAndRespect","Leap_lor+1","Feast"],"picked":"SKIP","floor":39}],"player_experience":1087099,"relics_obtained":[{"floor":1.0,"key":"SynthV:TestCard"},{"floor":6,"key":"REME_HourglassOfDeath"},{"floor":12,"key":"testmod-HeartOfStrike"},{"floor":24,"key":"AT_BladeRuinedKing"},{"floor":26,"key":"AT_TheCollector"},{"floor":27,"key":"PageOfTodaysShyLook"},{"floor":29,"key":"Lantern"},{"floor":41,"key":"Sundial"},{"floor":44,"key":"Letter Opener"},{"floor":45,"key":"PageOfSingingMachine"},{"floor":47,"key":"PageOfTheKnightOfDespair"},{"floor":50,"key":"PageOfTheQueenOfHatred"},{"floor":58,"key":"PageOfGreed"}],"event_choices":[{"damage_healed":0,"gold_gain":0,"player_choice":"Ignored","damage_taken":0,"max_hp_gain":0,"max_hp_loss":0,"event_name":"WeMeetAgain","floor":46,"gold_loss":0}],"is_beta":false,"boss_relics":[{"not_picked":["PageOfBlackSwan","hubris:VirtuousBlindfold"],"picked":"PatriotShield"},{"not_picked":["hubris:ScarierMask","FixedStarFall"],"picked":"aspiration:RandomNobGenerator"}],"items_purged_floors":[3,3,3,3,3,3,22,22,22,22,22,22,22,22,22,22],"is_endless":false,"potions_floor_spawned":[2,5,8,13,16,18,19,25,31,33,35,39,44,47,50,58],"ascension_level":20}}