{"host":"jaenq4nnke2yzwbu","time":1610029622,"event":{"mods":["BaseMod","Colored Map","Colored Powertips","Hermit","Minty Spire (QoL Compilation)","StSLib","The Cursed"],"gold_per_floor":[109,126,139,139,151,151,166,166,192,192,192,219,234,249,249,344,344,356,22,36,36,46,46,66,92,92,110,110,110],"floor_reached":28,"playtime":2111,"items_purged":[],"score":269,"play_id":"2793c3d2-f608-4ef7-823c-8a45df1817e4","local_time":"20210107152702","is_ascension_mode":false,"campfire_choices":[{"floor":6.0,"key":"REST"},{"floor":8.0,"key":"REST"},{"floor":15.0,"key":"REST"},{"floor":23.0,"key":"REST"}],"circlet_count":0,"master_deck":["Strike_G","Strike_G","Strike_G","Strike_G","Strike_G","Defend_G","Defend_G","Defend_G","Defend_G","Defend_G","Survivor","Neutralize","Blade Dance","Noxious Fumes","Quick Slash","Deadly Poison","Crippling Poison","Dodge and Roll","Malaise","Apotheosis","Deadly Poison","A Thousand Cuts","Bouncing Flask+1"],"relics":["Fusion Hammer","Pear","Oddly Smooth Stone","Mummified Hand","Orichalcum","Black Star","Lee\u0027s Waffle","Incense Burner","Ancient Tea Set","Frozen Egg 2"],"acts_visited":["Exordium","TheCity"],"potions_floor_usage":[],"damage_taken":[{"damage":4.0,"enemies":"Cultist","floor":1.0,"turns":5.0},{"damage":0.0,"enemies":"Small Slimes","floor":2.0,"turns":3.0},{"damage":3.0,"enemies":"Jaw Worm","floor":3.0,"turns":2.0},{"damage":2.0,"enemies":"Exordium Wildlife","floor":5.0,"turns":4.0},{"damage":22.0,"enemies":"Gremlin Gang","floor":7.0,"turns":5.0},{"damage":9.0,"enemies":"3 Sentries","floor":12.0,"turns":9.0},{"damage":4.0,"enemies":"Large Slime","floor":13.0,"turns":5.0},{"damage":13.0,"enemies":"Exordium Thugs","floor":14.0,"turns":5.0},{"damage":25.0,"enemies":"Slime Boss","floor":16.0,"turns":11.0},{"damage":9.0,"enemies":"Chosen","floor":18.0,"turns":6.0},{"damage":3.0,"enemies":"3 Byrds","floor":20.0,"turns":5.0},{"damage":3.0,"enemies":"Snake Plant","floor":22.0,"turns":5.0},{"damage":8.0,"enemies":"Shelled Parasite and Fungi","floor":24.0,"turns":9.0},{"damage":51,"enemies":"Gremlin Leader","floor":25,"turns":8},{"damage":5,"enemies":"Cultist and Chosen","floor":27,"turns":6},{"damage":25,"enemies":"Snake Plant","floor":28,"turns":4}],"seed_played":"-5635711647677803763","potions_obtained":[{"floor":2.0,"key":"DuplicationPotion"},{"floor":5.0,"key":"BlessingOfTheForge"},{"floor":12.0,"key":"ColorlessPotion"},{"floor":16.0,"key":"Regen Potion"},{"floor":21.0,"key":"Block Potion"}],"is_trial":false,"path_per_floor":["M","M","M","T","M","R","M","R","T","?","T","E","M","M","R","B",null,"M","$","M","?","M","R","M","E","T","M","M"],"character_chosen":"THE_SILENT","items_purchased":["Lee\u0027s Waffle","Apotheosis"],"campfire_rested":4,"item_purchase_floors":[19,19],"current_hp_per_floor":[66,66,63,73,71,80,58,80,80,80,80,71,67,54,78,53,80,71,87,84,84,81,87,79,28,28,23,0,0],"gold":110,"neow_bonus":"BOSS_RELIC","is_daily":false,"chose_seed":false,"campfire_upgraded":0,"win_rate":0.0,"timestamp":1610029622,"path_taken":["M","M","M","?","?","R","M","R","T","?","?","E","M","M","R","BOSS","M","$","M","?","M","R","M","E","T","?","M"],"items_purchased_type":["Relic","Card"],"build_version":"2020-12-22","purchased_purges":0,"victory":false,"max_hp_per_floor":[70,70,70,80,80,80,80,80,80,80,80,80,80,80,80,80,80,80,87,87,87,87,87,87,87,87,87,87,87],"card_choices":[{"not_picked":["Dagger Throw","Flying Knee"],"picked":"Blade Dance","floor":1.0},{"not_picked":["Footwork","Bouncing Flask"],"picked":"Noxious Fumes","floor":2.0},{"not_picked":["Acrobatics","Prepared","Calculated Gamble"],"picked":"SKIP","floor":3.0},{"not_picked":["Outmaneuver","Crippling Poison"],"picked":"Quick Slash","floor":5.0},{"not_picked":["Quick Slash","Underhanded Strike","Escape Plan"],"picked":"SKIP","floor":7.0},{"not_picked":["Catalyst","Blade Dance"],"picked":"Deadly Poison","floor":12.0},{"not_picked":["Slice","Envenom"],"picked":"Crippling Poison","floor":13.0},{"not_picked":["Escape Plan","PiercingWail"],"picked":"Dodge and Roll","floor":14.0},{"not_picked":["Bullet Time","Die Die Die"],"picked":"Malaise","floor":16.0},{"not_picked":["Heel Hook","Quick Slash","PiercingWail+1"],"picked":"SKIP","floor":18.0},{"not_picked":["Infinite Blades","Dagger Throw","Flechettes"],"picked":"SKIP","floor":20.0},{"not_picked":["Expertise","Deflect"],"picked":"Deadly Poison","floor":22.0},{"not_picked":["Backflip","Heel Hook","Deflect"],"picked":"SKIP","floor":24.0},{"not_picked":["Prepared","Footwork"],"picked":"A Thousand Cuts","floor":25},{"not_picked":["Flechettes","Expertise"],"picked":"Bouncing Flask+1","floor":27}],"player_experience":43187,"relics_obtained":[{"floor":4.0,"key":"Pear"},{"floor":9.0,"key":"Oddly Smooth Stone"},{"floor":11.0,"key":"Mummified Hand"},{"floor":12.0,"key":"Orichalcum"},{"floor":25,"key":"Incense Burner"},{"floor":25,"key":"Ancient Tea Set"},{"floor":26,"key":"Frozen Egg 2"}],"event_choices":[{"damage_healed":0.0,"max_hp_gain":0.0,"max_hp_loss":0.0,"gold_gain":0.0,"event_name":"Liars Game","player_choice":"Ignored","floor":10.0,"gold_loss":0.0,"damage_taken":0.0},{"damage_healed":0.0,"max_hp_gain":0.0,"max_hp_loss":0.0,"gold_gain":0.0,"event_name":"Lab","player_choice":"Got Potions","floor":21.0,"gold_loss":0.0,"damage_taken":0.0}],"is_beta":false,"boss_relics":[{"not_picked":["Cursed Key","Philosopher\u0027s Stone"],"picked":"Black Star"}],"items_purged_floors":[],"is_endless":false,"potions_floor_spawned":[2,5,12,16,18,22,24],"killed_by":"Snake Plant","ascension_level":0}}