{"host":"c95txy58ipbu969e","time":1610026180,"event":{"mods":["Act Like it!","BaseMod","Downfall","Minty Spire (QoL Compilation)","Quick Restart","Replay The Spire","StSLib","vexMod"],"gold_per_floor":[99,109,120,132,232,332,332,402,429,354,367,400,450,360,374,478,478,478,498,548,560,574,606,606,181,211,136,170,170,170,170],"floor_reached":29,"playtime":3243,"items_purged":["champ:Strike","champ:Strike"],"score":410,"play_id":"e26dc4ca-9b59-4c83-819b-a2dff8bf2610","local_time":"20210107212940","is_ascension_mode":true,"campfire_choices":[{"data":"champ:Taunt","floor":1.0,"key":"SMITH"},{"data":"champ:EnragedBash","floor":10.0,"key":"SMITH"},{"data":"champ:LastStand","floor":18.0,"key":"SMITH"},{"data":"champ:Duel","floor":27,"key":"SMITH"}],"circlet_count":0,"master_deck":["champ:Strike","champ:Strike","champ:Defend","champ:Defend","champ:Defend","champ:Defend","champ:Execute","champ:Taunt+1","champ:AdrenalArmor","champ:BerserkerStyle","champ:AdrenalArmor","champ:EnragedBash+1","champ:Duel+1","champ:EnchantSword","champ:Duel","champ:LastStand+1","champ:FocusedBerserking","champ:LastStand+1","Crow Ritual","champ:BerserkersShout"],"relics":["vexMod:BigBerry","downfall:CloakOfManyFaces","CultistMask","FaceOfCleric","NlothsMask","GremlinMask","SsserpentHead","Du-Vu Doll","downfall:HeartBlessingGreen","Ring of Chaos","downfall:RedIOU","Sundial","DollysMirror","Question Card","downfall:HeartBlessingBlue","Oddly Smooth Stone"],"acts_visited":["TheCity"],"potions_floor_usage":[26,29],"damage_taken":[{"damage":5.0,"enemies":"2 Louse","floor":2.0,"turns":2.0},{"damage":22.0,"enemies":"Jaw Worm","floor":3.0,"turns":8.0},{"damage":16.0,"enemies":"Cultist","floor":4.0,"turns":4.0},{"damage":69.0,"enemies":"downfall:FaceTrader","floor":6.0,"turns":9.0},{"damage":25.0,"enemies":"3 Louse","floor":8.0,"turns":4.0},{"damage":97.0,"enemies":"Gremlin Nob","floor":9.0,"turns":6.0},{"damage":19.0,"enemies":"2 Fungi Beasts","floor":11.0,"turns":4.0},{"damage":25.0,"enemies":"Lagavulin","floor":12.0,"turns":5.0},{"damage":19.0,"enemies":"downfall:FleeingMerchant","floor":14.0,"turns":4.0},{"damage":20.0,"enemies":"Blue Slaver","floor":15.0,"turns":5.0},{"damage":61.0,"enemies":"downfall:Silent","floor":16.0,"turns":10.0},{"damage":37.0,"enemies":"Spheric Guardian","floor":19.0,"turns":5.0},{"damage":40.0,"enemies":"Snake Plant","floor":21.0,"turns":6.0},{"damage":63.0,"enemies":"Centurion and Healer","floor":22.0,"turns":9.0},{"damage":76.0,"enemies":"Replay:Snechameleon","floor":23.0,"turns":9.0},{"damage":10.0,"enemies":"downfall:FleeingMerchant","floor":25.0,"turns":4.0},{"damage":98,"enemies":"Slavers","floor":26,"turns":7},{"damage":19,"enemies":"Replay:Snechameleon","floor":28,"turns":6},{"damage":62,"enemies":"3 Cultists","floor":29,"turns":5}],"seed_played":"-725466755235735232","potions_obtained":[{"floor":3.0,"key":"Milkshake"},{"floor":8.0,"key":"champ:OpenerPotion"},{"floor":11.0,"key":"BlessingOfTheForge"},{"floor":16.0,"key":"champ:OpenerPotion"},{"floor":19.0,"key":"Adrenaline Potion"},{"floor":22.0,"key":"champ:TechniquePotion"},{"floor":23.0,"key":"Ancient Potion"},{"floor":28,"key":"Guardian:BlockOnCardUsePotion"}],"is_trial":false,"path_per_floor":["R","M","M","M","?","?","T","M","E","R","M","E","?","$","M","B",null,"R","M","?","M","M","E","T","$","E","R","E","M"],"character_chosen":"THE_CHAMP","items_purchased":["DollysMirror","Crow Ritual"],"campfire_rested":0,"item_purchase_floors":[25,25],"current_hp_per_floor":[120,120,114,114,114,106,106,102,41,41,42,43,48,49,50,43,132,132,127,127,111,96,72,72,73,29,39,40,0,0,0],"gold":170,"neow_bonus":"BOSS_RELIC","is_daily":false,"chose_seed":false,"campfire_upgraded":4,"win_rate":0.0,"timestamp":1610026180,"path_taken":["R","M","M","M","?","?","T","?","E","R","M","E","?","$","M","BOSS","R","M","?","M","M","E","T","$","E","R","E","M"],"items_purchased_type":["Relic","Card"],"build_version":"2020-12-22","purchased_purges":2,"victory":false,"max_hp_per_floor":[120,120,120,120,120,120,120,121,122,122,123,124,129,130,131,132,132,132,133,133,134,135,136,136,137,138,148,149,149,149,149],"card_choices":[{"not_picked":["champ:DefensiveShout","champ:CrookedStrike"],"picked":"champ:AdrenalArmor","floor":2.0},{"not_picked":["champ:ShieldSigil","champ:FocusedGladiator"],"picked":"champ:BerserkerStyle","floor":3.0},{"not_picked":["champ:TornadoPunch","champ:RecklessLeap"],"picked":"champ:AdrenalArmor","floor":4.0},{"not_picked":["champ:FalseCounter","champ:GutPunch","champ:FanOfKnives"],"picked":"SKIP","floor":8.0},{"not_picked":["champ:Haymaker","champ:EnGarde"],"picked":"champ:EnragedBash","floor":9.0},{"not_picked":["champ:FlashCut","champ:SwordSigil"],"picked":"champ:Duel","floor":11.0},{"not_picked":["champ:Riposte","champ:SkillfulDodge"],"picked":"champ:EnchantSword","floor":12.0},{"not_picked":["champ:PerfectedStrike","champ:Circumvent","champ:FalseCounter"],"picked":"SKIP","floor":14.0},{"not_picked":["champ:Duel","champ:GladiatorsShout","champ:BladeFlurry"],"picked":"SKIP","floor":15.0},{"not_picked":["champ:GladiatorsShout","champ:BladeFlurry"],"picked":"champ:Duel","floor":15.0},{"not_picked":["champ:SteelEdge","champ:CheapShot"],"picked":"champ:LastStand","floor":16.0},{"not_picked":["champ:Circumvent+1","champ:IronFortress"],"picked":"champ:FocusedBerserking","floor":19.0},{"not_picked":["champ:FlashCut","champ:AdrenalArmor","champ:FocusedGladiator+1"],"picked":"SKIP","floor":21.0},{"not_picked":["champ:RapidStrikes+1","champ:Backstep","champ:FlashCut"],"picked":"SKIP","floor":22.0},{"not_picked":["champ:MurderStrike","champ:TornadoPunch","champ:BladeFlurry+1"],"picked":"SKIP","floor":23.0},{"not_picked":["champ:Aggression","champ:Balance","champ:RisingSlash"],"picked":"SKIP","floor":25.0},{"not_picked":["champ:DeathBlow","champ:CrookedStrike","champ:Haymaker"],"picked":"SKIP","floor":26},{"not_picked":["champ:Haymaker","champ:StanceDance","champ:AdrenalArmor"],"picked":"champ:BerserkersShout","floor":28}],"player_experience":483011,"relics_obtained":[{"floor":6.0,"key":"downfall:CloakOfManyFaces"},{"floor":9.0,"key":"Du-Vu Doll"},{"floor":12.0,"key":"Nunchaku"},{"floor":23.0,"key":"Sundial"},{"floor":26,"key":"Question Card"},{"floor":28,"key":"Oddly Smooth Stone"}],"event_choices":[{"damage_healed":0.0,"max_hp_gain":5.0,"max_hp_loss":0.0,"gold_gain":0.0,"event_name":"Big Fish","player_choice":"Donut","floor":13.0,"gold_loss":0.0,"damage_taken":0.0}],"is_beta":false,"boss_relics":[{"not_picked":["ChewingGum","expansioncontent:StudyCardRelic"],"picked":"Ring of Chaos"}],"items_purged_floors":[14,25],"is_endless":false,"potions_floor_spawned":[3,8,11,16,19,22,23,28],"killed_by":"3 Cultists","ascension_level":1}}