{"host":"6hzrz31j95f2y1pa","time":1610039433,"event":{"mods":["BaseMod","Colored Map","Downfall","Minty Spire (QoL Compilation)","StSLib"],"gold_per_floor":[99,99,99,19,19,54,104,104,120,120,120,147,147,157,167,167,167,167],"floor_reached":16,"playtime":336,"items_purged":[],"score":186,"play_id":"13c8835f-9893-40f0-bb77-0b7b13830f7f","local_time":"20210107121033","is_ascension_mode":true,"campfire_choices":[{"data":"hexamod:Float","floor":1,"key":"SMITH"},{"data":"hexamod:RetreatToShadows","floor":10,"key":"SMITH"}],"circlet_count":0,"master_deck":["AscendersBane","hexamod:Strike","hexamod:Strike","hexamod:Strike","hexamod:Strike","hexamod:Defend","hexamod:Defend","hexamod:Defend","hexamod:Sear","hexamod:Float+1","hexamod:Haunt","hexamod:RainOfEmbers","hexamod:SuperheatedStrike","hexamod:RetreatToShadows+1","hexamod:NightmareGuise","hexamod:SwordOfDarkness","hexamod:FourthSeal","hexamod:NightmareStrike","hexamod:ParanormalForm","hexamod:RadiantFlame"],"relics":["hexamod:SpiritBrand","downfall:HeartsMalice","champ:DuelingGlove","Oddly Smooth Stone","The Courier","Singing Bowl"],"acts_visited":["Exordium"],"potions_floor_usage":[15,16],"damage_taken":[{"damage":0,"enemies":"Jaw Worm","floor":2,"turns":1},{"damage":0,"enemies":"downfall:FleeingMerchant","floor":4,"turns":1},{"damage":0,"enemies":"Cultist","floor":5,"turns":1},{"damage":12,"enemies":"Gremlin Nob","floor":6,"turns":3},{"damage":4,"enemies":"2 Louse","floor":9,"turns":2},{"damage":11,"enemies":"Lagavulin","floor":12,"turns":6},{"damage":3,"enemies":"2 Fungi Beasts","floor":14,"turns":2},{"damage":2,"enemies":"Exordium Wildlife","floor":15,"turns":4},{"damage":25,"enemies":"downfall:Ironclad","floor":16,"turns":3}],"seed_played":"-8455528574171491817","potions_obtained":[{"floor":6,"key":"Regen Potion"},{"floor":12,"key":"sneckomod:MuddlingPotion"},{"floor":12,"key":"DistilledChaos"},{"floor":14,"key":"hexamod:EctoCoolerPotion"},{"floor":15,"key":"Energy Potion"},{"floor":15,"key":"DuplicationPotion"}],"is_trial":false,"path_per_floor":["R","M","?","$","M","E","T","T","M","R","?","E","?","M","M","B"],"character_chosen":"THE_SPIRIT","items_purchased":["hexamod:SuperheatedStrike"],"campfire_rested":0,"item_purchase_floors":[4],"current_hp_per_floor":[57,57,57,57,57,45,45,45,41,41,41,30,30,27,25,0,0,0],"gold":167,"neow_bonus":"THREE_ENEMY_KILL","is_daily":false,"chose_seed":false,"campfire_upgraded":2,"win_rate":0.0,"timestamp":1610039433,"path_taken":["R","M","?","?","M","E","T","?","M","R","?","E","?","?","M","BOSS"],"items_purchased_type":["Card"],"build_version":"2020-12-22","purchased_purges":0,"victory":false,"max_hp_per_floor":[63,63,63,63,63,63,63,63,63,63,63,63,63,63,63,63,63,63],"card_choices":[{"not_picked":["hexamod:InspiringFlames","hexamod:PhantomCloak"],"picked":"hexamod:Haunt","floor":2},{"not_picked":["hexamod:Firestarter","hexamod:HauntingEcho"],"picked":"hexamod:RainOfEmbers","floor":4},{"not_picked":["hexamod:AdvancingGuard","hexamod:BurningTouch"],"picked":"hexamod:RetreatToShadows","floor":5},{"not_picked":["hexamod:FastForward","hexamod:FirstSeal"],"picked":"hexamod:NightmareGuise","floor":6},{"not_picked":["hexamod:FastForward","hexamod:InspiringFlames"],"picked":"hexamod:SwordOfDarkness","floor":9},{"not_picked":["hexamod:BurningTouch","hexamod:SpectralAdrenaline"],"picked":"hexamod:NightmareStrike","floor":12},{"not_picked":["hexamod:NightmareStrike","hexamod:DynamicBlow"],"picked":"hexamod:ParanormalForm","floor":14},{"not_picked":["hexamod:GhostShield","hexamod:AdvancingGuard"],"picked":"hexamod:RadiantFlame","floor":15}],"player_experience":1292922,"relics_obtained":[{"floor":6,"key":"champ:DuelingGlove"},{"floor":7,"key":"Oddly Smooth Stone"},{"floor":8,"key":"The Courier"},{"floor":12,"key":"Singing Bowl"}],"event_choices":[{"cards_removed":["hexamod:Defend"],"damage_healed":0,"gold_gain":0,"player_choice":"Offered Basic","damage_taken":0,"max_hp_gain":0,"max_hp_loss":0,"event_name":"Bonfire Elementals","floor":3,"gold_loss":0}],"is_beta":false,"boss_relics":[],"items_purged_floors":[],"is_endless":false,"potions_floor_spawned":[6,12,14,15],"killed_by":"downfall:Ironclad","ascension_level":15}}