{"host":"vm8b3ptwl81uq21f","time":1610007275,"event":{"mods":["Aspiration","BaseMod","BetterRewards","Colored Map","Colored Powertips","Downfall","GifTheSpireLib","Googly Eyes","GungeonMod","Halation","Hubris","Infinite Spire","Minty Spire (QoL Compilation)","Quick Restart","Rare Cards Sparkle","Replay The Spire","Shop Mod","StSLib","Stuff the Spire","The Bug Knight","The IronCluck","[IsaacMod]????"],"gold_per_floor":[109,99,48,61,75,107,107,134,134,59,75,75,75,95,95,194,194,210,220,220,220],"floor_reached":20,"playtime":1153,"items_purged":["HollowMod:NailStrikeStart"],"score":309,"play_id":"eeb9d4e6-a791-48c5-b334-f554dc55aef1","local_time":"20210107031435","is_ascension_mode":false,"campfire_choices":[{"data":"HollowMod:SiblingsSouls","floor":7,"key":"SMITH"},{"data":"HollowMod:HuntersJournal","floor":13,"key":"SMITH"},{"floor":15,"key":"REST"}],"circlet_count":0,"master_deck":["HollowMod:NailStrikeStart","HollowMod:NailStrikeStart","HollowMod:NailStrikeStart+1","HollowMod:QuickDashStart","HollowMod:QuickDashStart","HollowMod:QuickDashStart","HollowMod:QuickDashStart","HollowMod:FocusHealStart","HollowMod:PogoStrike","Replay:SS_fish_3","HollowMod:SiblingsSouls+1","HollowMod:DesolateDive","HollowMod:HuntersJournal","HollowMod:HuntersJournal+1","HollowMod:GoodIntentions+1","HollowMod:FallenFury","HollowMod:GreatSlash","HollowMod:HornetsHelp"],"relics":["HollowMod:VesselMask","HushsDoor","BelialBook","Frozen Eye","DemoMod:GnawedKey","Turnip","TheBattery","Oddly Smooth Stone","hubris:MysteriousPyramids","Replay:Baseball","Pantograph","DemoMod:PinkGuonStone","StuffTheSpire:RunicHypercube"],"acts_visited":["Exordium","TheCity"],"potions_floor_usage":[2,4,14],"damage_taken":[{"damage":1,"enemies":"Jaw Worm","floor":1,"turns":4},{"damage":44,"enemies":"Hiden Room Battle","floor":2,"turns":4},{"damage":0,"enemies":"Cultist","floor":4,"turns":3},{"damage":0,"enemies":"2 Louse","floor":5,"turns":4},{"damage":0,"enemies":"Gremlin Nob","floor":6,"turns":2},{"damage":11,"enemies":"HollowMod:MossKnight","floor":8,"turns":11},{"damage":0,"enemies":"Large Slime","floor":11,"turns":3},{"damage":0,"enemies":"3 Louse","floor":14,"turns":1},{"damage":20,"enemies":"Hexaghost","floor":16,"turns":6},{"damage":0,"enemies":"Spheric Guardian","floor":18,"turns":3},{"damage":0,"enemies":"2 Thieves","floor":19,"turns":1}],"seed_played":"8914283333104979007","potions_obtained":[{"floor":1,"key":"Weak Potion"},{"floor":2,"key":"Explosive Potion"},{"floor":4,"key":"LiquidMemories"},{"floor":11,"key":"DistilledChaos"},{"floor":18,"key":"SpeedPotion"}],"is_trial":false,"path_per_floor":["M","?","$","M","M","E","R","E","T","$","M","?","R","M","R","B",null,"M","M","$"],"character_chosen":"THE_BUGKNIGHT","items_purchased":["Frozen Eye","DemoMod:GnawedKey","TheBattery","Replay:SS_fish_3","HollowMod:SiblingsSouls","HollowMod:HuntersJournal"],"campfire_rested":1,"item_purchase_floors":[0,0,0,0,0,3],"current_hp_per_floor":[45,7,7,13,19,19,19,18,25,25,25,9,9,9,33,44,82,82,82,82,82],"gold":220,"neow_bonus":"","is_daily":false,"chose_seed":false,"campfire_upgraded":2,"win_rate":0.0,"timestamp":1610007275,"path_taken":["M","?","?","M","M","E","R","E","T","$","M","?","R","?","R","BOSS","M","?","$"],"items_purchased_type":["Relic","Relic","Relic","Card","Card","Card"],"build_version":"2020-12-22","purchased_purges":1,"victory":false,"max_hp_per_floor":[75,75,75,75,75,75,75,75,82,82,82,82,82,82,82,82,82,82,82,82,82],"card_choices":[{"not_picked":[],"picked":"ChaosCard","floor":0},{"not_picked":["HollowMod:HowlingWraiths","HollowMod:InfectedCysts"],"picked":"Bomb","floor":1},{"not_picked":["HollowMod:Grubsong","HollowMod:DescendingDark"],"picked":"HollowMod:DesolateDive","floor":2},{"not_picked":["HollowMod:PureNailStrike","HollowMod:CornifersMapStart","HollowMod:WraithStrike"],"picked":"SKIP","floor":4},{"not_picked":["HollowMod:SiblingsSouls","HollowMod:GrimmsGift"],"picked":"HollowMod:GoodIntentions","floor":5},{"not_picked":["HollowMod:MothsMistake","HollowMod:DoubleDash"],"picked":"HollowMod:FallenFury","floor":6},{"not_picked":["HollowMod:CornifersMapStart","HollowMod:SharpenedShadows","HollowMod:DescendingDark"],"picked":"SKIP","floor":8},{"not_picked":["HollowMod:DashSlash","HollowMod:ShapeofUnn"],"picked":"HollowMod:GreatSlash","floor":11},{"not_picked":["HollowMod:HeavyBlow","HollowMod:SoulSplash"],"picked":"Bomb","floor":14},{"not_picked":["HollowMod:PureVessel","HollowMod:SoulMaster"],"picked":"HollowMod:HornetsHelp","floor":16},{"not_picked":["HollowMod:ShadowDash","HollowMod:Grubsong","HollowMod:SoulShaman"],"picked":"SKIP","floor":18},{"not_picked":["HollowMod:PerfectDash","HollowMod:CoiledNail+1","HollowMod:BlackTendrils"],"picked":"SKIP","floor":19}],"player_experience":364689,"relics_obtained":[{"floor":2,"key":"Oddly Smooth Stone"},{"floor":2,"key":"hubris:MysteriousPyramids"},{"floor":6,"key":"Replay:Baseball"},{"floor":8,"key":"Pantograph"},{"floor":9,"key":"DemoMod:PinkGuonStone"}],"event_choices":[{"damage_healed":0,"gold_gain":0,"player_choice":"Fight","damage_taken":0,"max_hp_gain":0,"max_hp_loss":0,"event_name":"HidenRoomEvent","floor":2,"gold_loss":0},{"damage_healed":0,"gold_gain":0,"player_choice":"Entered Light","damage_taken":16,"max_hp_gain":0,"max_hp_loss":0,"event_name":"Shining Light","floor":12,"gold_loss":0,"cards_upgraded":["HollowMod:NailStrikeStart","HollowMod:GoodIntentions"]}],"is_beta":false,"boss_relics":[{"not_picked":["hubris:BlackHole","Honey Jar"],"picked":"StuffTheSpire:RunicHypercube"},{"not_picked":[]}],"items_purged_floors":[10],"is_endless":false,"potions_floor_spawned":[1,2,4,11,18],"ascension_level":0}}