{"host":"Ian","time":1610033182,"event":{"mods":["BaseMod","Bestiary","Block Reminder","Colored Map","Highlight Path","Key Reminder","Minty Spire (QoL Compilation)","Relic Stats"],"gold_per_floor":[110,120,45,58,74,74,109,109,135,135,148,161,161,189,189,264,264,282,310,310,310,225,259,259,273,273,53,70,70,100,100,100,178,178,192,204,426,351,371,371,371],"floor_reached":40,"playtime":2123,"items_purged":[],"score":893,"play_id":"e44db238-1d1f-4c57-bf04-6847910c7faf","local_time":"20210107152622","is_ascension_mode":true,"campfire_choices":[{"data":"Shockwave","floor":6,"key":"SMITH"},{"data":"Hemokinesis","floor":8,"key":"SMITH"},{"data":"Rage","floor":10,"key":"SMITH"},{"data":"Body Slam","floor":13,"key":"SMITH"},{"data":"True Grit","floor":15,"key":"SMITH"},{"data":"Dark Embrace","floor":24,"key":"SMITH"},{"data":"Demon Form","floor":29,"key":"SMITH"},{"data":"True Grit","floor":32,"key":"SMITH"}],"circlet_count":0,"master_deck":["AscendersBane","Defend_R","Defend_R","Defend_R","Defend_R","Hemokinesis+1","Shockwave+1","Rage+1","Spot Weakness","True Grit+1","Body Slam+1","Pommel Strike","Demon Form+1","Dark Embrace+1","Bite","Bite","Bite","Bite","Bite","Shrug It Off","Ghostly Armor","True Grit+1","Armaments","Second Wind","Feed","Evolve","Pummel"],"relics":["Burning Blood","Lantern","Oddly Smooth Stone","Potion Belt","Bag of Preparation","Velvet Choker","Red Mask","White Beast Statue","HornCleat","PreservedInsect","Blood Vial","Strawberry","Happy Flower","Enchiridion","Black Star"],"acts_visited":["Exordium","TheCity","TheBeyond"],"potions_floor_usage":[14,33,40,40,40,40],"damage_taken":[{"damage":2,"enemies":"Cultist","floor":1,"turns":4},{"damage":2,"enemies":"Small Slimes","floor":2,"turns":2},{"damage":4,"enemies":"Jaw Worm","floor":4,"turns":4},{"damage":5,"enemies":"Looter","floor":5,"turns":3},{"damage":26,"enemies":"Lagavulin","floor":7,"turns":7},{"damage":10,"enemies":"Large Slime","floor":11,"turns":3},{"damage":0,"enemies":"2 Fungi Beasts","floor":12,"turns":3},{"damage":6,"enemies":"3 Sentries","floor":14,"turns":6},{"damage":28,"enemies":"Hexaghost","floor":16,"turns":9},{"damage":10,"enemies":"Chosen","floor":18,"turns":4},{"damage":22,"enemies":"Masked Bandits","floor":19,"turns":4},{"damage":31,"enemies":"Gremlin Leader","floor":23,"turns":7},{"damage":11,"enemies":"Shell Parasite","floor":25,"turns":5},{"damage":3,"enemies":"Shelled Parasite and Fungi","floor":28,"turns":4},{"damage":21,"enemies":"Slavers","floor":30,"turns":8},{"damage":17,"enemies":"Champ","floor":33,"turns":9},{"damage":8,"enemies":"3 Darklings","floor":35,"turns":6},{"damage":1,"enemies":"3 Shapes","floor":36,"turns":5},{"damage":74,"enemies":"Spire Growth","floor":39,"turns":6},{"damage":34,"enemies":"Reptomancer","floor":40,"turns":3}],"seed_played":"6482735468520153407","potions_obtained":[{"floor":1,"key":"Dexterity Potion"},{"floor":4,"key":"Strength Potion"},{"floor":12,"key":"BlessingOfTheForge"},{"floor":16,"key":"Weak Potion"},{"floor":23,"key":"SneckoOil"},{"floor":25,"key":"GamblersBrew"},{"floor":33,"key":"AttackPotion"},{"floor":35,"key":"Ancient Potion"},{"floor":39,"key":"Block Potion"}],"is_trial":false,"path_per_floor":["M","M","?","M","M","R","E","R","T","R","M","M","R","E","R","B",null,"M","?","T","?","?","E","R","M","T","$","M","R","E","?","R","B",null,"M","M","?","?","M","E"],"character_chosen":"IRONCLAD","items_purchased":["True Grit","Strawberry"],"campfire_rested":0,"item_purchase_floors":[27,27],"current_hp_per_floor":[72,75,75,75,75,75,55,55,55,55,51,57,57,57,57,35,65,61,45,45,45,45,35,35,38,38,45,59,59,50,29,29,44,55,62,66,66,66,11,0,0],"gold":371,"neow_bonus":"RANDOM_COMMON_RELIC","is_daily":false,"chose_seed":false,"campfire_upgraded":8,"win_rate":0.0,"timestamp":1610033182,"path_taken":["M","M","?","M","M","R","E","R","T","R","M","M","R","E","R","BOSS","M","?","?","?","?","E","R","M","T","$","M","R","E","?","R","BOSS","M","M","?","?","M","E"],"items_purchased_type":["Card","Relic"],"build_version":"2020-12-18","purchased_purges":0,"victory":false,"max_hp_per_floor":[75,75,75,75,75,75,75,75,75,75,75,75,75,75,75,75,75,75,75,75,52,52,52,52,52,52,59,59,59,59,59,59,59,59,62,66,66,66,66,66,66],"relic_stats":{"Blood Vial":8,"Happy Flower":[9],"counters":[20,102],"PreservedInsect":104,"Bag of Preparation":[24],"Black Star":0,"obtain_stats":[{"Potion Belt":9,"Lantern":0,"Happy Flower":30,"Oddly Smooth Stone":7,"Velvet Choker":17,"Enchiridion":31,"PreservedInsect":23,"Bag of Preparation":14,"Burning Blood":0,"White Beast Statue":20,"Blood Vial":26,"HornCleat":22,"Strawberry":27,"Red Mask":19,"Black Star":34},{"Potion Belt":5,"Lantern":0,"Happy Flower":15,"Oddly Smooth Stone":5,"Velvet Choker":9,"Enchiridion":15,"PreservedInsect":12,"Bag of Preparation":8,"Burning Blood":0,"White Beast Statue":11,"Blood Vial":13,"HornCleat":11,"Strawberry":13,"Red Mask":11,"Black Star":16},{"Potion Belt":20,"Lantern":0,"Happy Flower":73,"Oddly Smooth Stone":20,"Velvet Choker":41,"Enchiridion":73,"PreservedInsect":56,"Bag of Preparation":32,"Burning Blood":0,"White Beast Statue":49,"Blood Vial":61,"HornCleat":49,"Strawberry":61,"Red Mask":49,"Black Star":82}],"Burning Blood":97},"card_choices":[{"not_picked":["Fire Breathing","Twin Strike"],"picked":"Hemokinesis","floor":1},{"not_picked":["Warcry","Clash"],"picked":"Shockwave","floor":2},{"not_picked":["Blood for Blood","Anger"],"picked":"Rage","floor":4},{"not_picked":["Havoc","Armaments"],"picked":"Spot Weakness","floor":5},{"not_picked":["Perfected Strike","Reckless Charge"],"picked":"True Grit","floor":7},{"not_picked":["Cleave","Warcry"],"picked":"Body Slam","floor":11},{"not_picked":["Wild Strike","Heavy Blade"],"picked":"Pommel Strike","floor":12},{"not_picked":["Shrug It Off","Armaments"],"picked":"Anger","floor":14},{"not_picked":["Limit Break","Juggernaut"],"picked":"Demon Form","floor":16},{"not_picked":["Clash+1","Blood for Blood","Wild Strike"],"picked":"SKIP","floor":18},{"not_picked":["Clothesline","Sever Soul"],"picked":"Dark Embrace","floor":19},{"not_picked":["Anger","Metallicize"],"picked":"Shrug It Off","floor":23},{"not_picked":["Rage","Carnage"],"picked":"Ghostly Armor","floor":25},{"not_picked":["Wild Strike","True Grit"],"picked":"Armaments","floor":28},{"not_picked":["Body Slam","Headbutt"],"picked":"Second Wind","floor":30},{"not_picked":["Juggernaut","Barricade"],"picked":"Feed","floor":33},{"not_picked":["Shockwave","Shrug It Off"],"picked":"Evolve","floor":35},{"not_picked":["Flame Barrier","Shrug It Off","Clash"],"picked":"SKIP","floor":36},{"not_picked":["True Grit","Hemokinesis"],"picked":"Pummel","floor":39}],"player_experience":2643208,"relics_obtained":[{"floor":7,"key":"Oddly Smooth Stone"},{"floor":9,"key":"Potion Belt"},{"floor":14,"key":"Bag of Preparation"},{"floor":19,"key":"Red Mask"},{"floor":20,"key":"White Beast Statue"},{"floor":23,"key":"PreservedInsect"},{"floor":26,"key":"Blood Vial"},{"floor":30,"key":"Happy Flower"},{"floor":31,"key":"Enchiridion"}],"event_choices":[{"cards_removed":["Bash"],"damage_healed":0,"gold_gain":0,"player_choice":"Card Removal","damage_taken":0,"max_hp_gain":0,"max_hp_loss":0,"event_name":"The Cleric","floor":3,"gold_loss":75},{"damage_healed":0,"gold_gain":0,"player_choice":"Fought Bandits","damage_taken":0,"max_hp_gain":0,"max_hp_loss":0,"event_name":"Masked Bandits","floor":19,"gold_loss":0},{"damage_healed":0,"gold_gain":0,"player_choice":"Became a vampire","damage_taken":0,"max_hp_gain":0,"max_hp_loss":23,"event_name":"Vampires","floor":21,"gold_loss":0,"cards_obtained":["Bite","Bite","Bite","Bite","Bite"]},{"damage_healed":0,"gold_gain":0,"player_choice":"Obtained Relic","damage_taken":0,"relics_obtained":["HornCleat"],"max_hp_gain":0,"max_hp_loss":0,"event_name":"Addict","floor":22,"gold_loss":85},{"damage_healed":0,"gold_gain":0,"player_choice":"Obtained Book","damage_taken":21,"max_hp_gain":0,"max_hp_loss":0,"event_name":"Cursed Tome","floor":31,"gold_loss":0},{"damage_healed":0,"gold_gain":222,"player_choice":"Wore Mask","damage_taken":0,"max_hp_gain":0,"max_hp_loss":0,"event_name":"Tomb of Lord Red Mask","floor":37,"gold_loss":0},{"cards_removed":["Anger"],"damage_healed":0,"gold_gain":0,"player_choice":"Single Remove","damage_taken":0,"max_hp_gain":0,"max_hp_loss":0,"event_name":"Designer","floor":38,"gold_loss":75}],"is_beta":true,"boss_relics":[{"not_picked":["Snecko Eye","Sozu"],"picked":"Velvet Choker"},{"not_picked":["Cursed Key","Philosopher\u0027s Stone"],"picked":"Black Star"}],"items_purged_floors":[],"is_endless":false,"potions_floor_spawned":[1,4,12,16,23,25,28,30,33,35,36,39],"killed_by":"Reptomancer","ascension_level":20}}