{"host":"4cz9gr89nglr7k8k","time":1610048077,"event":{"mods":["BaseMod","Minty Spire (QoL Compilation)","Relic Stats","Slay-I"],"gold_per_floor":[110,121,36,36,111,144,144,169,196,196,211,237,237,257,257,332,332,347,347,347,367,367,367,367],"floor_reached":23,"playtime":437,"items_purged":[],"score":464,"play_id":"11b5ce3e-ecd4-411b-9923-68669e40868d","local_time":"20210107203437","is_ascension_mode":true,"campfire_choices":[{"data":"Perfected Strike","floor":10,"key":"SMITH"},{"data":"Flame Barrier","floor":13,"key":"SMITH"},{"data":"Wild Strike","floor":15,"key":"SMITH"}],"circlet_count":0,"master_deck":["AscendersBane","Strike_R+1","Strike_R+1","Strike_R+1","Strike_R+1","Strike_R+1","Defend_R+1","Defend_R+1","Defend_R+1","Defend_R+1","Bash+1","Wild Strike+1","Flex","Combust+1","Impervious","Perfected Strike+1","Cleave","Flame Barrier+1","Iron Wave","Fiend Fire","Anger","Inflame"],"relics":["Burning Blood","NeowsBlessing","Orichalcum","Whetstone","Blood Vial","Du-Vu Doll","Black Star","MutagenicStrength"],"acts_visited":["Exordium","TheCity"],"potions_floor_usage":[23,23],"damage_taken":[{"damage":0,"enemies":"Cultist","floor":1,"turns":1},{"damage":0,"enemies":"Jaw Worm","floor":2,"turns":1},{"damage":0,"enemies":"Lagavulin","floor":6,"turns":1},{"damage":9,"enemies":"3 Sentries","floor":8,"turns":6},{"damage":0,"enemies":"2 Louse","floor":11,"turns":2},{"damage":7,"enemies":"Gremlin Nob","floor":12,"turns":3},{"damage":12,"enemies":"Large Slime","floor":14,"turns":4},{"damage":50,"enemies":"Hexaghost","floor":16,"turns":8},{"damage":12,"enemies":"Chosen","floor":18,"turns":5},{"damage":21,"enemies":"Shell Parasite","floor":21,"turns":4},{"damage":51,"enemies":"Book of Stabbing","floor":23,"turns":5}],"seed_played":"908620295407551073","potions_obtained":[{"floor":6,"key":"SkillPotion"},{"floor":8,"key":"Block Potion"}],"is_trial":false,"path_per_floor":["M","M","$","?","?","E","$","E","T","R","M","E","R","M","R","B",null,"M","?","?","M","?","E"],"character_chosen":"IRONCLAD","items_purchased":["Combust"],"campfire_rested":0,"item_purchase_floors":[3],"current_hp_per_floor":[74,75,75,75,64,70,70,67,67,67,75,74,74,69,69,27,63,59,59,59,46,46,0,0],"gold":367,"neow_bonus":"THREE_ENEMY_KILL","is_daily":false,"chose_seed":false,"campfire_upgraded":3,"win_rate":0.0,"timestamp":1610048077,"path_taken":["M","?","$","?","?","E","$","E","T","R","M","E","R","M","R","BOSS","M","?","?","M","?","E"],"items_purchased_type":["Card"],"build_version":"2020-12-22","purchased_purges":0,"victory":false,"max_hp_per_floor":[75,75,75,75,75,75,75,75,75,75,75,75,75,75,75,75,75,75,75,75,75,75,75,75],"relic_stats":{"Blood Vial":11,"counters":[11,40],"Black Star":0,"Whetstone":["Strike_R","Bash"],"Orichalcum":[96],"obtain_stats":[{"Blood Vial":9,"Du-Vu Doll":12,"NeowsBlessing":0,"MutagenicStrength":20,"Black Star":17,"Whetstone":8,"Orichalcum":6,"Burning Blood":0},{"Blood Vial":4,"Du-Vu Doll":6,"NeowsBlessing":0,"MutagenicStrength":9,"Black Star":8,"Whetstone":4,"Orichalcum":3,"Burning Blood":0},{"Blood Vial":9,"Du-Vu Doll":14,"NeowsBlessing":0,"MutagenicStrength":31,"Black Star":26,"Whetstone":9,"Orichalcum":3,"Burning Blood":0}],"Burning Blood":55},"card_choices":[{"not_picked":["Armaments","Entrench"],"picked":"Wild Strike","floor":1},{"not_picked":["Cleave","Dropkick"],"picked":"Flex","floor":2},{"not_picked":["Ghostly Armor","Power Through"],"picked":"Impervious","floor":6},{"not_picked":["Power Through","Burning Pact"],"picked":"Perfected Strike","floor":8},{"not_picked":["Warcry","Hemokinesis"],"picked":"Cleave","floor":11},{"not_picked":["Armaments","Dropkick"],"picked":"Flame Barrier","floor":12},{"not_picked":["Body Slam","Pommel Strike"],"picked":"Iron Wave","floor":14},{"not_picked":["Offering","Berserk"],"picked":"Fiend Fire","floor":16},{"not_picked":["Iron Wave","Clothesline"],"picked":"Anger","floor":18},{"not_picked":["Iron Wave","Shockwave"],"picked":"Inflame","floor":21}],"player_experience":1481693,"relics_obtained":[{"floor":6,"key":"Orichalcum"},{"floor":8,"key":"Whetstone"},{"floor":9,"key":"Blood Vial"},{"floor":12,"key":"Du-Vu Doll"}],"event_choices":[{"damage_healed":0,"gold_gain":0,"player_choice":"Grow","damage_taken":0,"max_hp_gain":0,"max_hp_loss":0,"event_name":"Living Wall","floor":4,"gold_loss":0,"cards_upgraded":["Combust"]},{"damage_healed":0,"gold_gain":75,"player_choice":"Gather Gold","damage_taken":11,"max_hp_gain":0,"max_hp_loss":0,"event_name":"World of Goop","floor":5,"gold_loss":0},{"damage_healed":0,"gold_gain":0,"player_choice":"Ignored","damage_taken":0,"max_hp_gain":0,"max_hp_loss":0,"event_name":"Vampires","floor":19,"gold_loss":0},{"damage_healed":0,"gold_gain":0,"player_choice":"Inject Mutagens","damage_taken":0,"relics_obtained":["MutagenicStrength"],"max_hp_gain":0,"max_hp_loss":0,"event_name":"Drug Dealer","floor":20,"gold_loss":0},{"damage_healed":0,"gold_gain":0,"player_choice":"Simplicity","damage_taken":0,"max_hp_gain":0,"max_hp_loss":0,"event_name":"Back to Basics","floor":22,"gold_loss":0,"cards_upgraded":["Strike_R","Strike_R","Strike_R","Strike_R","Defend_R","Defend_R","Defend_R","Defend_R"]}],"is_beta":false,"boss_relics":[{"not_picked":["Ectoplasm","Snecko Eye"],"picked":"Black Star"}],"items_purged_floors":[],"is_endless":false,"potions_floor_spawned":[6,8,16,18],"killed_by":"Book of Stabbing","ascension_level":20}}