{"host":"m1dcqu7ormc1ttl9","time":1610022637,"event":{"mods":["Act Like it!","BaseMod","Downfall","Lobotomy","LobotomyExtend","Minty Spire (QoL Compilation)","Remilia£®¿Ÿ√◊¿Ú—«£©","StSLib"],"gold_per_floor":[115,125,139,150,169,169,169],"floor_reached":6,"playtime":287,"items_purged":[],"score":40,"play_id":"766d5729-2989-4db8-8cb8-9364f6655abe","local_time":"20210107203037","is_ascension_mode":false,"campfire_choices":[],"circlet_count":0,"master_deck":["Strike_RM","Strike_RM","Strike_RM","Strike_RM","Defend_RM","Defend_RM","Defend_RM","Defend_RM","RedMoon","ScarletShoot","DespairKnight","ReincarnationDial","BombardNight","SpiderBud","UnstableMagic","Maim"],"relics":["ScarletHat","CogitoBucket","LetterFromLob"],"acts_visited":["Exordium"],"potions_floor_usage":[],"damage_taken":[{"damage":0,"enemies":"Cultist","floor":1,"turns":3},{"damage":0,"enemies":"Small Slimes","floor":2,"turns":5},{"damage":26,"enemies":"2 Louse","floor":3,"turns":3},{"damage":0,"enemies":"Blue Slaver","floor":4,"turns":3},{"damage":4,"enemies":"3 Louse","floor":5,"turns":7},{"damage":0,"enemies":"3 Sentries","floor":6,"turns":1}],"seed_played":"2239039982417528112","potions_obtained":[{"floor":4,"key":"SteroidPotion"},{"floor":5,"key":"Dexterity Potion"}],"is_trial":false,"path_per_floor":["M","M","M","M","M","E"],"character_chosen":"REMILIA","items_purchased":[],"campfire_rested":0,"item_purchase_floors":[],"current_hp_per_floor":[75,75,49,49,45,45,45],"gold":169,"neow_bonus":"","is_daily":false,"chose_seed":false,"campfire_upgraded":0,"win_rate":0.0,"timestamp":1610022637,"path_taken":["M","M","?","M","M","E"],"items_purchased_type":[],"build_version":"2020-12-22","purchased_purges":0,"victory":false,"max_hp_per_floor":[75,75,75,75,75,75,75],"card_choices":[{"not_picked":["VoidDream","Rudolta"],"picked":"DespairKnight","floor":1},{"not_picked":["VampireSweep","BlasphemousPunishment"],"picked":"ReincarnationDial","floor":1},{"not_picked":["Bloodbath","BeautyBeast","VoidDream"],"picked":"Singing Bowl","floor":2},{"not_picked":["VampireKiss","FitfulNightmare"],"picked":"BombardNight","floor":2},{"not_picked":["ShyLook","MeatLantern"],"picked":"SpiderBud","floor":3},{"not_picked":["BloodyTrap","NightDance","BadLadyScramble"],"picked":"SKIP","floor":3},{"not_picked":["Laetitia","PunishingBird","Scarecrow"],"picked":"Singing Bowl","floor":4},{"not_picked":["ScarletImprint","DiffusionOfMisfortune"],"picked":"UnstableMagic","floor":4},{"not_picked":["FavorOfDestiny","UnderTheZenith"],"picked":"Maim","floor":5}],"player_experience":95410,"relics_obtained":[{"floor":1,"key":"LetterFromLob"}],"event_choices":[],"is_beta":false,"boss_relics":[],"items_purged_floors":[],"is_endless":false,"potions_floor_spawned":[4,5],"killed_by":"3 Sentries","ascension_level":0}}