{"host":"7c402rm0fqc13zvz","time":1610032801,"event":{"mods":["BaseMod","Marisa（F雨　魔理沙）","Minty Spire (QoL Compilation)","Remilia（蕾米莉亚）","StSLib","The Servant 0.9.4","Youmu（魂魄妖梦）","[功能]功能增强和修复MOD"],"gold_per_floor":[115,127,146,91,109,109,109,109,109,126,126,126,126,155,155,404,404,418,418,418,430,455,495,507,550,562,594,606,637,649,678,690,971,983,1007,1073,1085,1115,1127,1173,1185,1225,1237,1239,1268,1268,1268,1268,1268,1268],"floor_reached":51,"playtime":1116,"items_purged":["Defend_G","Defend_G","Defend_G","Strike_G","Survivor","Defend_G","Defend_G","Strike_G","Strike_G","Strike_G","Strike_G","Deep Breath+1","Acrobatics+1"],"score":1408,"play_id":"8ea233c0-9b6c-4e00-b02f-51997853ead6","local_time":"20210107232001","is_ascension_mode":true,"campfire_choices":[{"data":"Eviscerate","floor":6.0,"key":"SMITH"},{"data":"Tactician","floor":8.0,"key":"SMITH"},{"data":"Deep Breath","floor":11.0,"key":"SMITH"},{"data":"Finisher","floor":15.0,"key":"SMITH"},{"data":"Adrenaline","floor":24.0,"key":"SMITH"},{"data":"Dagger Throw","floor":30.0,"key":"SMITH"},{"data":"Acrobatics","floor":32,"key":"SMITH"},{"data":"Reflex","floor":41,"key":"SMITH"},{"data":"Terror","floor":47,"key":"SMITH"},{"data":"Skewer","floor":49,"key":"SMITH"}],"circlet_count":0,"master_deck":["Tactician+1","Dagger Throw+1","Eviscerate+1","Parasite","Finisher+1","Adrenaline+1","Dagger Throw+1","Adrenaline","Reflex+1","Writhe","Terror+1","Skewer+1"],"relics":["Ring of the Snake","Lizard Tail","Whetstone","Du-Vu Doll","AntiCross","HornCleat","Tingsha","Gremlin Horn","Coffee Dripper","Mango","FossilizedHelix","TheAbacus","MawBank","Ornamental Fan","Pen Nib","Happy Flower","Nloth\u0027s Gift","Toy Ornithopter","Black Star","Strawberry","Darkstone Periapt","InkBottle","Vajra","Bronze Scales","Sundial","Kunai","Potion Belt","Regal Pillow","Letter Opener","MealTicket","Bag of Preparation","Pantograph","Cauldron"],"acts_visited":["Exordium","TheCity","TheBeyond"],"potions_floor_usage":[31,50,50,50],"damage_taken":[{"damage":0.0,"enemies":"Small Slimes","floor":1.0,"turns":1.0},{"damage":0.0,"enemies":"Jaw Worm","floor":2.0,"turns":1.0},{"damage":0.0,"enemies":"2 Louse","floor":3.0,"turns":1.0},{"damage":0.0,"enemies":"Lots of Slimes","floor":5.0,"turns":1.0},{"damage":0.0,"enemies":"Large Slime","floor":10.0,"turns":1.0},{"damage":0.0,"enemies":"3 Sentries","floor":14.0,"turns":1.0},{"damage":0.0,"enemies":"Hexaghost","floor":16.0,"turns":1.0},{"damage":13.0,"enemies":"3 Byrds","floor":18.0,"turns":1.0},{"damage":0.0,"enemies":"Spheric Guardian","floor":22.0,"turns":1.0},{"damage":0.0,"enemies":"Book of Stabbing","floor":23.0,"turns":1.0},{"damage":0.0,"enemies":"Slavers","floor":25.0,"turns":1.0},{"damage":0.0,"enemies":"Centurion and Healer","floor":27.0,"turns":1.0},{"damage":0.0,"enemies":"Snecko","floor":29.0,"turns":1.0},{"damage":0.0,"enemies":"Snake Plant","floor":31.0,"turns":1.0},{"damage":0,"enemies":"Champ","floor":33,"turns":1},{"damage":0,"enemies":"3 Shapes","floor":35,"turns":1},{"damage":0,"enemies":"Orb Walker","floor":38,"turns":1},{"damage":0,"enemies":"Reptomancer","floor":40,"turns":1},{"damage":0,"enemies":"Giant Head","floor":42,"turns":1},{"damage":0,"enemies":"Reptomancer","floor":45,"turns":1},{"damage":0,"enemies":"Time Eater","floor":50,"turns":1}],"seed_played":"-5379600421541655434","potions_obtained":[{"floor":1.0,"key":"Dexterity Potion"},{"floor":2.0,"key":"Block Potion"},{"floor":3.0,"key":"Swift Potion"},{"floor":14.0,"key":"DistilledChaos"},{"floor":16.0,"key":"Swift Potion"},{"floor":31,"key":"Fruit Juice"},{"floor":33,"key":"Weak Potion"},{"floor":45,"key":"CultistPotion"},{"floor":45,"key":"FearPotion"},{"floor":48,"key":"CultistPotion"},{"floor":48,"key":"CultistPotion"},{"floor":48,"key":"DistilledChaos"}],"is_trial":false,"path_per_floor":["M","M","M","$","M","R","?","R","T","M","R","?","T","E","R","B",null,"M","$","?","?","M","E","R","E","T","M","?","M","R","M","R","B",null,"M","T","?","M","?","E","R","E","T","$","E","$","R","$","R","B",null],"character_chosen":"THE_SILENT","items_purchased":["Deep Breath","Lizard Tail","Dagger Throw","Acrobatics","Whetstone","Dagger Throw","Mango","FossilizedHelix","TheAbacus","Kunai","Potion Belt","MealTicket","Bag of Preparation","Pantograph","Cauldron","Skewer"],"campfire_rested":0,"item_purchase_floors":[4,4,4,4,4,19,19,19,19,44,44,46,48,48,48,48],"current_hp_per_floor":[70,70,70,70,70,70,45,45,45,45,45,62,62,62,62,62,70,57,71,71,71,71,71,71,71,71,71,71,71,71,76,76,76,89,89,96,96,96,96,96,96,96,96,96,96,96,96,96,96,96],"gold":1268,"neow_bonus":"THREE_ENEMY_KILL","is_daily":false,"chose_seed":false,"campfire_upgraded":10,"win_rate":0.0,"timestamp":1610032801,"path_taken":["M","M","M","$","M","R","?","R","T","M","R","?","?","E","R","BOSS","M","$","?","?","?","E","R","E","T","M","?","?","R","M","R","BOSS","M","?","?","?","?","E","R","E","T","$","E","$","R","?","R","BOSS"],"items_purchased_type":["Card","Relic","Card","Card","Relic","Card","Relic","Relic","Relic","Relic","Relic","Relic","Relic","Relic","Relic","Card"],"build_version":"2020-12-22","purchased_purges":13,"victory":true,"max_hp_per_floor":[70,70,70,70,70,70,70,70,70,70,70,70,70,70,70,70,70,70,84,84,84,84,84,84,84,84,84,84,84,84,89,89,89,89,89,96,96,96,96,96,96,96,96,96,96,96,96,96,96,96],"card_choices":[{"not_picked":["Backflip","Cloak And Dagger"],"picked":"Tactician","floor":1.0},{"not_picked":["Poisoned Stab","Noxious Fumes","Masterful Stab"],"picked":"SKIP","floor":2.0},{"not_picked":["Prepared","Deflect","Dash"],"picked":"SKIP","floor":3.0},{"not_picked":["Dagger Spray","Poisoned Stab"],"picked":"Eviscerate","floor":5.0},{"not_picked":["All Out Attack","Deadly Poison","Dagger Throw"],"picked":"SKIP","floor":10.0},{"not_picked":["Backstab","Skewer"],"picked":"Finisher","floor":14.0},{"not_picked":["Unload","Venomology"],"picked":"Adrenaline","floor":16.0},{"not_picked":["All Out Attack","Blur","Distraction+1"],"picked":"SKIP","floor":18.0},{"not_picked":["Masterful Stab","Tactician","Bane"],"picked":"SKIP","floor":22.0},{"not_picked":["Choke+1","PiercingWail","Dodge and Roll"],"picked":"SKIP","floor":23.0},{"not_picked":["Calculated Gamble","Poisoned Stab","Caltrops+1"],"picked":"SKIP","floor":25.0},{"not_picked":["Backflip+1","Caltrops","Sucker Punch"],"picked":"SKIP","floor":27.0},{"not_picked":["Deflect+1","Malaise","Calculated Gamble"],"picked":"SKIP","floor":29.0},{"not_picked":["Deflect+1","Malaise","Calculated Gamble"],"picked":"SKIP","floor":29.0},{"not_picked":["Distraction","PiercingWail","Prepared"],"picked":"SKIP","floor":31},{"not_picked":["Tools of the Trade","Malaise"],"picked":"Adrenaline","floor":33},{"not_picked":["Quick Slash","Backflip+1","Flying Knee+1"],"picked":"SKIP","floor":35},{"not_picked":["PiercingWail+1","Slice","Reflex"],"picked":"SKIP","floor":38},{"not_picked":["PiercingWail+1","Slice"],"picked":"Reflex","floor":38},{"not_picked":["Eviscerate","Tools of the Trade","Unload"],"picked":"SKIP","floor":40},{"not_picked":["Unload","Bane+1","PiercingWail+1"],"picked":"SKIP","floor":42},{"not_picked":["Sucker Punch","Deadly Poison+1"],"picked":"Terror","floor":45}],"player_experience":37498,"relics_obtained":[{"floor":9.0,"key":"AntiCross"},{"floor":13.0,"key":"HornCleat"},{"floor":14.0,"key":"Tingsha"},{"floor":16.0,"key":"Gremlin Horn"},{"floor":23.0,"key":"Ornamental Fan"},{"floor":25.0,"key":"Pen Nib"},{"floor":26.0,"key":"Happy Flower"},{"floor":33,"key":"Toy Ornithopter"},{"floor":36,"key":"Strawberry"},{"floor":40,"key":"Darkstone Periapt"},{"floor":40,"key":"InkBottle"},{"floor":42,"key":"Vajra"},{"floor":42,"key":"Bronze Scales"},{"floor":43,"key":"Sundial"},{"floor":45,"key":"Regal Pillow"},{"floor":45,"key":"Letter Opener"}],"event_choices":[{"damage_healed":0.0,"max_hp_gain":0.0,"max_hp_loss":0.0,"gold_gain":0.0,"event_name":"Scrap Ooze","player_choice":"Success","floor":7.0,"gold_loss":0.0,"damage_taken":25.0,"relics_obtained":["Du-Vu Doll"]},{"damage_healed":17.0,"max_hp_gain":0.0,"max_hp_loss":0.0,"gold_gain":0.0,"event_name":"Mushrooms","player_choice":"Healed and dodged fight","floor":12.0,"gold_loss":0.0,"damage_taken":0.0,"cards_obtained":["Parasite"]},{"damage_healed":0.0,"max_hp_gain":0.0,"max_hp_loss":0.0,"gold_gain":0.0,"event_name":"The Mausoleum","player_choice":"Opened","floor":20.0,"gold_loss":0.0,"damage_taken":0.0,"relics_obtained":["MawBank"]},{"damage_healed":0.0,"max_hp_gain":0.0,"max_hp_loss":0.0,"gold_gain":0.0,"event_name":"Lab","player_choice":"Got Potions","floor":21.0,"gold_loss":0.0,"damage_taken":0.0},{"damage_healed":0.0,"max_hp_gain":0.0,"max_hp_loss":0.0,"gold_gain":0.0,"event_name":"N\u0027loth","player_choice":"Traded Relic","floor":28.0,"relics_lost":["NeowsBlessing"],"gold_loss":0.0,"damage_taken":0.0,"relics_obtained":["Nloth\u0027s Gift"]},{"cards_removed":["Neutralize"],"damage_healed":0,"gold_gain":0,"player_choice":"Purged","damage_taken":0,"max_hp_gain":0,"max_hp_loss":0,"event_name":"Purifier","floor":37,"gold_loss":0},{"damage_healed":24,"gold_gain":0,"player_choice":"Writhe","damage_taken":0,"max_hp_gain":0,"max_hp_loss":0,"event_name":"Winding Halls","floor":39,"gold_loss":0,"cards_obtained":["Writhe"]}],"is_beta":false,"boss_relics":[{"not_picked":["Runic Dome","Fusion Hammer"],"picked":"Coffee Dripper"},{"not_picked":["SlaversCollar","Astrolabe"],"picked":"Black Star"}],"items_purged_floors":[4,4,4,4,4,4,4,4,4,4,4,44,44],"is_endless":false,"potions_floor_spawned":[1,2,2,3,10,14,14,16,22,23,23,25,25,29,31,33,38,38,40,45,45],"ascension_level":3}}