{"host":"tw7a6rmo9h75ssrt","time":1610009036,"event":{"mods":["AchievementEnabler","Act Like it!","BaseMod","Colored Map","Highlight Path","Minty Spire (QoL Compilation)","Permanent Neow","Quick Restart","Relic Stats","SuperFastMode"],"gold_per_floor":[112,37,37,57,57,85,85,104,104,118,135,135,145,157,157,253,253,271,271,271,288,213,213,213,266,266,266,282,282,296,316,316,419,419,431,307,657,657,657,692,692,709,709,728,746,762,762,762,762,762,762],"floor_reached":50,"playtime":3739,"items_purged":["Defend_R","Strike_R"],"score":862,"play_id":"ce6fafa9-34ac-4d99-b38b-d7d4e241e1c7","local_time":"20210107164356","is_ascension_mode":true,"campfire_choices":[{"data":"Bash","floor":7.0,"key":"SMITH"},{"data":"Perfected Strike","floor":15.0,"key":"SMITH"},{"data":"Limit Break","floor":23.0,"key":"SMITH"},{"data":"Metallicize","floor":27.0,"key":"SMITH"},{"floor":32.0,"key":"REST"},{"floor":41.0,"key":"REST"},{"floor":47.0,"key":"REST"},{"floor":49.0,"key":"REST"}],"circlet_count":0,"master_deck":["AscendersBane","Strike_R","Strike_R+1","Strike_R","Defend_R+1","Bash+1","Perfected Strike+1","Perfected Strike+1","Flame Barrier+1","Metallicize+1","Shrug It Off+1","Limit Break+1","Inflame+1","Demon Form+1","Perfected Strike","Shrug It Off","Perfected Strike+1","Dual Wield","Parasite"],"relics":["Burning Blood","NeowsBlessing","Kunai","Whetstone","Blue Candle","Potion Belt","Philosopher\u0027s Stone","Pear","War Paint","Frozen Egg 2","Velvet Choker","Old Coin","Ornamental Fan","Dead Branch"],"acts_visited":["TheCity","TheBeyond"],"potions_floor_usage":[50],"damage_taken":[{"damage":0.0,"enemies":"Small Slimes","floor":1.0,"turns":1.0},{"damage":0.0,"enemies":"2 Louse","floor":4.0,"turns":1.0},{"damage":0.0,"enemies":"Lagavulin","floor":6.0,"turns":1.0},{"damage":0.0,"enemies":"Jaw Worm","floor":8.0,"turns":3.0},{"damage":0.0,"enemies":"Exordium Wildlife","floor":10.0,"turns":2.0},{"damage":17.0,"enemies":"Exordium Thugs","floor":11.0,"turns":3.0},{"damage":0.0,"enemies":"Large Slime","floor":13.0,"turns":3.0},{"damage":23.0,"enemies":"Gremlin Gang","floor":14.0,"turns":6.0},{"damage":34.0,"enemies":"The Guardian","floor":16.0,"turns":10.0},{"damage":3.0,"enemies":"Spheric Guardian","floor":18.0,"turns":3.0},{"damage":0.0,"enemies":"Shell Parasite","floor":21.0,"turns":1.0},{"damage":14.0,"enemies":"Sentry and Sphere","floor":28.0,"turns":5.0},{"damage":10.0,"enemies":"Centurion and Healer","floor":30.0,"turns":4.0},{"damage":42.0,"enemies":"Chosen and Byrds","floor":31.0,"turns":5.0},{"damage":47.0,"enemies":"Champ","floor":33.0,"turns":9.0},{"damage":9.0,"enemies":"3 Shapes","floor":35.0,"turns":6.0},{"damage":33.0,"enemies":"Mind Bloom Boss Battle","floor":37.0,"turns":5.0},{"damage":37.0,"enemies":"Reptomancer","floor":40.0,"turns":7.0},{"damage":3.0,"enemies":"Orb Walker","floor":42.0,"turns":3.0},{"damage":42.0,"enemies":"Spire Growth","floor":44.0,"turns":5.0},{"damage":18.0,"enemies":"4 Shapes","floor":45.0,"turns":6.0},{"damage":7.0,"enemies":"Writhing Mass","floor":46.0,"turns":4.0},{"damage":59,"enemies":"Time Eater","floor":50,"turns":6}],"seed_played":"-8881914158926179943","potions_obtained":[{"floor":6.0,"key":"Weak Potion"},{"floor":10.0,"key":"SpeedPotion"},{"floor":11.0,"key":"Ancient Potion"},{"floor":16.0,"key":"BlessingOfTheForge"},{"floor":18.0,"key":"DuplicationPotion"},{"floor":31.0,"key":"EssenceOfSteel"},{"floor":33.0,"key":"PowerPotion"},{"floor":35.0,"key":"BloodPotion"},{"floor":40.0,"key":"ElixirPotion"},{"floor":44.0,"key":"Fire Potion"},{"floor":45.0,"key":"AttackPotion"},{"floor":46.0,"key":"Ancient Potion"}],"is_trial":false,"path_per_floor":["M","$","?","M","?","E","R","M","T","M","M","?","M","M","R","B",null,"M","?","?","M","?","R","T","T","T","R","M","?","M","M","R","B",null,"M","$","?","?","?","E","R","M","T","M","M","M","R","?","R","B"],"character_chosen":"IRONCLAD","items_purchased":["Perfected Strike"],"campfire_rested":4,"item_purchase_floors":[36],"current_hp_per_floor":[78,78,78,80,62,68,68,74,74,80,69,69,75,58,58,30,68,71,71,71,77,77,77,87,87,87,87,79,79,75,39,66,25,74,71,71,44,44,44,30,55,58,58,22,10,9,34,34,59,0,0],"gold":762,"neow_bonus":"THREE_ENEMY_KILL","is_daily":false,"chose_seed":false,"campfire_upgraded":4,"win_rate":0.0,"timestamp":1610009036,"path_taken":["M","$","?","M","?","E","R","M","T","M","M","?","M","?","R","BOSS","M","?","?","?","?","R","?","?","T","R","M","?","M","M","R","BOSS","M","$","?","?","?","E","R","?","T","M","M","?","R","?","R","BOSS"],"items_purchased_type":["Card"],"build_version":"2020-12-22","purchased_purges":2,"victory":false,"max_hp_per_floor":[80,80,80,80,80,80,80,80,80,80,80,80,80,80,80,80,80,80,80,80,80,80,80,90,90,90,90,90,90,90,90,90,90,90,90,90,90,85,85,85,85,85,85,85,85,85,85,85,85,85,85],"relic_stats":{"counters":[23,99],"Ornamental Fan":[8],"Blue Candle":[2],"Dead Branch":[23],"Kunai":[7],"Whetstone":["Perfected Strike","Strike_R"],"War Paint":["Defend_R"],"obtain_stats":[{"Potion Belt":12,"Pear":24,"NeowsBlessing":0,"Blue Candle":9,"Dead Branch":43,"Velvet Choker":34,"Whetstone":6,"War Paint":25,"Frozen Egg 2":26,"Burning Blood":0,"Old Coin":37,"Ornamental Fan":40,"Philosopher\u0027s Stone":17,"Kunai":5},{"Potion Belt":6,"Pear":11,"NeowsBlessing":0,"Blue Candle":4,"Dead Branch":19,"Velvet Choker":15,"Whetstone":3,"War Paint":11,"Frozen Egg 2":11,"Burning Blood":0,"Old Coin":17,"Ornamental Fan":18,"Philosopher\u0027s Stone":9,"Kunai":2},{"Potion Belt":11,"Pear":34,"NeowsBlessing":0,"Blue Candle":6,"Dead Branch":78,"Velvet Choker":57,"Whetstone":3,"War Paint":34,"Frozen Egg 2":34,"Burning Blood":0,"Old Coin":68,"Ornamental Fan":75,"Philosopher\u0027s Stone":30,"Kunai":2}],"Burning Blood":128},"card_choices":[{"not_picked":["Intimidate","Thunderclap"],"picked":"Perfected Strike","floor":1.0},{"not_picked":["Disarm","Armaments"],"picked":"Perfected Strike","floor":4.0},{"not_picked":["Uppercut","Iron Wave"],"picked":"Flame Barrier","floor":6.0},{"not_picked":["Clash","Wild Strike","Body Slam"],"picked":"SKIP","floor":8.0},{"not_picked":["Havoc","Metallicize","Flex"],"picked":"SKIP","floor":10.0},{"not_picked":["Cleave","Wild Strike","Dropkick"],"picked":"SKIP","floor":11.0},{"not_picked":["Shrug It Off","Clothesline","Dropkick"],"picked":"SKIP","floor":13.0},{"not_picked":["Intimidate","Flex"],"picked":"Metallicize","floor":14.0},{"not_picked":["Sword Boomerang","Intimidate"],"picked":"Shrug It Off+1","floor":18.0},{"not_picked":["True Grit","Blood for Blood","Infernal Blade+1"],"picked":"SKIP","floor":21.0},{"not_picked":["Sentinel","Spot Weakness+1"],"picked":"Inflame+1","floor":28.0},{"not_picked":["Headbutt","Rampage+1","Anger"],"picked":"SKIP","floor":30.0},{"not_picked":["Ghostly Armor","Shockwave","Cleave+1"],"picked":"SKIP","floor":31.0},{"not_picked":["Corruption+1","Bludgeon"],"picked":"Demon Form+1","floor":33.0},{"not_picked":["Rampage+1","Sentinel","Iron Wave+1"],"picked":"SKIP","floor":35.0},{"not_picked":["Combust+1","Infernal Blade","Rupture+1"],"picked":"SKIP","floor":40.0},{"not_picked":["Headbutt","True Grit+1","Clash+1"],"picked":"SKIP","floor":42.0},{"not_picked":["Shrug It Off","Dual Wield"],"picked":"Perfected Strike+1","floor":44.0},{"not_picked":["Heavy Blade+1","True Grit"],"picked":"Dual Wield","floor":45.0},{"not_picked":["Juggernaut+1","Pommel Strike","Warcry"],"picked":"SKIP","floor":46.0}],"player_experience":66039,"relics_obtained":[{"floor":6.0,"key":"Whetstone"},{"floor":9.0,"key":"Blue Candle"},{"floor":24.0,"key":"Pear"},{"floor":25.0,"key":"War Paint"},{"floor":26.0,"key":"Frozen Egg 2"},{"floor":37.0,"key":"Old Coin"},{"floor":40.0,"key":"Ornamental Fan"},{"floor":43.0,"key":"Dead Branch"}],"event_choices":[{"damage_healed":0.0,"max_hp_gain":0.0,"max_hp_loss":0.0,"gold_gain":0.0,"event_name":"Shining Light","player_choice":"Ignored","floor":3.0,"gold_loss":0.0,"damage_taken":0.0},{"damage_healed":0.0,"max_hp_gain":0.0,"max_hp_loss":0.0,"gold_gain":0.0,"event_name":"Scrap Ooze","player_choice":"Success","floor":5.0,"gold_loss":0.0,"damage_taken":18.0,"relics_obtained":["Kunai"]},{"damage_healed":0.0,"max_hp_gain":0.0,"max_hp_loss":0.0,"gold_gain":0.0,"event_name":"Dead Adventurer","player_choice":"Searched \u00272\u0027 times","floor":12.0,"gold_loss":0.0,"damage_taken":0.0,"relics_obtained":["Potion Belt"]},{"damage_healed":0.0,"max_hp_gain":0.0,"max_hp_loss":0.0,"gold_gain":0.0,"cards_transformed":["Defend_R","Defend_R"],"event_name":"Drug Dealer","player_choice":"Became Test Subject","floor":19.0,"gold_loss":0.0,"damage_taken":0.0,"cards_obtained":["Limit Break","Dark Embrace"]},{"damage_healed":0.0,"max_hp_gain":0.0,"max_hp_loss":0.0,"gold_gain":0.0,"event_name":"Upgrade Shrine","player_choice":"Upgraded","floor":20.0,"gold_loss":0.0,"damage_taken":0.0,"cards_upgraded":["Flame Barrier"]},{"cards_removed":["Dark Embrace"],"damage_healed":0.0,"max_hp_gain":0.0,"max_hp_loss":0.0,"gold_gain":0.0,"event_name":"Beggar","player_choice":"Gave Gold","floor":22.0,"gold_loss":75.0,"damage_taken":0.0},{"damage_healed":0.0,"max_hp_gain":0.0,"max_hp_loss":0.0,"gold_gain":0.0,"event_name":"MindBloom","player_choice":"Fight","floor":37.0,"gold_loss":0.0,"damage_taken":0.0},{"damage_healed":0.0,"max_hp_gain":0.0,"max_hp_loss":5.0,"gold_gain":0.0,"event_name":"Winding Halls","player_choice":"Max HP","floor":38.0,"gold_loss":0.0,"damage_taken":0.0},{"damage_healed":0.0,"max_hp_gain":0.0,"max_hp_loss":0.0,"gold_gain":0.0,"cards_transformed":["Strike_R"],"event_name":"Transmorgrifier","player_choice":"Transformed","floor":39.0,"gold_loss":0.0,"damage_taken":0.0,"cards_obtained":["Shrug It Off"]},{"damage_healed":0.0,"max_hp_gain":0.0,"max_hp_loss":0.0,"gold_gain":0.0,"event_name":"Tomb of Lord Red Mask","player_choice":"Ignored","floor":48.0,"gold_loss":0.0,"damage_taken":0.0}],"is_beta":false,"boss_relics":[{"not_picked":["Runic Cube","Black Blood"],"picked":"Philosopher\u0027s Stone"},{"not_picked":["Astrolabe","SacredBark"],"picked":"Velvet Choker"}],"items_purged_floors":[2,36],"is_endless":false,"potions_floor_spawned":[6,10,11,16,18,31,33,35,40,44,45,46],"killed_by":"Time Eater","ascension_level":11}}