{"host":"t5s60ss6drvva5tc","time":1610043266,"event":{"mods":["BaseMod","Colored Map","Colored Powertips","Minty Spire (QoL Compilation)"],"gold_per_floor":[111,36,111,131,143,177,177,177,177,192,209,209,209],"floor_reached":12,"playtime":690,"items_purged":["Defend_R"],"score":80,"play_id":"16c2d672-736c-456e-8d51-df4f4bc67ebb","local_time":"20210107211426","is_ascension_mode":false,"campfire_choices":[{"data":"Strike_R","floor":7,"key":"PURGE"}],"circlet_count":0,"master_deck":["Strike_R","Strike_R","Strike_R","Defend_R","Defend_R","Defend_R","Bash","Pommel Strike","Rampage","Clothesline","Headbutt","Sword Boomerang","Carnage"],"relics":["Burning Blood","Peace Pipe","Darkstone Periapt"],"acts_visited":["Exordium"],"potions_floor_usage":[6],"damage_taken":[{"damage":10,"enemies":"Jaw Worm","floor":1,"turns":6},{"damage":5,"enemies":"2 Louse","floor":4,"turns":2},{"damage":1,"enemies":"Cultist","floor":5,"turns":3},{"damage":47,"enemies":"3 Sentries","floor":6,"turns":9},{"damage":17,"enemies":"2 Fungi Beasts","floor":10,"turns":3},{"damage":6,"enemies":"Blue Slaver","floor":11,"turns":4},{"damage":35,"enemies":"Lagavulin","floor":12,"turns":5}],"seed_played":"981425703794182855","potions_obtained":[{"floor":6,"key":"BloodPotion"},{"floor":10,"key":"ElixirPotion"}],"is_trial":false,"path_per_floor":["M","$","?","M","M","E","R","?","T","M","M","E"],"character_chosen":"IRONCLAD","items_purchased":[],"campfire_rested":0,"item_purchase_floors":[],"current_hp_per_floor":[76,76,65,66,71,46,46,46,46,35,35,0,0],"gold":209,"neow_bonus":"","is_daily":false,"chose_seed":false,"campfire_upgraded":0,"win_rate":0.0,"timestamp":1610043266,"path_taken":["M","$","?","M","M","E","R","?","T","M","M","E"],"items_purchased_type":[],"build_version":"2020-12-22","purchased_purges":1,"victory":false,"max_hp_per_floor":[80,80,80,80,80,80,80,80,80,80,80,80,80],"card_choices":[{"not_picked":["Armaments","Dark Embrace"],"picked":"Pommel Strike","floor":1},{"not_picked":["Hemokinesis","Thunderclap"],"picked":"Rampage","floor":4},{"not_picked":["Fire Breathing","Perfected Strike"],"picked":"Clothesline","floor":5},{"not_picked":["Reckless Charge","Double Tap"],"picked":"Headbutt","floor":6},{"not_picked":["Dual Wield","Iron Wave"],"picked":"Sword Boomerang","floor":10},{"not_picked":["Sever Soul","Metallicize"],"picked":"Carnage","floor":11}],"player_experience":0,"relics_obtained":[{"floor":6,"key":"Peace Pipe"},{"floor":9,"key":"Darkstone Periapt"}],"event_choices":[{"damage_healed":0,"gold_gain":75,"player_choice":"Gather Gold","damage_taken":11,"max_hp_gain":0,"max_hp_loss":0,"event_name":"World of Goop","floor":3,"gold_loss":0},{"cards_removed":["Strike_R"],"damage_healed":0,"gold_gain":0,"player_choice":"Forget","damage_taken":0,"max_hp_gain":0,"max_hp_loss":0,"event_name":"Living Wall","floor":8,"gold_loss":0}],"is_beta":false,"boss_relics":[],"items_purged_floors":[2],"is_endless":false,"potions_floor_spawned":[6,10],"killed_by":"Lagavulin","ascension_level":0}}