{"host":"hve1dyh1ly81yl9f","time":1610042771,"event":{"mods":["BaseMod","Colored Map","DeckTracker","Highlight Path","Keyboard Shortcuts","Minty Spire (QoL Compilation)","Permanent Neow","Quick Restart","StSLib","SuperFastMode"],"gold_per_floor":[118,118,118,132,144,177,177,205,205,234,258,272,289,57,57,158,208,226,226,151,61,75,75],"floor_reached":22,"playtime":739,"items_purged":["Defend_R"],"score":280,"play_id":"d5775e9d-c12a-4b20-ae49-dac445f267ea","local_time":"20210108030611","is_ascension_mode":true,"campfire_choices":[{"floor":7.0,"key":"REST"},{"floor":15.0,"key":"REST"}],"circlet_count":0,"master_deck":["Defend_R","Defend_R+1","Bash+1","Fiend Fire+1","Wild Strike","Wild Strike","Power Through","Flex","Immolate","Feel No Pain","Feed","Dark Embrace","Bite","Bite","Bite","Bite","Bite","Hemokinesis+1"],"relics":["Burning Blood","Orichalcum","Eternal Feather","Omamori","Happy Flower","Odd Mushroom","Tiny House"],"acts_visited":["Exordium","TheCity"],"potions_floor_usage":[],"damage_taken":[{"damage":0.0,"enemies":"Small Slimes","floor":1.0,"turns":3.0},{"damage":6.0,"enemies":"2 Louse","floor":4.0,"turns":2.0},{"damage":0.0,"enemies":"Jaw Worm","floor":5.0,"turns":1.0},{"damage":40.0,"enemies":"Lagavulin","floor":6.0,"turns":4.0},{"damage":12.0,"enemies":"Gremlin Nob","floor":8.0,"turns":3.0},{"damage":8.0,"enemies":"3 Sentries","floor":10.0,"turns":7.0},{"damage":3.0,"enemies":"The Mushroom Lair","floor":11.0,"turns":3.0},{"damage":10.0,"enemies":"Lots of Slimes","floor":12.0,"turns":4.0},{"damage":0.0,"enemies":"3 Louse","floor":13.0,"turns":2.0},{"damage":48.0,"enemies":"Hexaghost","floor":16.0,"turns":9.0},{"damage":17,"enemies":"Spheric Guardian","floor":18,"turns":4},{"damage":54,"enemies":"3 Byrds","floor":22,"turns":5}],"seed_played":"-4199876895084962025","potions_obtained":[{"floor":1.0,"key":"SpeedPotion"},{"floor":6.0,"key":"ElixirPotion"},{"floor":8.0,"key":"AttackPotion"},{"floor":11.0,"key":"DuplicationPotion"},{"floor":16.0,"key":"PowerPotion"},{"floor":17.0,"key":"Strength Potion"}],"is_trial":false,"path_per_floor":["M","?","?","M","M","E","R","E","T","E","?","M","M","$","R","B",null,"M","?","$","?","M"],"character_chosen":"IRONCLAD","items_purchased":["Immolate","Feel No Pain"],"campfire_rested":2,"item_purchase_floors":[14,14],"current_hp_per_floor":[62,62,46,46,52,18,42,36,36,34,37,33,39,39,72,30,73,65,61,61,61,20,20],"gold":75,"neow_bonus":"THREE_RARE_CARDS","is_daily":false,"chose_seed":false,"campfire_upgraded":0,"win_rate":0.0,"timestamp":1610042771,"path_taken":["M","?","?","M","M","E","R","E","T","E","?","M","M","$","R","BOSS","M","?","$","?","?"],"items_purchased_type":["Card","Card"],"build_version":"2020-12-22","purchased_purges":1,"victory":false,"max_hp_per_floor":[80,80,80,80,80,80,80,80,80,80,80,80,80,80,80,80,85,88,61,61,61,64,64],"card_choices":[{"not_picked":["Feed","Brutality"],"picked":"Fiend Fire","floor":0.0},{"not_picked":["Battle Trance","Twin Strike","Entrench"],"picked":"SKIP","floor":1.0},{"not_picked":["Feel No Pain","Armaments"],"picked":"Wild Strike","floor":4.0},{"not_picked":["Dual Wield","Headbutt"],"picked":"Wild Strike","floor":5.0},{"not_picked":["Perfected Strike","Impervious"],"picked":"Power Through","floor":6.0},{"not_picked":["Clothesline","True Grit"],"picked":"Flex","floor":8.0},{"not_picked":["Exhume","Disarm","Sentinel"],"picked":"SKIP","floor":10.0},{"not_picked":["Iron Wave","Armaments","Clash"],"picked":"SKIP","floor":12.0},{"not_picked":["Seeing Red","Perfected Strike","Flex"],"picked":"SKIP","floor":13.0},{"not_picked":["Berserk","Corruption"],"picked":"Feed","floor":16.0},{"not_picked":["Cleave","Pommel Strike"],"picked":"Dark Embrace","floor":17.0},{"not_picked":["Whirlwind+1","Shrug It Off+1","Armaments"],"picked":"SKIP","floor":18},{"not_picked":["Clash+1","Sword Boomerang"],"picked":"Hemokinesis+1","floor":22}],"player_experience":297597,"relics_obtained":[{"floor":6.0,"key":"Orichalcum"},{"floor":8.0,"key":"Eternal Feather"},{"floor":9.0,"key":"Omamori"},{"floor":10.0,"key":"Happy Flower"},{"floor":11.0,"key":"Odd Mushroom"}],"event_choices":[{"damage_healed":0.0,"max_hp_gain":0.0,"max_hp_loss":0.0,"gold_gain":0.0,"event_name":"Living Wall","player_choice":"Grow","floor":2.0,"gold_loss":0.0,"damage_taken":0.0,"cards_upgraded":["Fiend Fire"]},{"damage_healed":0.0,"max_hp_gain":0.0,"max_hp_loss":0.0,"gold_gain":0.0,"event_name":"Shining Light","player_choice":"Entered Light","floor":3.0,"gold_loss":0.0,"damage_taken":16.0,"cards_upgraded":["Strike_R","Bash"]},{"damage_healed":0.0,"max_hp_gain":0.0,"max_hp_loss":0.0,"gold_gain":0.0,"event_name":"Mushrooms","player_choice":"Fought Mushrooms","floor":11.0,"gold_loss":0.0,"damage_taken":0.0},{"damage_healed":0,"gold_gain":0,"player_choice":"Became a vampire","damage_taken":0,"max_hp_gain":0,"max_hp_loss":27,"event_name":"Vampires","floor":19,"gold_loss":0,"cards_obtained":["Bite","Bite","Bite","Bite","Bite"]},{"cards_removed":["Defend_R"],"damage_healed":0,"gold_gain":0,"player_choice":"Upgrade and Remove","damage_taken":0,"max_hp_gain":0,"max_hp_loss":0,"event_name":"Designer","floor":21,"gold_loss":90,"cards_upgraded":["Defend_R"]}],"is_beta":false,"boss_relics":[{"not_picked":["Empty Cage","Astrolabe"],"picked":"Tiny House"}],"items_purged_floors":[20],"is_endless":false,"potions_floor_spawned":[1,6,8,11,13,16],"killed_by":"3 Byrds","ascension_level":5}}