{"host":"a5lz0e76zb3fcwkm","time":1610032058,"event":{"mods":["AchievementEnabler","BaseMod","Colored Map","Colored Powertips","Minty Spire (QoL Compilation)","StSLib","SuperFastMode"],"gold_per_floor":[118,118,43,53,53,53,78,78,78,78,92,92,92],"floor_reached":12,"playtime":146,"items_purged":["Strike_G"],"score":202,"play_id":"5540486e-2e1d-4a1c-ab09-dbe99cd51bba","local_time":"20210108000738","is_ascension_mode":true,"campfire_choices":[{"data":"Terror","floor":6,"key":"SMITH"},{"data":"Bouncing Flask","floor":8,"key":"SMITH"},{"floor":10,"key":"RECALL"}],"circlet_count":0,"master_deck":["AscendersBane","Strike_G+1","Strike_G","Strike_G+1","Strike_G","Defend_G","Defend_G","Defend_G","Defend_G","Defend_G","Survivor","Neutralize","Terror+1","Bouncing Flask+1","Escape Plan"],"relics":["Ring of the Snake","NeowsBlessing","Omamori","Sundial"],"acts_visited":[],"potions_floor_usage":[],"damage_taken":[{"damage":0,"enemies":"2 Louse","floor":1,"turns":1},{"damage":0,"enemies":"Small Slimes","floor":4,"turns":1},{"damage":0,"enemies":"Lagavulin","floor":7,"turns":1},{"damage":0,"enemies":"Cultist","floor":11,"turns":3},{"damage":48,"enemies":"Gremlin Nob","floor":12,"turns":3}],"seed_played":"-1953043356039422725","potions_obtained":[],"is_trial":false,"path_per_floor":["M","?","$","M","?","R","E","R","T","R","M","E"],"character_chosen":"THE_SILENT","items_purchased":[],"campfire_rested":0,"item_purchase_floors":[],"current_hp_per_floor":[59,64,64,64,43,43,43,43,43,43,43,0,0],"gold":92,"neow_bonus":"THREE_ENEMY_KILL","is_daily":false,"chose_seed":false,"campfire_upgraded":2,"win_rate":0.0,"timestamp":1610032058,"path_taken":["M","?","$","M","?","R","E","R","T","R","M","E"],"items_purchased_type":[],"build_version":"2020-12-22","purchased_purges":1,"victory":false,"max_hp_per_floor":[66,71,71,71,71,71,71,71,71,71,71,71,71],"card_choices":[{"not_picked":["Quick Slash","Underhanded Strike","Flying Knee"],"picked":"SKIP","floor":1},{"not_picked":["Well Laid Plans","Quick Slash"],"picked":"Terror","floor":4},{"not_picked":["Dagger Spray","Prepared"],"picked":"Bouncing Flask","floor":7},{"not_picked":["Sucker Punch","Slice"],"picked":"Escape Plan","floor":11}],"player_experience":1695545,"relics_obtained":[{"floor":7,"key":"Omamori"},{"floor":9,"key":"Sundial"}],"event_choices":[{"damage_healed":0,"gold_gain":0,"player_choice":"Donut","damage_taken":0,"max_hp_gain":5,"max_hp_loss":0,"event_name":"Big Fish","floor":2,"gold_loss":0},{"damage_healed":0,"gold_gain":0,"player_choice":"Entered Light","damage_taken":21,"max_hp_gain":0,"max_hp_loss":0,"event_name":"Shining Light","floor":5,"gold_loss":0,"cards_upgraded":["Strike_G","Strike_G"]}],"is_beta":false,"boss_relics":[],"items_purged_floors":[3],"is_endless":false,"potions_floor_spawned":[],"killed_by":"Gremlin Nob","ascension_level":20}}