{"host":"nn0usk9aafse27ii","time":1610060691,"event":{"mods":["BaseMod","Colored Map","Highlight Path","Minty Spire (QoL Compilation)","Shop Mod","StSLib","The Disciple"],"gold_per_floor":[119,136,136,136,151,187,187,208,233,271,290,290,290],"floor_reached":12,"playtime":2341,"items_purged":[],"score":90,"play_id":"135f37c8-9162-41af-9005-59534ce501d1","local_time":"20210107150451","is_ascension_mode":false,"campfire_choices":[{"floor":7,"key":"REST"}],"circlet_count":0,"master_deck":["Strike_Br","Strike_Br+1","Strike_Br+1","Strike_Br","Defend_Br","Defend_Br","Defend_Br","Defend_Br","SecondHand","PatternShift","LockedScales","Stagnate","TickedOff","Engulf","SecondHand","Backlash","LockedAstrolabe","LockedBlood","Recurrance","ExoVibe"],"relics":["Chronometer","Golden Idol","Oddly Smooth Stone","Strawberry","Whetstone"],"acts_visited":["Exordium"],"potions_floor_usage":[6,10,12],"damage_taken":[{"damage":6,"enemies":"2 Louse","floor":1,"turns":3},{"damage":2,"enemies":"Small Slimes","floor":2,"turns":5},{"damage":0,"enemies":"Cultist","floor":5,"turns":6},{"damage":16,"enemies":"Lagavulin","floor":6,"turns":11},{"damage":10,"enemies":"Exordium Wildlife","floor":8,"turns":11},{"damage":34,"enemies":"3 Sentries","floor":10,"turns":15},{"damage":1,"enemies":"Blue Slaver","floor":11,"turns":4},{"damage":21,"enemies":"Lagavulin","floor":12,"turns":16}],"seed_played":"1381533483667153469","potions_obtained":[{"floor":5,"key":"Dexterity Potion"},{"floor":6,"key":"Strength Potion"},{"floor":8,"key":"EssenceOfSteel"},{"floor":10,"key":"Explosive Potion"}],"is_trial":false,"path_per_floor":["M","M","?","?","M","E","R","M","T","E","M","E"],"character_chosen":"CHRONO_CLASS","items_purchased":[],"campfire_rested":1,"item_purchase_floors":[],"current_hp_per_floor":[59,57,41,41,41,25,44,34,41,13,12,0,0],"gold":290,"neow_bonus":"THREE_CARDS","is_daily":false,"chose_seed":false,"campfire_upgraded":0,"win_rate":0.0,"timestamp":1610060691,"path_taken":["M","M","?","?","M","E","R","M","T","E","?","E"],"items_purchased_type":[],"build_version":"2020-12-22","purchased_purges":0,"victory":false,"max_hp_per_floor":[65,65,65,65,65,65,65,65,72,72,72,72,72],"card_choices":[{"not_picked":["ReapSow","LockedBlood"],"picked":"LockedScales","floor":0},{"not_picked":["CrunchTime","Recurrance"],"picked":"Stagnate","floor":1},{"not_picked":["WindUp","LockedBlood"],"picked":"TickedOff","floor":2},{"not_picked":["BlueShift","HandsUpC"],"picked":"Backlash","floor":5},{"not_picked":["LockedWarPaint","LockedPlans"],"picked":"LockedAstrolabe","floor":6},{"not_picked":["FormalWear","Recurrance"],"picked":"LockedBlood","floor":8},{"not_picked":["Stagnate","ResonantCall"],"picked":"Recurrance","floor":10},{"not_picked":["Engulf","LockedPlans"],"picked":"ExoVibe","floor":11}],"player_experience":374204,"relics_obtained":[{"floor":6,"key":"Oddly Smooth Stone"},{"floor":9,"key":"Strawberry"},{"floor":10,"key":"Whetstone"}],"event_choices":[{"damage_healed":0,"gold_gain":0,"player_choice":"Take Damage","damage_taken":16,"relics_obtained":["Golden Idol"],"max_hp_gain":0,"max_hp_loss":0,"event_name":"Golden Idol","floor":3,"gold_loss":0},{"damage_healed":0,"gold_gain":0,"player_choice":"2 cards matched","damage_taken":0,"max_hp_gain":0,"max_hp_loss":0,"event_name":"Match and Keep!","floor":4,"gold_loss":0,"cards_obtained":["Engulf","SecondHand"]}],"is_beta":false,"boss_relics":[],"items_purged_floors":[],"is_endless":false,"potions_floor_spawned":[5,6,8,10],"killed_by":"Lagavulin","ascension_level":0}}