{"host":"a1eatafr7pisesky","time":1610037086,"event":{"mods":["AchievementEnabler","BaseMod","Colored Map","Keyboard Shortcuts","Minty Spire (QoL Compilation)","Say the Spire","StSLib","SuperFastMode","everything is the same but u backflip on backflip"],"gold_per_floor":[114,128,53,53,128,128,147,147,171,206,59,59,77,77,77,178,178,190,190,210,210,309,309,340,340,340,368,368,368,368],"floor_reached":29,"playtime":683,"items_purged":["Strike_B"],"score":347,"play_id":"e82979b9-56c3-4b1f-b9e5-c5721ff25b71","local_time":"20210108013126","is_ascension_mode":true,"campfire_choices":[{"floor":6.0,"key":"REST"},{"floor":8.0,"key":"REST"},{"floor":15.0,"key":"REST"},{"floor":23.0,"key":"REST"},{"data":"Consume","floor":25.0,"key":"SMITH"}],"circlet_count":0,"master_deck":["Strike_B","Defend_B","Defend_B","Defend_B","Defend_B","Zap","Dualcast","Lockon","Ball Lightning","Self Repair","Cold Snap","Electrodynamics","Consume+1","Leap+1"],"relics":["Cracked Core","Pocketwatch","Blue Candle","MealTicket","Regal Pillow","Runic Capacitor","Inserter","Nilry\u0027s Codex","Toy Ornithopter","Strawberry","Tiny Chest","Pantograph"],"acts_visited":["Exordium","TheCity"],"potions_floor_usage":[29],"damage_taken":[{"damage":6.0,"enemies":"Cultist","floor":1.0,"turns":3.0},{"damage":8.0,"enemies":"2 Louse","floor":2.0,"turns":2.0},{"damage":12.0,"enemies":"Small Slimes","floor":7.0,"turns":3.0},{"damage":30.0,"enemies":"3 Sentries","floor":10.0,"turns":6.0},{"damage":16.0,"enemies":"2 Fungi Beasts","floor":13.0,"turns":3.0},{"damage":45.0,"enemies":"Hexaghost","floor":16.0,"turns":7.0},{"damage":14.0,"enemies":"3 Byrds","floor":18.0,"turns":3.0},{"damage":27.0,"enemies":"Shell Parasite","floor":20.0,"turns":5.0},{"damage":31.0,"enemies":"Gremlin Leader","floor":24.0,"turns":5.0},{"damage":42.0,"enemies":"Slavers","floor":27.0,"turns":3.0},{"damage":18,"enemies":"Snecko","floor":29,"turns":4}],"seed_played":"5118352235486451972","potions_obtained":[{"floor":7.0,"key":"AttackPotion"},{"floor":10.0,"key":"Regen Potion"},{"floor":13.0,"key":"Strength Potion"},{"floor":18.0,"key":"FocusPotion"},{"floor":20.0,"key":"Explosive Potion"},{"floor":24.0,"key":"Dexterity Potion"}],"is_trial":false,"path_per_floor":["M","M","$","?","?","R","M","R","T","E","$","?","M","?","R","B",null,"M","?","M","?","?","R","E","R","T","E","?","M"],"character_chosen":"DEFECT","items_purchased":["Runic Capacitor"],"campfire_rested":4,"item_purchase_floors":[11],"current_hp_per_floor":[44,36,36,24,13,35,23,45,45,15,30,30,21,14,51,28,63,56,40,20,20,20,57,33,33,40,10,10,0,0],"gold":368,"neow_bonus":"ONE_RARE_RELIC","is_daily":false,"chose_seed":false,"campfire_upgraded":1,"win_rate":0.0,"timestamp":1610037086,"path_taken":["M","M","$","?","?","R","M","R","T","E","$","?","M","?","R","BOSS","M","?","M","?","?","R","E","R","T","E","?","M"],"items_purchased_type":["Relic"],"build_version":"2020-12-22","purchased_purges":1,"victory":false,"max_hp_per_floor":[75,75,75,75,75,75,75,75,75,75,75,75,75,75,75,75,75,75,75,75,75,75,75,75,75,82,82,82,82,82],"card_choices":[{"not_picked":["Cold Snap","Conserve Battery"],"picked":"Lockon","floor":1.0},{"not_picked":["Rip and Tear","Lockon"],"picked":"Ball Lightning","floor":2.0},{"not_picked":["Chaos","Tempest","Scrape"],"picked":"SKIP","floor":7.0},{"not_picked":["Scrape","Conserve Battery"],"picked":"Self Repair","floor":10.0},{"not_picked":["Redo","Hello World"],"picked":"Cold Snap","floor":13.0},{"not_picked":["Thunder Strike","Seek"],"picked":"Electrodynamics","floor":16.0},{"not_picked":["Gash","Sweeping Beam","Redo+1"],"picked":"SKIP","floor":18.0},{"not_picked":["Scrape","Force Field+1","Streamline"],"picked":"SKIP","floor":20.0},{"not_picked":["Blizzard","Biased Cognition"],"picked":"Leap+1","floor":24.0},{"not_picked":["Stack","Double Energy","Hello World"],"picked":"SKIP","floor":27.0}],"player_experience":288702,"relics_obtained":[{"floor":9.0,"key":"MealTicket"},{"floor":10.0,"key":"Regal Pillow"},{"floor":19.0,"key":"Nilry\u0027s Codex"},{"floor":24.0,"key":"Toy Ornithopter"},{"floor":26.0,"key":"Strawberry"},{"floor":27.0,"key":"Tiny Chest"}],"event_choices":[{"damage_healed":0.0,"max_hp_gain":0.0,"max_hp_loss":0.0,"gold_gain":0.0,"event_name":"Scrap Ooze","player_choice":"Success","floor":4.0,"gold_loss":0.0,"damage_taken":12.0,"relics_obtained":["Blue Candle"]},{"damage_healed":0.0,"max_hp_gain":0.0,"max_hp_loss":0.0,"gold_gain":75.0,"event_name":"World of Goop","player_choice":"Gather Gold","floor":5.0,"gold_loss":0.0,"damage_taken":11.0},{"cards_removed":["Strike_B"],"damage_healed":0.0,"max_hp_gain":0.0,"max_hp_loss":0.0,"gold_gain":0.0,"event_name":"Living Wall","player_choice":"Forget","floor":12.0,"gold_loss":0.0,"damage_taken":0.0},{"cards_removed":["Strike_B"],"damage_healed":0.0,"max_hp_gain":0.0,"max_hp_loss":0.0,"gold_gain":0.0,"event_name":"Golden Wing","player_choice":"Card Removal","floor":14.0,"gold_loss":0.0,"damage_taken":7.0},{"damage_healed":0.0,"max_hp_gain":0.0,"max_hp_loss":0.0,"gold_gain":0.0,"event_name":"Cursed Tome","player_choice":"Obtained Book","floor":19.0,"gold_loss":0.0,"damage_taken":16.0},{"damage_healed":0.0,"max_hp_gain":0.0,"max_hp_loss":0.0,"gold_gain":0.0,"event_name":"The Library","player_choice":"Read","floor":21.0,"gold_loss":0.0,"damage_taken":0.0,"cards_obtained":["Consume"]},{"damage_healed":0.0,"max_hp_gain":0.0,"max_hp_loss":0.0,"gold_gain":99.0,"event_name":"Nest","player_choice":"Stole From Cult","floor":22.0,"gold_loss":0.0,"damage_taken":0.0},{"damage_healed":0.0,"max_hp_gain":0.0,"max_hp_loss":0.0,"gold_gain":0.0,"event_name":"The Mausoleum","player_choice":"Opened","floor":28.0,"gold_loss":0.0,"damage_taken":0.0,"relics_obtained":["Pantograph"]}],"is_beta":false,"boss_relics":[{"not_picked":["Velvet Choker","SlaversCollar"],"picked":"Inserter"}],"items_purged_floors":[3],"is_endless":false,"potions_floor_spawned":[7,10,13,18,20,24],"killed_by":"Snecko","ascension_level":7}}