{"host":"kabf61oc9jgfwufg","time":1610038550,"event":{"mods":["AchievementEnabler","Act Like it!","Aspiration","BaseMod","Conspire","GifTheSpireLib","Halation","HexUI Lib","Hubris","Infinite Spire","Minty Spire (QoL Compilation)","Quick Restart","Rare Cards Sparkle","Replay The Spire","Shop Mod","StSLib","Waifu the Spire"],"gold_per_floor":[113,113,188,188,188,188,188,188,211,211,228,238,252,33,33,131,131,143,143,162,172,172,197,197,197,197],"floor_reached":25,"playtime":522,"items_purged":["Defend_B"],"score":211,"play_id":"198444f1-6930-4b12-88e6-0436cb25bfc4","local_time":"20210107165550","is_ascension_mode":false,"campfire_choices":[{"data":"Streamline","floor":6,"key":"SMITH"},{"floor":8,"key":"REST"},{"floor":24,"key":"REST"}],"circlet_count":0,"master_deck":["Strike_B","Strike_B","Strike_B","Defend_B","Defend_B","Streamline+1","Beam Cell","Gash","Streamline","Gash+1","Beam Cell+1","FTL"],"relics":["Cracked Core","NeowsBlessing","CultistMask","ReplayTheSpireMod:TigerMarble","Nunchaku","halation:ForbiddenBikini","Toy Ornithopter"],"acts_visited":["Exordium","TheCity"],"potions_floor_usage":[16,23,25],"damage_taken":[{"damage":0,"enemies":"2 Louse","floor":1,"turns":1},{"damage":0,"enemies":"Jaw Worm","floor":7,"turns":1},{"damage":0,"enemies":"Small Slimes","floor":11,"turns":1},{"damage":0,"enemies":"2 Fungi Beasts","floor":12,"turns":2},{"damage":23,"enemies":"Lots of Slimes","floor":13,"turns":4},{"damage":42,"enemies":"Hexaghost","floor":16,"turns":8},{"damage":12,"enemies":"Shell Parasite","floor":18,"turns":2},{"damage":24,"enemies":"3 Byrds","floor":20,"turns":4},{"damage":20,"enemies":"3 Cultists","floor":21,"turns":4},{"damage":46,"enemies":"Gremlin Leader","floor":23,"turns":3},{"damage":27,"enemies":"Slavers","floor":25,"turns":2}],"seed_played":"-7834945847018057339","potions_obtained":[{"floor":11,"key":"Dexterity Potion"},{"floor":16,"key":"FairyPotion"},{"floor":18,"key":"FearPotion"},{"floor":20,"key":"SteroidPotion"}],"is_trial":false,"path_per_floor":["M","?","?","?","?","R","M","R","T","?","M","M","M","$","R","B",null,"M","?","M","M","$","E","R","E"],"character_chosen":"DEFECT","items_purchased":["Nunchaku"],"campfire_rested":2,"item_purchase_floors":[14],"current_hp_per_floor":[75,68,57,57,57,57,57,75,75,75,75,75,52,52,52,10,75,63,63,39,19,19,1,23,1,1],"gold":197,"neow_bonus":"THREE_ENEMY_KILL","is_daily":false,"chose_seed":false,"campfire_upgraded":1,"win_rate":0.0,"timestamp":1610038550,"path_taken":["M","?","?","?","?","R","?","R","T","?","M","M","M","?","R","BOSS","M","?","?","M","$","E","R","E"],"items_purchased_type":["Relic"],"build_version":"2020-12-22","purchased_purges":1,"victory":false,"max_hp_per_floor":[75,75,75,75,75,75,75,75,75,75,75,75,75,75,75,75,75,75,75,75,75,75,75,75,75,75],"card_choices":[{"not_picked":["Static Discharge","Coolheaded"],"picked":"Streamline","floor":1},{"not_picked":["Loop","Compile Driver","Panic Button"],"picked":"SKIP","floor":7},{"not_picked":["Steam","Glacier","Coolheaded"],"picked":"SKIP","floor":11},{"not_picked":["Reinforced Body","ReplaySolidLightProjector"],"picked":"Beam Cell","floor":12},{"not_picked":["ReplayTheSpireMod:Omega Cannon","BasicCrystalCard"],"picked":"Gash","floor":13},{"not_picked":["Steam","Conserve Battery+1"],"picked":"Gash+1","floor":18},{"not_picked":["Doom and Gloom","Static Discharge"],"picked":"Beam Cell+1","floor":20},{"not_picked":["Redo","Cold Snap","Double Energy"],"picked":"SKIP","floor":21},{"not_picked":["Storm","Compile Driver"],"picked":"FTL","floor":23}],"player_experience":65584,"relics_obtained":[{"floor":9,"key":"ReplayTheSpireMod:TigerMarble"},{"floor":23,"key":"Toy Ornithopter"}],"event_choices":[{"cards_removed":["Strike_B"],"damage_healed":0,"gold_gain":0,"player_choice":"Card Removal","damage_taken":7,"max_hp_gain":0,"max_hp_loss":0,"event_name":"Golden Wing","floor":2,"gold_loss":0},{"damage_healed":0,"gold_gain":75,"player_choice":"Gather Gold","damage_taken":11,"max_hp_gain":0,"max_hp_loss":0,"event_name":"World of Goop","floor":3,"gold_loss":0},{"damage_healed":0,"gold_gain":0,"player_choice":"Trade","damage_taken":0,"relics_obtained":["CultistMask"],"max_hp_gain":0,"max_hp_loss":0,"event_name":"FaceTrader","floor":5,"gold_loss":0},{"cards_removed":["Dualcast"],"damage_healed":0,"gold_gain":0,"player_choice":"Offered Basic","damage_taken":0,"max_hp_gain":0,"max_hp_loss":0,"event_name":"Bonfire Elementals","floor":10,"gold_loss":0},{"damage_healed":0,"gold_gain":0,"player_choice":"0 cards matched","damage_taken":0,"max_hp_gain":0,"max_hp_loss":0,"event_name":"Match and Keep!","floor":19,"gold_loss":0,"cards_obtained":[]}],"is_beta":false,"boss_relics":[{"not_picked":["hubris:CrackedHourglass","Replay:Bronze Core"],"picked":"halation:ForbiddenBikini"}],"items_purged_floors":[14],"is_endless":false,"potions_floor_spawned":[11,16,18,20],"killed_by":"Slavers","ascension_level":0}}