{"host":"sav7uxregyirlf69","time":1610004076,"event":{"mods":["AchievementEnabler","BaseMod","Colored Map","DeckTracker","Keyboard Shortcuts","Minty Spire (QoL Compilation)","READ ME - Guardian Mod","StSLib","SuperFastMode"],"gold_per_floor":[114,133,93,108,33,33,51,51,51,73,73,89,122,140,140,217,217,236,53,68,79,98,98,98,109,134,134,149,149,149,149,149,149,149],"floor_reached":33,"playtime":544,"items_purged":["Strike_G","Strike_G"],"score":502,"play_id":"566cf68d-96d7-4d94-bc12-3abb41b43555","local_time":"20210107162116","is_ascension_mode":true,"campfire_choices":[{"data":"Dagger Spray","floor":6,"key":"SMITH"},{"data":"Poisoned Stab","floor":8,"key":"SMITH"},{"data":"Corpse Explosion","floor":15,"key":"SMITH"},{"floor":23,"key":"REST"},{"data":"Tactician","floor":27,"key":"SMITH"},{"data":"Ghostly","floor":32,"key":"SMITH"}],"circlet_count":0,"master_deck":["AscendersBane","Strike_G","Strike_G","Strike_G","Defend_G","Defend_G","Defend_G","Defend_G","Defend_G","Survivor","Neutralize","Dagger Spray+1","Poisoned Stab+1","Dagger Throw","Corpse Explosion+1","Venomology","Tactician+1","Doubt","Ghostly+1","Ghostly","Ghostly"],"relics":["Ring of the Snake","Toy Ornithopter","Matryoshka","Odd Mushroom","Blue Candle","Cursed Key","PreservedInsect","MealTicket"],"acts_visited":["Exordium","TheCity"],"potions_floor_usage":[12,16,18,20,21,21,22,25,28,28,29,31,33],"damage_taken":[{"damage":3,"enemies":"2 Louse","floor":1,"turns":5},{"damage":23,"enemies":"Cultist","floor":2,"turns":5},{"damage":8,"enemies":"Small Slimes","floor":4,"turns":4},{"damage":0,"enemies":"2 Fungi Beasts","floor":7,"turns":3},{"damage":1,"enemies":"The Mushroom Lair","floor":10,"turns":3},{"damage":0,"enemies":"Lots of Slimes","floor":12,"turns":1},{"damage":19,"enemies":"3 Sentries","floor":13,"turns":7},{"damage":8,"enemies":"Looter","floor":14,"turns":4},{"damage":54,"enemies":"The Guardian","floor":16,"turns":10},{"damage":17,"enemies":"2 Thieves","floor":18,"turns":4},{"damage":20,"enemies":"Chosen","floor":20,"turns":4},{"damage":28,"enemies":"Snake Plant","floor":21,"turns":4},{"damage":16,"enemies":"Snecko","floor":22,"turns":6},{"damage":5,"enemies":"Chosen and Byrds","floor":25,"turns":5},{"damage":7,"enemies":"Centurion and Healer","floor":28,"turns":4},{"damage":1,"enemies":"Cultist and Chosen","floor":29,"turns":1},{"damage":1,"enemies":"Masked Bandits","floor":31,"turns":1},{"damage":61,"enemies":"Champ","floor":33,"turns":12}],"seed_played":"-3206875811117520442","potions_obtained":[{"floor":3,"key":"Energy Potion"},{"floor":3,"key":"FairyPotion"},{"floor":11,"key":"Explosive Potion"},{"floor":12,"key":"SpeedPotion"},{"floor":16,"key":"FearPotion"},{"floor":22,"key":"Dexterity Potion"},{"floor":25,"key":"Weak Potion"}],"is_trial":false,"path_per_floor":["M","M","?","M","$","R","M","R","T","?","?","M","E","M","R","B",null,"M","$","M","M","M","R","$","M","T","R","M","M","?","?","R","B"],"character_chosen":"THE_SILENT","items_purchased":["Tactician"],"campfire_rested":1,"item_purchase_floors":[19],"current_hp_per_floor":[56,33,33,25,25,25,25,25,25,24,24,29,10,2,2,6,51,39,39,24,6,10,29,29,29,29,29,32,36,33,33,33,0,0],"gold":149,"neow_bonus":"RANDOM_COMMON_RELIC","is_daily":false,"chose_seed":false,"campfire_upgraded":5,"win_rate":0.0,"timestamp":1610004076,"path_taken":["M","M","?","M","$","R","?","R","T","?","?","?","E","M","R","BOSS","M","?","M","M","M","R","$","M","T","R","M","M","?","?","R","BOSS"],"items_purchased_type":["Card"],"build_version":"2020-12-22","purchased_purges":2,"victory":false,"max_hp_per_floor":[66,66,66,66,66,66,66,66,66,66,66,66,66,66,66,66,66,66,66,66,66,66,66,66,66,66,66,66,66,33,33,33,33,33],"card_choices":[{"not_picked":["Cloak And Dagger","Deflect","Sucker Punch"],"picked":"SKIP","floor":1},{"not_picked":["Terror","Cloak And Dagger"],"picked":"Dagger Spray","floor":2},{"not_picked":["Calculated Gamble","Distraction","Acrobatics"],"picked":"SKIP","floor":4},{"not_picked":["Outmaneuver","Blade Dance"],"picked":"Poisoned Stab","floor":7},{"not_picked":["Underhanded Strike","Accuracy"],"picked":"Dagger Throw","floor":10},{"not_picked":["Bane","Poisoned Stab","Infinite Blades"],"picked":"SKIP","floor":12},{"not_picked":["Acrobatics","Expertise"],"picked":"Corpse Explosion","floor":13},{"not_picked":["Acrobatics","Flying Knee","Accuracy"],"picked":"SKIP","floor":14},{"not_picked":["Die Die Die","Glass Knife"],"picked":"Venomology","floor":16},{"not_picked":["PiercingWail","Sucker Punch+1","Cloak And Dagger"],"picked":"SKIP","floor":18},{"not_picked":["Dagger Spray","Dagger Throw","Tools of the Trade"],"picked":"SKIP","floor":20},{"not_picked":["Cloak And Dagger","Underhanded Strike","Outmaneuver"],"picked":"SKIP","floor":21},{"not_picked":["Outmaneuver","Endless Agony","Predator"],"picked":"SKIP","floor":22},{"not_picked":["Outmaneuver","Dodge and Roll","Quick Slash"],"picked":"SKIP","floor":25},{"not_picked":["Tools of the Trade","Cloak And Dagger","Outmaneuver+1"],"picked":"SKIP","floor":28}],"player_experience":1174745,"relics_obtained":[{"floor":9,"key":"Matryoshka"},{"floor":10,"key":"Odd Mushroom"},{"floor":13,"key":"Blue Candle"},{"floor":26,"key":"PreservedInsect"},{"floor":26,"key":"MealTicket"}],"event_choices":[{"damage_healed":0,"gold_gain":0,"player_choice":"Bought 3 Potions","damage_taken":0,"max_hp_gain":0,"max_hp_loss":0,"event_name":"The Woman in Blue","floor":3,"gold_loss":0},{"damage_healed":0,"gold_gain":0,"player_choice":"Fought Mushrooms","damage_taken":0,"max_hp_gain":0,"max_hp_loss":0,"event_name":"Mushrooms","floor":10,"gold_loss":0},{"damage_healed":0,"gold_gain":0,"player_choice":"Got Potions","damage_taken":0,"max_hp_gain":0,"max_hp_loss":0,"event_name":"Lab","floor":11,"gold_loss":0},{"damage_healed":0,"gold_gain":0,"player_choice":"Became a Ghost","damage_taken":0,"max_hp_gain":0,"max_hp_loss":33,"event_name":"Ghosts","floor":30,"gold_loss":0,"cards_obtained":["Ghostly","Ghostly","Ghostly"]},{"damage_healed":0,"gold_gain":0,"player_choice":"Fought Bandits","damage_taken":0,"max_hp_gain":0,"max_hp_loss":0,"event_name":"Masked Bandits","floor":31,"gold_loss":0}],"is_beta":false,"boss_relics":[{"not_picked":["Fusion Hammer","SlaversCollar"],"picked":"Cursed Key"}],"items_purged_floors":[5,19],"is_endless":false,"potions_floor_spawned":[7,10,12,16,22,25,31],"killed_by":"Champ","ascension_level":20}}