{"host":"qdfumeom6htv8yxl","time":1610042776,"event":{"mods":["AchievementEnabler","BaseMod","Block Reminder","Minty Spire (QoL Compilation)","Quick Restart","Relic Stats"],"gold_per_floor":[119,129,142,142,152,152,47,80,151,151,186,186,219,229,229,306,306,317,317,334,345,88,88,120,135,135,147,159,171,201,229,241,331,343,375,412,222,222,222,222,250,250,275,290,290,302,328,346,346,346],"floor_reached":51,"playtime":2562,"items_purged":["Defend_G","Strike_G","Writhe"],"score":1418,"play_id":"ca1ead32-34ea-4906-9046-60245a9c48ac","local_time":"20210107120616","is_ascension_mode":true,"campfire_choices":[{"data":"Neutralize","floor":6.0,"key":"SMITH"},{"data":"Backflip","floor":10.0,"key":"SMITH"},{"floor":12.0,"key":"REST"},{"floor":15.0,"key":"REST"},{"floor":23.0,"key":"REST"},{"data":"Wraith Form v2","floor":27.0,"key":"SMITH"},{"data":"Noxious Fumes","floor":29.0,"key":"SMITH"},{"data":"Bane","floor":32.0,"key":"SMITH"},{"data":"Acrobatics","floor":40.0,"key":"SMITH"},{"data":"Noxious Fumes","floor":42.0,"key":"SMITH"},{"data":"PiercingWail","floor":45.0,"key":"SMITH"},{"floor":49.0,"key":"REST"}],"circlet_count":0,"master_deck":["AscendersBane","Strike_G","Strike_G","Defend_G","Defend_G","Survivor","Neutralize+1","Noxious Fumes+1","Dagger Spray+1","Corpse Explosion+1","Crippling Poison+1","Backflip+1","Bane+1","Poisoned Stab","Noxious Fumes+1","Acrobatics+1","Wraith Form v2+1","PiercingWail+1","Blur+1","Noxious Fumes+1"],"relics":["WingedGreaves","Bottled Tornado","Vajra","Toy Ornithopter","Busted Crown","Nloth\u0027s Gift","ClockworkSouvenir","Oddly Smooth Stone","MawBank","Kunai","Snecko Eye","Dead Branch","Snake Skull","PreservedInsect","Gambling Chip"],"acts_visited":["TheCity","TheBeyond"],"potions_floor_usage":[50],"damage_taken":[{"damage":1.0,"enemies":"Small Slimes","floor":1.0,"turns":3.0},{"damage":1.0,"enemies":"2 Louse","floor":2.0,"turns":2.0},{"damage":1.0,"enemies":"Cultist","floor":3.0,"turns":3.0},{"damage":3.0,"enemies":"2 Fungi Beasts","floor":5.0,"turns":2.0},{"damage":9.0,"enemies":"3 Sentries","floor":8.0,"turns":5.0},{"damage":24.0,"enemies":"Gremlin Nob","floor":11.0,"turns":4.0},{"damage":22.0,"enemies":"Lagavulin","floor":13.0,"turns":5.0},{"damage":0.0,"enemies":"Looter","floor":14.0,"turns":3.0},{"damage":37.0,"enemies":"The Guardian","floor":16.0,"turns":8.0},{"damage":9.0,"enemies":"Spheric Guardian","floor":18.0,"turns":5.0},{"damage":0.0,"enemies":"Shell Parasite","floor":20.0,"turns":5.0},{"damage":18.0,"enemies":"Snake Plant","floor":21.0,"turns":4.0},{"damage":10.0,"enemies":"Gremlin Leader","floor":24.0,"turns":5.0},{"damage":0.0,"enemies":"Cultist and Chosen","floor":25.0,"turns":3.0},{"damage":2.0,"enemies":"Centurion and Healer","floor":30.0,"turns":3.0},{"damage":4.0,"enemies":"Sentry and Sphere","floor":31.0,"turns":5.0},{"damage":7.0,"enemies":"Automaton","floor":33.0,"turns":9.0},{"damage":7.0,"enemies":"Orb Walker","floor":35.0,"turns":5.0},{"damage":2.0,"enemies":"Mind Bloom Boss Battle","floor":36.0,"turns":6.0},{"damage":9.0,"enemies":"Giant Head","floor":41.0,"turns":7.0},{"damage":0.0,"enemies":"3 Darklings","floor":44.0,"turns":3.0},{"damage":9.0,"enemies":"Jaw Worm Horde","floor":46.0,"turns":3.0},{"damage":38.0,"enemies":"Nemesis","floor":47.0,"turns":5.0},{"damage":0.0,"enemies":"4 Shapes","floor":48.0,"turns":2.0},{"damage":29,"enemies":"Time Eater","floor":50,"turns":12}],"seed_played":"2994489109497989369","potions_obtained":[{"floor":1.0,"key":"Block Potion"},{"floor":8.0,"key":"Explosive Potion"},{"floor":13.0,"key":"Energy Potion"},{"floor":16.0,"key":"Ancient Potion"},{"floor":20.0,"key":"Explosive Potion"},{"floor":24.0,"key":"SneckoOil"},{"floor":30.0,"key":"Dexterity Potion"},{"floor":35.0,"key":"Swift Potion"},{"floor":44.0,"key":"Regen Potion"}],"is_trial":false,"path_per_floor":["M","M","M","?","M","R","$","E","T","R","E","R","E","M","R","B",null,"M","?","M","M","$","R","E","M","T","R","?","R","M","M","R","B",null,"M","?","$","?","?","R","E","R","T","M","R","M","E","M","R","B",null],"character_chosen":"THE_SILENT","items_purchased":["Poisoned Stab","ClockworkSouvenir","Noxious Fumes"],"campfire_rested":4,"item_purchase_floors":[7,22,37],"current_hp_per_floor":[58,57,56,56,53,53,53,44,44,44,20,39,17,22,41,4,51,42,42,47,29,29,48,48,48,48,48,48,48,51,47,47,40,60,53,56,56,56,56,56,47,47,47,47,47,55,17,17,35,11],"gold":346,"neow_bonus":"BOSS_RELIC","is_daily":false,"chose_seed":false,"campfire_upgraded":8,"win_rate":0.0,"timestamp":1610042776,"path_taken":["M","M","M","?","M","R","$","E","T","R","E","R","E","M","R","BOSS","M","?","M","?","$","R","E","M","T","R","?","R","M","M","R","BOSS","M","?","$","?","?","R","E","R","T","M","R","M","E","?","R","BOSS"],"items_purchased_type":["Card","Relic","Card"],"build_version":"2020-12-22","purchased_purges":3,"victory":true,"max_hp_per_floor":[66,66,66,66,66,66,66,66,66,66,66,66,66,66,66,66,66,66,66,66,66,66,66,66,66,66,66,66,66,66,66,66,66,66,66,66,66,66,63,63,63,63,63,63,63,63,63,63,63,63],"relic_stats":{"Busted Crown":30,"counters":[25,117],"Dead Branch":[21],"Gambling Chip":[7],"Snecko Eye":[85,100,81,75],"Snake Skull":[56],"PreservedInsect":50,"Nloth\u0027s Gift":1,"Kunai":[7],"MawBank":132,"obtain_stats":[{"Astrolabe":0,"Dead Branch":36,"Vajra":11,"Oddly Smooth Stone":24,"Snake Skull":41,"PreservedInsect":43,"Bottled Tornado":9,"MawBank":26,"ClockworkSouvenir":22,"Busted Crown":17,"Gambling Chip":47,"Snecko Eye":34,"WingedGreaves":8,"Nloth\u0027s Gift":19,"Kunai":28,"Toy Ornithopter":13,"Ring of the Snake":0},{"Astrolabe":0,"Dead Branch":19,"Vajra":6,"Oddly Smooth Stone":13,"Snake Skull":20,"PreservedInsect":20,"Bottled Tornado":5,"MawBank":14,"ClockworkSouvenir":12,"Busted Crown":9,"Gambling Chip":23,"Snecko Eye":17,"WingedGreaves":5,"Nloth\u0027s Gift":10,"Kunai":14,"Toy Ornithopter":7,"Ring of the Snake":0},{"Astrolabe":0,"Dead Branch":85,"Vajra":19,"Oddly Smooth Stone":54,"Snake Skull":92,"PreservedInsect":92,"Bottled Tornado":15,"MawBank":57,"ClockworkSouvenir":49,"Busted Crown":35,"Gambling Chip":103,"Snecko Eye":74,"WingedGreaves":15,"Nloth\u0027s Gift":40,"Kunai":57,"Toy Ornithopter":24,"Ring of the Snake":0}],"Toy Ornithopter":35},"card_choices":[{"not_picked":["Skewer","Dagger Throw"],"picked":"Crippling Poison","floor":1.0},{"not_picked":["Flying Knee","Dagger Throw"],"picked":"Backflip","floor":2.0},{"not_picked":["Predator","All Out Attack","Eviscerate"],"picked":"SKIP","floor":3.0},{"not_picked":["Backflip","Caltrops"],"picked":"Bane","floor":5.0},{"not_picked":["Terror","Caltrops"],"picked":"Noxious Fumes","floor":8.0},{"not_picked":["Blur","Endless Agony","Phantasmal Killer"],"picked":"SKIP","floor":11.0},{"not_picked":["Underhanded Strike","Bane"],"picked":"Acrobatics","floor":13.0},{"not_picked":["Underhanded Strike","Backflip","Slice"],"picked":"SKIP","floor":14.0},{"not_picked":["Night Terror","Die Die Die"],"picked":"Wraith Form v2","floor":16.0},{"not_picked":["Slice"],"picked":"SKIP","floor":18.0},{"not_picked":["Distraction"],"picked":"SKIP","floor":20.0},{"not_picked":["Tools of the Trade"],"picked":"SKIP","floor":21.0},{"not_picked":["Infinite Blades"],"picked":"SKIP","floor":24.0},{"not_picked":["Expertise"],"picked":"SKIP","floor":25.0},{"not_picked":[],"picked":"PiercingWail","floor":30.0},{"not_picked":["Backstab"],"picked":"SKIP","floor":31.0},{"not_picked":["Expertise"],"picked":"SKIP","floor":35.0},{"not_picked":[],"picked":"Blur+1","floor":36.0},{"not_picked":["Caltrops"],"picked":"SKIP","floor":41.0},{"not_picked":["Slice"],"picked":"SKIP","floor":44.0},{"not_picked":["Accuracy"],"picked":"SKIP","floor":46.0},{"not_picked":["Cloak And Dagger"],"picked":"SKIP","floor":47.0},{"not_picked":["Expertise"],"picked":"SKIP","floor":48.0}],"player_experience":1717617,"relics_obtained":[{"floor":8.0,"key":"WingedGreaves"},{"floor":9.0,"key":"Bottled Tornado"},{"floor":11.0,"key":"Vajra"},{"floor":13.0,"key":"Toy Ornithopter"},{"floor":24.0,"key":"Oddly Smooth Stone"},{"floor":26.0,"key":"MawBank"},{"floor":36.0,"key":"Dead Branch"},{"floor":41.0,"key":"Snake Skull"},{"floor":43.0,"key":"PreservedInsect"},{"floor":47.0,"key":"Gambling Chip"}],"event_choices":[{"damage_healed":0.0,"max_hp_gain":0.0,"max_hp_loss":0.0,"gold_gain":0.0,"event_name":"Living Wall","player_choice":"Grow","floor":4.0,"gold_loss":0.0,"damage_taken":0.0,"cards_upgraded":["Crippling Poison"]},{"damage_healed":0.0,"max_hp_gain":0.0,"max_hp_loss":0.0,"gold_gain":0.0,"event_name":"N\u0027loth","player_choice":"Traded Relic","floor":19.0,"relics_lost":["Astrolabe"],"gold_loss":0.0,"damage_taken":0.0,"relics_obtained":["Nloth\u0027s Gift"]},{"damage_healed":0.0,"max_hp_gain":0.0,"max_hp_loss":0.0,"gold_gain":0.0,"event_name":"The Mausoleum","player_choice":"Opened","floor":28.0,"gold_loss":0.0,"damage_taken":0.0,"relics_obtained":["Kunai"],"cards_obtained":["Writhe"]},{"damage_healed":0.0,"max_hp_gain":0.0,"max_hp_loss":0.0,"gold_gain":0.0,"event_name":"MindBloom","player_choice":"Fight","floor":36.0,"gold_loss":0.0,"damage_taken":0.0},{"cards_removed":["Defend_G"],"damage_healed":0.0,"max_hp_gain":0.0,"max_hp_loss":0.0,"gold_gain":0.0,"event_name":"Falling","player_choice":"Removed Skill","floor":38.0,"gold_loss":0.0,"damage_taken":0.0},{"damage_healed":0.0,"max_hp_gain":0.0,"max_hp_loss":3.0,"gold_gain":0.0,"event_name":"Winding Halls","player_choice":"Max HP","floor":39.0,"gold_loss":0.0,"damage_taken":0.0}],"is_beta":false,"boss_relics":[{"not_picked":["Runic Dome","Fusion Hammer"],"picked":"Busted Crown"},{"not_picked":["Runic Pyramid","Empty Cage"],"picked":"Snecko Eye"}],"items_purged_floors":[7,22,37],"is_endless":false,"potions_floor_spawned":[1,8,13,16,20,24,30,35,44],"ascension_level":18}}