{"host":"ynimr9ugvc6f046i","time":1610028534,"event":{"mods":["2.2 Compatiblity","BaseMod","Colored Map","DeckTracker","Highlight Path","Keyboard Shortcuts","Minty Spire (QoL Compilation)","Permanent Neow","Quick Restart","StSLib","SuperFastMode"],"gold_per_floor":[20,31,31,46,63,63,77,77,77,77,77,97,122,122,122,201,251,262,279,254,304,320,205,216,216,271,286,298,198,298,330,330,407,407,422,439,457,471,521,521,551,601,601,619,653,665,731,781,781,781,781,781,781,232,263,263,263],"floor_reached":56,"playtime":1683,"items_purged":["Strike_G","Defend_G","Deadly Poison+1"],"score":2141,"play_id":"673ea9d0-9e22-4853-ba22-e10b1b4a0674","local_time":"20210107230854","is_ascension_mode":true,"campfire_choices":[{"data":"Deadly Poison","floor":6.0,"key":"SMITH"},{"data":"Expertise","floor":10.0,"key":"SMITH"},{"floor":15.0,"key":"REST"},{"data":"Reflex","floor":25.0,"key":"SMITH"},{"data":"Calculated Gamble","floor":32.0,"key":"SMITH"},{"data":"Acrobatics","floor":40.0,"key":"SMITH"},{"floor":49.0,"key":"RECALL"},{"data":"Grand Finale","floor":53,"key":"SMITH"}],"circlet_count":0,"master_deck":["AscendersBane","Defend_G+1","Survivor","Grand Finale+1","Acrobatics+1","Escape Plan+1","Expertise+1","Adrenaline+1","Dagger Throw+1","Reflex+1","Backflip","Calculated Gamble+1","Grand Finale+1","Acrobatics+1","Reflex+1","Purity+1"],"relics":["Ring of the Snake","Regal Pillow","Molten Egg 2","InkBottle","SsserpentHead","Tiny House","Ancient Tea Set","Orichalcum","Empty Cage","MealTicket","Toxic Egg 2","War Paint","Happy Flower","Strawberry","Eternal Feather"],"acts_visited":["Exordium","TheCity","TheBeyond","TheEnding"],"potions_floor_usage":[],"damage_taken":[{"damage":6.0,"enemies":"Small Slimes","floor":1.0,"turns":5.0},{"damage":1.0,"enemies":"Cultist","floor":2.0,"turns":4.0},{"damage":2.0,"enemies":"Jaw Worm","floor":4.0,"turns":4.0},{"damage":8.0,"enemies":"Looter","floor":5.0,"turns":4.0},{"damage":4.0,"enemies":"Gremlin Gang","floor":7.0,"turns":7.0},{"damage":2.0,"enemies":"Red Slaver","floor":12.0,"turns":5.0},{"damage":11.0,"enemies":"Gremlin Nob","floor":13.0,"turns":3.0},{"damage":10.0,"enemies":"The Guardian","floor":16.0,"turns":6.0},{"damage":1.0,"enemies":"2 Thieves","floor":18.0,"turns":2.0},{"damage":0.0,"enemies":"3 Byrds","floor":19.0,"turns":2.0},{"damage":0.0,"enemies":"Sentry and Sphere","floor":22.0,"turns":1.0},{"damage":0.0,"enemies":"3 Cultists","floor":24.0,"turns":1.0},{"damage":0.0,"enemies":"Cultist and Chosen","floor":27.0,"turns":3.0},{"damage":0.0,"enemies":"Centurion and Healer","floor":28.0,"turns":2.0},{"damage":0.0,"enemies":"Gremlin Leader","floor":31.0,"turns":2.0},{"damage":0.0,"enemies":"Collector","floor":33.0,"turns":4.0},{"damage":0.0,"enemies":"3 Darklings","floor":35.0,"turns":1.0},{"damage":0.0,"enemies":"3 Shapes","floor":36.0,"turns":1.0},{"damage":0.0,"enemies":"Writhing Mass","floor":37.0,"turns":1.0},{"damage":0.0,"enemies":"3 Darklings","floor":38.0,"turns":1.0},{"damage":0.0,"enemies":"Reptomancer","floor":41.0,"turns":1.0},{"damage":0.0,"enemies":"4 Shapes","floor":44.0,"turns":1.0},{"damage":1.0,"enemies":"Giant Head","floor":45.0,"turns":4.0},{"damage":0.0,"enemies":"Jaw Worm Horde","floor":46.0,"turns":1.0},{"damage":0.0,"enemies":"3 Darklings","floor":47.0,"turns":1.0},{"damage":29.0,"enemies":"Awakened One","floor":50.0,"turns":4.0},{"damage":12,"enemies":"Donu and Deca","floor":51,"turns":3},{"damage":0,"enemies":"Shield and Spear","floor":55,"turns":1},{"damage":63,"enemies":"The Heart","floor":56,"turns":3}],"seed_played":"6012447093573826736","potions_obtained":[{"floor":4.0,"key":"ColorlessPotion"},{"floor":5.0,"key":"EssenceOfSteel"},{"floor":17.0,"key":"Block Potion"},{"floor":22.0,"key":"Swift Potion"},{"floor":31.0,"key":"Strength Potion"},{"floor":37.0,"key":"Dexterity Potion"},{"floor":44.0,"key":"SpeedPotion"},{"floor":45.0,"key":"BlessingOfTheForge"}],"is_trial":false,"path_per_floor":["M","M","?","M","M","R","M","?","T","R","?","M","E","?","R","B",null,"M","M","?","?","M","$","M","R","T","M","M","$","?","E","R","B",null,"M","M","M","M","?","R","E","?","T","M","E","M","M","?","R","B","B",null,"R","$","E","B"],"character_chosen":"THE_SILENT","items_purchased":["Reflex","Happy Flower","Strawberry","Purity+1"],"campfire_rested":1,"item_purchase_floors":[23,54,54,54],"current_hp_per_floor":[53,52,52,50,42,42,38,31,31,31,31,29,18,18,52,42,65,64,64,64,64,64,64,64,64,64,64,64,64,64,64,64,64,69,69,69,69,69,69,69,69,69,69,69,68,68,68,68,68,39,27,60,60,78,78,15,15],"gold":263,"neow_bonus":"REMOVE_TWO","is_daily":false,"chose_seed":false,"campfire_upgraded":6,"win_rate":0.0,"timestamp":1610028534,"path_taken":["M","M","?","?","M","R","M","?","T","R","?","?","E","?","R","BOSS","M","M","?","?","M","$","M","R","T","M","M","$","?","E","R","BOSS","M","M","M","M","?","R","E","?","T","M","E","M","?","?","R","BOSS","BOSS","R","$","E","BOSS"],"items_purchased_type":["Card","Relic","Relic","Card"],"build_version":"2020-12-22","purchased_purges":3,"victory":false,"max_hp_per_floor":[66,66,66,66,66,66,66,66,66,66,66,66,66,66,66,66,71,71,71,71,71,71,71,71,71,71,71,71,71,71,71,71,71,71,71,71,71,71,71,71,71,71,71,71,71,71,71,71,71,71,71,71,71,78,78,78,78],"card_choices":[{"not_picked":["Prepared","Slice"],"picked":"Deadly Poison","floor":1.0},{"not_picked":["Accuracy","Underhanded Strike"],"picked":"Grand Finale","floor":2.0},{"not_picked":["Infinite Blades","PiercingWail"],"picked":"Acrobatics","floor":4.0},{"not_picked":["Caltrops","Outmaneuver"],"picked":"Escape Plan","floor":5.0},{"not_picked":["Infinite Blades","Underhanded Strike"],"picked":"Expertise","floor":7.0},{"not_picked":["Crippling Poison","Cloak And Dagger","Riddle With Holes+1"],"picked":"SKIP","floor":12.0},{"not_picked":["Outmaneuver","Flying Knee+1","Dash+1"],"picked":"SKIP","floor":13.0},{"not_picked":["Storm of Steel","Venomology"],"picked":"Adrenaline","floor":16.0},{"not_picked":["Dagger Spray+1","Bane+1"],"picked":"Dagger Throw+1","floor":17.0},{"not_picked":["Burst","Deflect","Bouncing Flask"],"picked":"SKIP","floor":18.0},{"not_picked":["Deadly Poison","Underhanded Strike+1","Slice+1"],"picked":"SKIP","floor":19.0},{"not_picked":["Bane+1","Crippling Poison","Flying Knee+1"],"picked":"SKIP","floor":22.0},{"not_picked":["Endless Agony+1","Die Die Die+1","Blade Dance+1"],"picked":"SKIP","floor":24.0},{"not_picked":["Sucker Punch+1","Dagger Throw+1"],"picked":"Backflip","floor":27.0},{"not_picked":["Dagger Spray+1","Blade Dance","Infinite Blades"],"picked":"SKIP","floor":28.0},{"not_picked":["Acrobatics","Predator+1"],"picked":"Calculated Gamble","floor":31.0},{"not_picked":["Bullet Time","Wraith Form v2"],"picked":"Grand Finale+1","floor":33.0},{"not_picked":["Deflect","Dodge and Roll+1"],"picked":"Acrobatics+1","floor":35.0},{"not_picked":["Deadly Poison","Setup","Caltrops"],"picked":"SKIP","floor":36.0},{"not_picked":["Noxious Fumes+1","Backflip","Bouncing Flask"],"picked":"SKIP","floor":37.0},{"not_picked":["Blade Dance","Heel Hook+1","Flechettes+1"],"picked":"SKIP","floor":38.0},{"not_picked":["Deadly Poison+1","Phantasmal Killer","Dagger Spray+1"],"picked":"SKIP","floor":41.0},{"not_picked":["Bane+1","Underhanded Strike+1","Crippling Poison+1"],"picked":"SKIP","floor":44.0},{"not_picked":["Deadly Poison+1","Flying Knee+1","Storm of Steel+1"],"picked":"SKIP","floor":45.0},{"not_picked":["Slice+1","Caltrops"],"picked":"Reflex+1","floor":46.0},{"not_picked":["Underhanded Strike+1","Acrobatics+1","Finisher+1"],"picked":"SKIP","floor":47.0},{"not_picked":["Cloak And Dagger+1","Distraction+1","Envenom"],"picked":"SKIP","floor":55}],"player_experience":367339,"relics_obtained":[{"floor":3.0,"key":"Regal Pillow"},{"floor":9.0,"key":"Molten Egg 2"},{"floor":13.0,"key":"InkBottle"},{"floor":26.0,"key":"Ancient Tea Set"},{"floor":31.0,"key":"Orichalcum"},{"floor":41.0,"key":"Darkstone Periapt"},{"floor":43.0,"key":"Toxic Egg 2"},{"floor":45.0,"key":"War Paint"},{"floor":55,"key":"Eternal Feather"}],"event_choices":[{"damage_healed":0.0,"max_hp_gain":0.0,"max_hp_loss":0.0,"gold_gain":0.0,"event_name":"Wheel of Change","player_choice":"Relic","floor":3.0,"gold_loss":0.0,"damage_taken":0.0},{"cards_removed":["Strike_G"],"damage_healed":0.0,"max_hp_gain":0.0,"max_hp_loss":0.0,"gold_gain":0.0,"event_name":"Golden Wing","player_choice":"Card Removal","floor":8.0,"gold_loss":0.0,"damage_taken":7.0},{"damage_healed":0.0,"max_hp_gain":0.0,"max_hp_loss":0.0,"gold_gain":0.0,"event_name":"Match and Keep!","player_choice":"1 cards matched","floor":11.0,"gold_loss":0.0,"damage_taken":0.0,"cards_obtained":["Flying Knee"]},{"damage_healed":0.0,"max_hp_gain":0.0,"max_hp_loss":0.0,"gold_gain":0.0,"event_name":"FaceTrader","player_choice":"Trade","floor":14.0,"gold_loss":0.0,"damage_taken":0.0,"relics_obtained":["SsserpentHead"]},{"cards_removed":["Strike_G"],"damage_healed":0.0,"max_hp_gain":0.0,"max_hp_loss":0.0,"gold_gain":0.0,"event_name":"Beggar","player_choice":"Gave Gold","floor":20.0,"gold_loss":75.0,"damage_taken":0.0},{"cards_removed":["Strike_G"],"damage_healed":0.0,"max_hp_gain":0.0,"max_hp_loss":0.0,"gold_gain":0.0,"event_name":"Back to Basics","player_choice":"Elegance","floor":21.0,"gold_loss":0.0,"damage_taken":0.0},{"damage_healed":0.0,"max_hp_gain":0.0,"max_hp_loss":0.0,"gold_gain":50.0,"event_name":"Nest","player_choice":"Stole From Cult","floor":30.0,"gold_loss":0.0,"damage_taken":0.0},{"damage_healed":0.0,"max_hp_gain":0.0,"max_hp_loss":0.0,"gold_gain":0.0,"event_name":"Tomb of Lord Red Mask","player_choice":"Ignored","floor":39.0,"gold_loss":0.0,"damage_taken":0.0},{"damage_healed":0.0,"max_hp_gain":0.0,"max_hp_loss":0.0,"gold_gain":0.0,"event_name":"WeMeetAgain","player_choice":"Gave Potion","floor":42.0,"gold_loss":0.0,"damage_taken":0.0,"relics_obtained":["MealTicket"]},{"cards_removed":["Neutralize"],"damage_healed":0.0,"max_hp_gain":0.0,"max_hp_loss":0.0,"gold_gain":0.0,"event_name":"Falling","player_choice":"Removed Attack","floor":48.0,"gold_loss":0.0,"damage_taken":0.0}],"is_beta":false,"boss_relics":[{"not_picked":["Black Star","Cursed Key"],"picked":"Tiny House"},{"not_picked":["Ring of the Serpent","Snecko Eye"],"picked":"Empty Cage"}],"items_purged_floors":[23,29,54],"is_endless":false,"potions_floor_spawned":[4,5,7,13,22,24,31,36,37,38,44,45],"killed_by":"The Heart","ascension_level":20}}