{"host":"zntn5kfpqqjb7mu3","time":1610032756,"event":{"mods":["AchievementEnabler","Aspiration","BaseMod","Better-Laid Plans","Colored Map","Colored Powertips","Curses Come First","DNKmod","Friendly Minions","Hermit","Marked Mod","Minty Spire (QoL Compilation)","MostiFishMod","Permanent Neow","Quick Restart","Rare Cards Sparkle","Relic Stats","Remove Card Discount Mod","Replay The Spire","Spicy Shops","StSLib","SuperFastMode","TestMod","Waifu the Spire","vexMod","【遗物卡牌】REMEMod","篝火指南"],"gold_per_floor":[10011,8769,8787,8787,8046,8046,8078,8093,8119,7689,7709,7500,7526,7543,7187,7282,7282,7294,7294,6750,6765,6782,6733,6761,6761,6784,6799,6690,6705,6520,6540,6416,6513,6513,6532,6552,6572,6572,6572,6505,6535,6535,6535,6563,6489,6508,6540,6550,6550,6550,6550,6422,6422,6455,6455],"floor_reached":56,"playtime":2551,"items_purged":["Defend_R","Defend_R","Defend_R","Defend_R","Strike_R","Strike_R","Strike_R","Havoc+1","Bash","Twin Strike","Twin Strike","Decay","Pain","Anger"],"score":2245,"play_id":"8aa9d86e-9594-441b-b1f2-c33615f5ce52","local_time":"20210107231916","is_ascension_mode":true,"campfire_choices":[{"floor":6,"key":"RECALL"},{"floor":49,"key":"REST"}],"circlet_count":0,"master_deck":["Strike_R+2","Strike_R+3","Feed+1","Battle Trance+1","Flex+1","MostiFishMod:NewArrival","Rage+1","Thunderclap+1","Thunderclap+1","Shrug It Off+1","Demon Form+1","Flex+1","Searing Blow+9","MostiFishMod:#F4004","MostiFishMod:PerfectForm+1","MostiFishMod:KnuckleDown+1","Iron Wave+1","Life Link+1","Armaments+1","Shrug It Off+1","Flex+1","MostiFishMod:RacingGame+1","Battle Trance+1","Carnage+1","Heavy Blade+1","Evolve+1","Heavy Blade+1","Heavy Blade+1","MostiFishMod:RacingGame+1","Heavy Blade+1","REME_FirmDetermination+1","Inflame+1","Infernal Blade+1","MostiFishMod:RacingGame+1","Run Through+1","MostiFishMod:RacingGame+1","Sword Boomerang+1","Flex+1","Armaments+1","Pommel Strike+1"],"relics":["Burning Blood","testmod-TestBox","REME_ComplimentaryCards","DaveBox","Civilization","testmod-BloodSacrificeSpiritualization","SynthV:TestCard","BirthdayGift-Tetrahedron","Replay:Baseball","Mango","Toy Ornithopter","testmod-DragonStarHat","King of Hearts","Membership Card","War Paint","Simple Rune","Frozen Egg 2","Replay:Multitool","Strawberry","Regal Pillow","MutagenicStrength","Onion Ring","Brimstone","Prayer Wheel","Bottled Tornado","Bag of Marbles","ReplayTheSpireMod:TigerMarble","Sling","DollysMirror","Blue Doll","Matryoshka","Snack Pack","Bag of Preparation","Whetstone","Oddly Smooth Stone","ReplayTheSpireMod:Spearhead","Potion Belt","REME_LimitBreaker"],"acts_visited":["Exordium","TheCity","TheBeyond","TheEnding"],"potions_floor_usage":[16,16,24,24,36,55,55,55],"damage_taken":[{"damage":0,"enemies":"Cultist","floor":1,"turns":2},{"damage":9,"enemies":"Small Slimes","floor":3,"turns":1},{"damage":11,"enemies":"Lagavulin","floor":7,"turns":2},{"damage":10,"enemies":"2 Louse","floor":8,"turns":1},{"damage":10,"enemies":"Looter","floor":11,"turns":1},{"damage":11,"enemies":"Gremlin Nob","floor":13,"turns":1},{"damage":12,"enemies":"Red Slaver","floor":14,"turns":1},{"damage":19,"enemies":"Fading Forest","floor":16,"turns":4},{"damage":15,"enemies":"Spheric Guardian","floor":18,"turns":1},{"damage":16,"enemies":"Chosen","floor":21,"turns":1},{"damage":19,"enemies":"Centurion and Healer","floor":22,"turns":2},{"damage":21,"enemies":"Gremlin Leader","floor":24,"turns":2},{"damage":21,"enemies":"Snake Plant","floor":27,"turns":1},{"damage":22,"enemies":"Cultist and Chosen","floor":29,"turns":1},{"damage":24,"enemies":"Centurion and Healer","floor":31,"turns":1},{"damage":29,"enemies":"Automaton","floor":33,"turns":2},{"damage":29,"enemies":"Orb Walker","floor":35,"turns":1},{"damage":34,"enemies":"3 Shapes","floor":36,"turns":2},{"damage":37,"enemies":"Transient","floor":37,"turns":2},{"damage":38,"enemies":"Nemesis","floor":41,"turns":1},{"damage":41,"enemies":"R_Hoarder","floor":44,"turns":1},{"damage":44,"enemies":"Jaw Worm Horde","floor":46,"turns":1},{"damage":47,"enemies":"Reptomancer","floor":47,"turns":1},{"damage":51,"enemies":"Writhing Mass","floor":48,"turns":1},{"damage":67,"enemies":"Donu and Deca","floor":50,"turns":7},{"damage":60,"enemies":"Shield and Spear","floor":54,"turns":1},{"damage":70,"enemies":"The Heart","floor":55,"turns":4}],"seed_played":"-3933244553081873875","potions_obtained":[{"floor":3,"key":"BlessingOfTheForge"},{"floor":11,"key":"SneckoOil"},{"floor":13,"key":"AttackPotion"},{"floor":18,"key":"Languid Potion"},{"floor":24,"key":"Languid Potion"},{"floor":29,"key":"DistilledChaos"},{"floor":31,"key":"PowerPotion"},{"floor":35,"key":"Energy Potion"},{"floor":36,"key":"Adrenaline Potion"}],"is_trial":false,"path_per_floor":["M","$","M","?","$","R","E","M","T","R","M","R","E","M","R","B",null,"M","?","$","M","M","R","E","?","T","M","R","M","R","M","R_BF","B",null,"M","M","M","?","?","R","E","$","T","E","$","M","E","M","R","B",null,"R","$","E","B",null],"character_chosen":"IRONCLAD","items_purchased":["BirthdayGift-Tetrahedron","Flex","Twin Strike","Rage","Thunderclap","Replay:Baseball","Mango","Toy Ornithopter","King of Hearts","Membership Card","Flex","Havoc+1","War Paint","Simple Rune","Frozen Egg 2","Strawberry","Regal Pillow","MostiFishMod:#F4004","MostiFishMod:PerfectForm+1","Onion Ring","Brimstone","Prayer Wheel","Life Link+1","Armaments","Bottled Tornado","Carnage","Heavy Blade","Sling","DollysMirror","Blue Doll","REME_FirmDetermination+1","Inflame+1","Infernal Blade+1","Matryoshka","Snack Pack","Armaments+1","Potion Belt","REME_LimitBreaker"],"campfire_rested":1,"item_purchase_floors":[2,2,2,5,5,5,5,5,10,10,10,10,10,12,12,15,15,15,15,20,20,20,20,20,20,23,23,28,28,30,30,30,30,32,40,40,45,52],"current_hp_per_floor":[79,79,79,79,93,93,92,94,94,94,97,97,100,103,110,119,143,147,147,147,151,154,154,166,211,211,214,214,218,218,222,222,224,278,281,287,286,248,286,286,285,285,285,284,284,283,280,274,455,439,561,561,561,550,551],"gold":6455,"neow_bonus":"ONE_RANDOM_RARE_CARD","is_daily":false,"chose_seed":false,"campfire_upgraded":0,"win_rate":0.0,"timestamp":1610032756,"path_taken":["M","?","M","?","$","R","E","M","T","R","M","R","E","M","R","BOSS","M","?","$","M","M","R","E","?","T","M","R","?","R","M","R_BF","BOSS","M","M","?","?","?","R","E","$","T","E","$","M","E","M","R","BOSS","R","$","E","BOSS"],"items_purchased_type":["Relic","Card","Card","Card","Card","Relic","Relic","Relic","Relic","Relic","Card","Card","Relic","Relic","Relic","Relic","Relic","Card","Card","Relic","Relic","Relic","Card","Card","Relic","Card","Card","Relic","Relic","Relic","Card","Card","Card","Relic","Relic","Card","Relic","Relic"],"build_version":"2020-12-22","purchased_purges":14,"victory":true,"max_hp_per_floor":[81,81,84,84,98,98,102,108,108,108,115,115,123,132,139,151,151,164,164,164,178,194,194,211,211,211,229,229,249,249,271,271,296,296,322,351,381,381,381,381,412,412,412,444,444,479,517,556,556,601,601,601,601,644,688],"relic_stats":{"Regal Pillow":15,"counters":[27,46],"Prayer Wheel":10,"Bag of Preparation":[14],"Whetstone":["Feed","Strike_R"],"War Paint":["Rage","Shrug It Off"],"obtain_stats":[{"Regal Pillow":15,"DaveBox":0,"Mango":5,"Blue Doll":30,"King of Hearts":10,"Replay:Multitool":13,"Bag of Preparation":41,"testmod-BloodSacrificeSpiritualization":0,"Whetstone":43,"Bottled Tornado":20,"Sling":28,"Burning Blood":0,"Civilization":0,"Matryoshka":32,"DollysMirror":28,"Strawberry":15,"Prayer Wheel":20,"testmod-DragonStarHat":7,"BirthdayGift-Tetrahedron":2,"Potion Belt":45,"testmod-TestBox":0,"Oddly Smooth Stone":43,"War Paint":10,"Frozen Egg 2":12,"REME_LimitBreaker":52,"Replay:Baseball":5,"ReplayTheSpireMod:Spearhead":44,"SynthV:TestCard":1,"Brimstone":20,"MutagenicStrength":19,"Simple Rune":12,"Onion Ring":20,"Bag of Marbles":24,"ReplayTheSpireMod:TigerMarble":26,"Snack Pack":40,"Membership Card":10,"Toy Ornithopter":5,"REME_ComplimentaryCards":0},{"Regal Pillow":7,"DaveBox":0,"Mango":2,"Blue Doll":14,"King of Hearts":4,"Replay:Multitool":6,"Bag of Preparation":20,"testmod-BloodSacrificeSpiritualization":0,"Whetstone":20,"Bottled Tornado":9,"Sling":13,"Burning Blood":0,"Civilization":0,"Matryoshka":15,"DollysMirror":13,"Strawberry":7,"Prayer Wheel":9,"testmod-DragonStarHat":3,"BirthdayGift-Tetrahedron":1,"Potion Belt":21,"testmod-TestBox":0,"Oddly Smooth Stone":20,"War Paint":4,"Frozen Egg 2":5,"REME_LimitBreaker":25,"Replay:Baseball":2,"ReplayTheSpireMod:Spearhead":21,"SynthV:TestCard":1,"Brimstone":9,"MutagenicStrength":9,"Simple Rune":5,"Onion Ring":9,"Bag of Marbles":12,"ReplayTheSpireMod:TigerMarble":12,"Snack Pack":19,"Membership Card":4,"Toy Ornithopter":2,"REME_ComplimentaryCards":0},{"Regal Pillow":9,"DaveBox":0,"Mango":3,"Blue Doll":21,"King of Hearts":6,"Replay:Multitool":8,"Bag of Preparation":30,"testmod-BloodSacrificeSpiritualization":0,"Whetstone":30,"Bottled Tornado":14,"Sling":20,"Burning Blood":0,"Civilization":0,"Matryoshka":22,"DollysMirror":20,"Strawberry":9,"Prayer Wheel":14,"testmod-DragonStarHat":5,"BirthdayGift-Tetrahedron":2,"Potion Belt":31,"testmod-TestBox":0,"Oddly Smooth Stone":30,"War Paint":6,"Frozen Egg 2":7,"REME_LimitBreaker":41,"Replay:Baseball":3,"ReplayTheSpireMod:Spearhead":31,"SynthV:TestCard":2,"Brimstone":14,"MutagenicStrength":14,"Simple Rune":7,"Onion Ring":14,"Bag of Marbles":19,"ReplayTheSpireMod:TigerMarble":19,"Snack Pack":29,"Membership Card":6,"Toy Ornithopter":3,"REME_ComplimentaryCards":0}],"Burning Blood":162,"Toy Ornithopter":40},"card_choices":[{"not_picked":["Body Slam","Flame Barrier"],"picked":"Anger","floor":1},{"not_picked":["Shrug It Off","Sentinel","Sword Boomerang","Sever Soul"],"picked":"MostiFishMod:NewArrival","floor":3},{"not_picked":["Anger","Demonic Infusion","Havoc","Fire Breathing"],"picked":"Shrug It Off","floor":7},{"not_picked":["Headbutt","Armaments","Body Slam","Flex"],"picked":"Demon Form","floor":8},{"not_picked":["Anger","Abandon","Wild Strike","Dual Wield"],"picked":"Searing Blow","floor":11},{"not_picked":["Hemokinesis","Sword Boomerang","Havoc","Disarm","ReplayTheSpireMod:Limb From Limb"],"picked":"SKIP","floor":13},{"not_picked":["Power Through","Warcry","True Grit","Run Through","Second Wind"],"picked":"SKIP","floor":14},{"not_picked":["Exhume","MostiFishMod:FireWorks","MostiFishMod:UltimateDefense","Corruption+1"],"picked":"MostiFishMod:KnuckleDown","floor":16},{"not_picked":["Body Slam","Havoc","Wild Strike+1","Headbutt+1"],"picked":"Iron Wave+1","floor":18},{"not_picked":["MostiFishMod:#F4004","Run Through+1","ReplayTheSpireMod:Stacked","Sword Boomerang"],"picked":"Shrug It Off+1","floor":21},{"not_picked":["Evolve+1","Whirlwind","Replay:Undeath\u0027s Touch","Rage"],"picked":"Flex","floor":21},{"not_picked":["Disarm","Uppercut","Warcry","Heavy Blade"],"picked":"MostiFishMod:RacingGame","floor":22},{"not_picked":["Armaments","Havoc+1","Feel No Pain+1","Wild Strike+1"],"picked":"Battle Trance","floor":22},{"not_picked":["Combust+1","Bloodletting","Shockwave","Replay:Undeath\u0027s Touch"],"picked":"Evolve+1","floor":24},{"not_picked":["Pommel Strike","Run Through","Shrug It Off","Life Link+1"],"picked":"Heavy Blade","floor":27},{"not_picked":["Power Through+1","Wild Strike+1","Warcry","Shockwave"],"picked":"Heavy Blade+1","floor":27},{"not_picked":["True Grit","Warcry","Ghostly Armor","Clash+1"],"picked":"Heavy Blade+1","floor":29},{"not_picked":["Rupture+1","Defy Death","Second Wind","Armaments","Rampage"],"picked":"SKIP","floor":29},{"not_picked":["ReplayTheSpireMod:Limb From Limb","True Grit","Thunderclap","Bloodletting"],"picked":"MostiFishMod:RacingGame","floor":31},{"not_picked":["Havoc","Infernal Blade","ReplayReversal","Warcry"],"picked":"Run Through+1","floor":31},{"not_picked":["Feed","MostiFishMod:UltimateDefense","Corruption+1","MostiFishMod:Chiaki"],"picked":"MostiFishMod:RacingGame","floor":33},{"not_picked":["Headbutt","Dropkick+1","REME_Scribble","Warcry","Carnage"],"picked":"SKIP","floor":35},{"not_picked":["True Grit+1","Sword Boomerang","Body Slam+1","Run Through","Defy Death+1"],"picked":"SKIP","floor":35},{"not_picked":["Burning Pact","Rage","ReplayTheSpireMod:Muscle Training","Shrug It Off+1"],"picked":"Sword Boomerang+1","floor":36},{"not_picked":["Searing Blow+1","Twin Strike","Armaments","Power Through","Clothesline"],"picked":"SKIP","floor":36},{"not_picked":["Life Link+1","Body Slam+1","ReplayTheSpireMod:LeadingStrike","Clash+1"],"picked":"Flex+1","floor":37},{"not_picked":["Bloodletting+1","Anger","Heavy Blade","ReplayTheSpireMod:Strike From Hell","MostiFishMod:FireWorks"],"picked":"SKIP","floor":37},{"not_picked":["Fire Breathing+1","True Grit+1","Sword Boomerang","Clash","Flame Barrier+1"],"picked":"SKIP","floor":41},{"not_picked":["ReplayTheSpireMod:Limb From Limb","REME_ACTH","Rupture+1","Replay:Undeath\u0027s Touch","Clash"],"picked":"SKIP","floor":44},{"not_picked":["ReplayTheSpireMod:Stacked","Blood for Blood","Iron Wave+1","MostiFishMod:#F4004"],"picked":"Pommel Strike+1","floor":46},{"not_picked":["Havoc+1","MostiFishMod:FireWorks","Body Slam","True Grit+1","Headbutt+1"],"picked":"SKIP","floor":46},{"not_picked":["MostiFishMod:UltimateDefense","Infernal Blade","Uppercut+1","Defy Death","Life Link+1"],"picked":"SKIP","floor":47},{"not_picked":["Cleave+1","True Grit","Warcry+1","Iron Wave","Perfected Strike+1"],"picked":"SKIP","floor":48},{"not_picked":["Evolve+1","Havoc","Defy Death","ReplayTheSpireMod:Strike From Hell","REME_Scribble"],"picked":"SKIP","floor":48},{"not_picked":["Iron Wave","Brutality+1","Uppercut","Wild Strike","Clothesline"],"picked":"SKIP","floor":54}],"player_experience":63599,"relics_obtained":[{"floor":1,"key":"SynthV:TestCard"},{"floor":7,"key":"testmod-DragonStarHat"},{"floor":13,"key":"Replay:Multitool"},{"floor":24,"key":"Bag of Marbles"},{"floor":26,"key":"ReplayTheSpireMod:TigerMarble"},{"floor":41,"key":"Bag of Preparation"},{"floor":43,"key":"Whetstone"},{"floor":43,"key":"Oddly Smooth Stone"},{"floor":44,"key":"ReplayTheSpireMod:Spearhead"}],"event_choices":[{"damage_healed":0,"gold_gain":0,"player_choice":"Grow","damage_taken":0,"max_hp_gain":0,"max_hp_loss":0,"event_name":"Living Wall","floor":4,"gold_loss":0,"cards_upgraded":["Battle Trance"]},{"damage_healed":0,"gold_gain":0,"player_choice":"Inject Mutagens","damage_taken":0,"relics_obtained":["MutagenicStrength"],"max_hp_gain":0,"max_hp_loss":0,"event_name":"Drug Dealer","floor":19,"gold_loss":0},{"damage_healed":45,"gold_gain":0,"player_choice":"Full Heal","damage_taken":0,"max_hp_gain":0,"max_hp_loss":0,"event_name":"Wheel of Change","floor":25,"gold_loss":0},{"damage_healed":0,"gold_gain":0,"player_choice":"Ignored","damage_taken":38,"max_hp_gain":0,"max_hp_loss":0,"event_name":"恩洛斯的盘子","floor":38,"gold_loss":0}],"is_beta":false,"boss_relics":[{"not_picked":["Snecko Eye","Honey Jar","TakeMeEscape"]},{"not_picked":["Busted Crown","ReplayTheSpireMod:DimensionalGlitch","Kintsugi"]}],"items_purged_floors":[10,10,10,10,12,12,12,23,23,28,28,30,40,40],"is_endless":false,"potions_floor_spawned":[3,11,13,18,24,29,31,35,36],"ascension_level":6}}