{"host":"ppgxiu8l5yxvf2gn","time":1610036894,"event":{"mods":["BaseMod","Koishi","Marisa£¨Ùöéë¡¡Øª×âÞÞ£©","Minty Spire (QoL Compilation)","StSLib","Td1madao Mod","The Gatherer","WarShipGirlsR/??á´Ò³R mod"],"gold_per_floor":[9171,9184,9184,9200,9200,9225,9243,8380,8380,8409,8409,8434,8453,8480,8480,8577,8577,8594,8594,8621,8639,7934,7934,7968,7984,8008,8039,8053,8065,8092,8092,8092,8195,8195,8205,8250,8250,8265,8487,8487,8515,8526,8596,7700,7735,7750,7766,7766,7766],"floor_reached":48,"playtime":2835,"items_purged":["Regret","Parasite"],"score":804,"play_id":"aa773f95-3450-4059-9d7f-dbbfc8dc1efc","local_time":"20210108012814","is_ascension_mode":true,"campfire_choices":[{"floor":11,"key":"RECALL"},{"floor":15,"key":"REST"},{"data":"rmod:chargemoney","floor":23,"key":"SMITH"},{"data":"rmod:aluminumsupply","floor":32,"key":"SMITH"},{"data":"MasterReality","floor":40,"key":"SMITH"}],"circlet_count":0,"master_deck":["rmod:strick","rmod:strick+1","rmod:defend","rmod:defend+1","rmod:defend","rmod:defend","rmod:basicallowance","rmod:maingunfire","rmod:gendarmerie+1","rmod:aluminumsupply+1","rmod:intelligenceanalysis","rmod:ammunitionsupply+1","rmod:diamondstrike","rmod:openingtorpedo+1","rmod:overbreakdown","rmod:acesubmarine","rmod:chargemoney+1","Self Repair","Koishi:StingingMind","NonDirectionalLaser","Deflect","MasterReality+1","Prepared+1","rmod:expedition","rmod:openingtorpedo+1","Sadistic Nature","Blind","Crippling Poison","FlyingSleeves","rmod:aggressivemary+1","Writhe","rmod:secretscript","CurseOfTheBell","Madness","Madness","Here Defend Chip","Dark Shackles","Secret Technique","Metamorphosis","Gatherer:EnergyBasket+1","rmod:circuitoustactics+1"],"relics":["rmod:firstchargereward","Bag of Preparation","Whetstone","Pear","PrismaticShard","Odd Mushroom","InkBottle","Letter Opener","Busted Crown","Red Mask","Dream Catcher","Regal Pillow","DollysMirror","Happy Flower","Pen Nib","Gremlin Horn","Shuriken","Toy Ornithopter","Calling Bell","Oddly Smooth Stone","Ornamental Fan","StoneCalendar","Bird Faced Urn","Mummified Hand","Question Card","ClockworkSouvenir","Eternal Feather","Bag of Marbles","Omamori"],"acts_visited":["Exordium","TheCity","TheBeyond"],"potions_floor_usage":[16,24,30,33,33,45,45,46,47,48],"damage_taken":[{"damage":8,"enemies":"Small Slimes","floor":1,"turns":4},{"damage":2,"enemies":"2 Louse","floor":2,"turns":2},{"damage":1,"enemies":"Jaw Worm","floor":4,"turns":4},{"damage":13,"enemies":"Lagavulin","floor":6,"turns":7},{"damage":4,"enemies":"Blue Slaver","floor":7,"turns":3},{"damage":6,"enemies":"The Mushroom Lair","floor":10,"turns":3},{"damage":4,"enemies":"Gremlin Nob","floor":12,"turns":3},{"damage":0,"enemies":"Exordium Thugs","floor":13,"turns":2},{"damage":18,"enemies":"Lagavulin","floor":14,"turns":3},{"damage":0,"enemies":"Slime Boss","floor":16,"turns":7},{"damage":0,"enemies":"2 Thieves","floor":18,"turns":2},{"damage":0,"enemies":"Masked Bandits","floor":20,"turns":3},{"damage":5,"enemies":"3 Byrds","floor":21,"turns":4},{"damage":4,"enemies":"Slavers","floor":24,"turns":3},{"damage":0,"enemies":"Snake Plant","floor":25,"turns":3},{"damage":0,"enemies":"Gremlin Leader","floor":27,"turns":3},{"damage":0,"enemies":"Shelled Parasite and Fungi","floor":28,"turns":3},{"damage":0,"enemies":"Snecko","floor":29,"turns":2},{"damage":8,"enemies":"Book of Stabbing","floor":30,"turns":4},{"damage":10,"enemies":"Automaton","floor":33,"turns":7},{"damage":15,"enemies":"Orb Walker","floor":35,"turns":4},{"damage":24,"enemies":"2 Orb Walkers","floor":36,"turns":3},{"damage":14,"enemies":"3 Darklings","floor":38,"turns":3},{"damage":5,"enemies":"Giant Head","floor":41,"turns":6},{"damage":18,"enemies":"Writhing Mass","floor":42,"turns":5},{"damage":68,"enemies":"Nemesis","floor":45,"turns":8},{"damage":35,"enemies":"Maw","floor":46,"turns":6},{"damage":31,"enemies":"4 Shapes","floor":47,"turns":3},{"damage":22,"enemies":"Reptomancer","floor":48,"turns":2}],"seed_played":"-8132493261506105333","potions_obtained":[{"floor":2,"key":"DistilledChaos"},{"floor":4,"key":"ColorlessPotion"},{"floor":12,"key":"SteroidPotion"},{"floor":14,"key":"ColorlessPotion"},{"floor":20,"key":"DistilledChaos"},{"floor":25,"key":"LiquidBronze"},{"floor":30,"key":"Weak Potion"},{"floor":33,"key":"AttackPotion"},{"floor":41,"key":"BlessingOfTheForge"},{"floor":45,"key":"FearPotion"},{"floor":47,"key":"Strength Potion"}],"is_trial":false,"path_per_floor":["M","M","?","M","?","E","M","$","T","?","R","E","M","E","R","B",null,"M","?","?","M","$","R","E","M","T","E","M","M","E","?","R","B",null,"M","?","?","M","?","R","E","M","T","$","E","M","M","E"],"character_chosen":"PRAEFECT","items_purchased":["rmod:acesubmarine","rmod:chargemoney","Whetstone","Pear","PrismaticShard","Dream Catcher","Regal Pillow","DollysMirror","Sadistic Nature","Blind","ClockworkSouvenir","Eternal Feather","Bag of Marbles","Dark Shackles","Secret Technique"],"campfire_rested":1,"item_purchase_floors":[8,8,8,8,8,22,22,22,22,22,44,44,44,44,44],"current_hp_per_floor":[67,65,65,64,49,36,32,42,42,36,36,42,49,42,67,74,85,85,85,85,85,85,85,85,85,85,85,85,85,84,84,84,85,85,77,64,53,49,49,49,65,72,72,72,39,32,10,0,0],"gold":7766,"neow_bonus":"TRANSFORM_TWO_CARDS","is_daily":false,"chose_seed":false,"campfire_upgraded":3,"win_rate":0.0,"timestamp":1610036894,"path_taken":["M","M","?","M","?","E","M","$","T","?","R","E","M","E","R","BOSS","M","?","?","M","$","R","E","M","T","E","M","M","E","?","R","BOSS","M","?","?","M","?","R","E","M","T","$","E","M","M","E"],"items_purchased_type":["Card","Card","Relic","Relic","Relic","Relic","Relic","Relic","Card","Card","Relic","Relic","Relic","Card","Card"],"build_version":"2020-12-22","purchased_purges":2,"victory":false,"max_hp_per_floor":[75,75,75,75,75,75,75,85,85,85,85,85,85,85,85,85,85,85,85,85,85,85,85,85,85,85,85,85,85,85,85,85,85,85,85,85,85,85,85,85,85,85,85,82,82,82,82,82,82],"card_choices":[{"not_picked":["rmod:tearstotiara","rmod:launchingtorpedo"],"picked":"rmod:intelligenceanalysis","floor":1},{"not_picked":["rmod:supportescort","rmod:robin"],"picked":"rmod:ammunitionsupply","floor":2},{"not_picked":["rmod:advancebysurprise","rmod:unsinkable"],"picked":"rmod:diamondstrike","floor":4},{"not_picked":["rmod:steelsupply","rmod:rockthrower"],"picked":"rmod:openingtorpedo","floor":6},{"not_picked":["rmod:aviationdawn","rmod:supportescort"],"picked":"rmod:overbreakdown","floor":7},{"not_picked":["Reinforcement Parts","WreathOfFlame"],"picked":"Self Repair","floor":10},{"not_picked":["rmod:rockthrower","Data Freezing"],"picked":"Koishi:StingingMind","floor":12},{"not_picked":["Judgment","SignatureMove"],"picked":"NonDirectionalLaser","floor":13},{"not_picked":["Reprogram","Gatherer:TacticalStrike"],"picked":"Deflect","floor":14},{"not_picked":["rmod:acesubmarine","Retrieval Recycling"],"picked":"MasterReality","floor":16},{"not_picked":[],"picked":"Prepared+1","floor":18},{"not_picked":[],"picked":"rmod:expedition","floor":20},{"not_picked":["Tempest"],"picked":"SKIP","floor":21},{"not_picked":["Koishi:GeneticsOfTheUnconscious"],"picked":"SKIP","floor":24},{"not_picked":[],"picked":"Crippling Poison","floor":25},{"not_picked":[],"picked":"FlyingSleeves","floor":27},{"not_picked":[],"picked":"rmod:aggressivemary+1","floor":28},{"not_picked":["Rupture"],"picked":"SKIP","floor":29},{"not_picked":["Gatherer:SaveValuables+1"],"picked":"SKIP","floor":30},{"not_picked":[],"picked":"rmod:secretscript","floor":33},{"not_picked":["EarthLightRay+1"],"picked":"SKIP","floor":35},{"not_picked":["Koishi:RorschachInDanmaku"],"picked":"SKIP","floor":38},{"not_picked":[],"picked":"Here Defend Chip","floor":41},{"not_picked":["Perfected Strike"],"picked":"SKIP","floor":42},{"not_picked":["Gatherer:Transmute+1"],"picked":"Metamorphosis","floor":45},{"not_picked":["WitchOfGreed"],"picked":"Gatherer:EnergyBasket+1","floor":46},{"not_picked":["OneTimeOff"],"picked":"rmod:circuitoustactics+1","floor":47}],"player_experience":77836,"relics_obtained":[{"floor":6,"key":"Bag of Preparation"},{"floor":10,"key":"Odd Mushroom"},{"floor":12,"key":"InkBottle"},{"floor":14,"key":"Letter Opener"},{"floor":20,"key":"Red Mask"},{"floor":24,"key":"Happy Flower"},{"floor":26,"key":"Pen Nib"},{"floor":27,"key":"Gremlin Horn"},{"floor":30,"key":"Shuriken"},{"floor":34,"key":"Oddly Smooth Stone"},{"floor":34,"key":"Ornamental Fan"},{"floor":34,"key":"StoneCalendar"},{"floor":36,"key":"Bird Faced Urn"},{"floor":41,"key":"Mummified Hand"},{"floor":43,"key":"Question Card"},{"floor":45,"key":"Omamori"}],"event_choices":[{"damage_healed":0,"gold_gain":0,"player_choice":"Grow","damage_taken":0,"max_hp_gain":0,"max_hp_loss":0,"event_name":"Living Wall","floor":3,"gold_loss":0,"cards_upgraded":["rmod:ammunitionsupply"]},{"damage_healed":0,"gold_gain":0,"player_choice":"Entered Light","damage_taken":15,"max_hp_gain":0,"max_hp_loss":0,"event_name":"Shining Light","floor":5,"gold_loss":0,"cards_upgraded":["rmod:defend","rmod:gendarmerie"]},{"damage_healed":0,"gold_gain":0,"player_choice":"Fought Mushrooms","damage_taken":0,"max_hp_gain":0,"max_hp_loss":0,"event_name":"Mushrooms","floor":10,"gold_loss":0},{"damage_healed":0,"gold_gain":0,"player_choice":"Ignored","damage_taken":0,"max_hp_gain":0,"max_hp_loss":0,"event_name":"Ghosts","floor":19,"gold_loss":0},{"damage_healed":0,"gold_gain":0,"player_choice":"Fought Bandits","damage_taken":0,"max_hp_gain":0,"max_hp_loss":0,"event_name":"Masked Bandits","floor":20,"gold_loss":0},{"damage_healed":0,"gold_gain":0,"player_choice":"Opened","damage_taken":0,"relics_obtained":["Toy Ornithopter"],"max_hp_gain":0,"max_hp_loss":0,"event_name":"The Mausoleum","floor":31,"gold_loss":0,"cards_obtained":["Writhe"]},{"damage_healed":0,"gold_gain":0,"player_choice":"Fight","damage_taken":0,"max_hp_gain":0,"max_hp_loss":0,"event_name":"Mysterious Sphere","floor":36,"gold_loss":0},{"damage_healed":0,"gold_gain":0,"player_choice":"Embrace Madness","damage_taken":11,"max_hp_gain":0,"max_hp_loss":0,"event_name":"Winding Halls","floor":37,"gold_loss":0,"cards_obtained":["Madness","Madness"]},{"damage_healed":0,"gold_gain":222,"player_choice":"Wore Mask","damage_taken":0,"max_hp_gain":0,"max_hp_loss":0,"event_name":"Tomb of Lord Red Mask","floor":39,"gold_loss":0}],"is_beta":false,"boss_relics":[{"not_picked":["rmod:monthlycard","Sozu"],"picked":"Busted Crown"},{"not_picked":["Fusion Hammer","Philosopher\u0027s Stone"],"picked":"Calling Bell"}],"items_purged_floors":[8,44],"is_endless":false,"potions_floor_spawned":[2,4,12,13,14,20,25,27,30,33,41,45,47],"killed_by":"Reptomancer","ascension_level":1}}