{"host":"gk5m6v7zec9neb0j","time":1610002941,"event":{"mods":["AchievementEnabler","AlwaysNeverKeys","BaseMod","BetterRewards","Block Reminder","Minty Spire (QoL Compilation)","Rare Cards Sparkle","Relic Stats","StSLib"],"gold_per_floor":[113,63,63,63,88,88,129,143,218,231,231,247,260,260,260,384,447,460,735,759,373,396,85,85,85],"floor_reached":24,"playtime":626,"items_purged":["Strike_B","Strike_B","Regret"],"score":223,"play_id":"3fb72b0f-a900-430b-a4d4-fa8f3abcd712","local_time":"20210107020221","is_ascension_mode":false,"campfire_choices":[{"floor":6,"key":"REST"},{"floor":11,"key":"REST"},{"floor":15,"key":"REST"}],"circlet_count":0,"master_deck":["Strike_B","Strike_B","Defend_B","Defend_B","Defend_B","Zap","Dualcast","Gash+1","Swift Strike","Leap","Beam Cell","Go for the Eyes","Reprogram","Machine Learning","Rebound"],"relics":["Cracked Core","Bronze Scales","Mango","Kunai","Gambling Chip","Chemical X","Golden Idol","Happy Flower","Question Card","Tiny House","Mummified Hand","Calipers"],"acts_visited":["Exordium","TheCity"],"potions_floor_usage":[20],"damage_taken":[{"damage":0,"enemies":"Cultist","floor":1,"turns":2},{"damage":1,"enemies":"Jaw Worm","floor":5,"turns":2},{"damage":37,"enemies":"3 Sentries","floor":7,"turns":8},{"damage":3,"enemies":"Small Slimes","floor":8,"turns":2},{"damage":2,"enemies":"Blue Slaver","floor":10,"turns":3},{"damage":1,"enemies":"Red Slaver","floor":12,"turns":2},{"damage":0,"enemies":"2 Fungi Beasts","floor":13,"turns":3},{"damage":13,"enemies":"The Guardian","floor":16,"turns":14},{"damage":14,"enemies":"2 Thieves","floor":18,"turns":4},{"damage":12,"enemies":"Spheric Guardian","floor":20,"turns":3},{"damage":16,"enemies":"Snake Plant","floor":22,"turns":5},{"damage":58,"enemies":"Slavers","floor":24,"turns":3}],"seed_played":"1447832525522219832","potions_obtained":[{"floor":5,"key":"Ancient Potion"},{"floor":12,"key":"PotionOfCapacity"},{"floor":17,"key":"ColorlessPotion"}],"is_trial":false,"path_per_floor":["M","?","?","$","M","R","E","M","T","M","R","M","M","?","R","B",null,"M","?","M","$","M","$","E"],"character_chosen":"DEFECT","items_purchased":["Bronze Scales","Kunai","Gash","Chemical X","Swift Strike","Mummified Hand","Calipers"],"campfire_rested":3,"item_purchase_floors":[0,0,0,0,0,21,23],"current_hp_per_floor":[42,42,20,20,19,45,8,5,5,3,29,28,28,57,83,70,94,80,80,68,68,52,52,0,0],"gold":85,"neow_bonus":"","is_daily":false,"chose_seed":false,"campfire_upgraded":0,"win_rate":0.0,"timestamp":1610002941,"path_taken":["M","?","?","$","M","R","E","M","T","M","R","M","M","?","R","BOSS","M","?","?","$","M","$","E"],"items_purchased_type":["Relic","Relic","Card","Relic","Card","Relic","Relic"],"build_version":"2020-12-22","purchased_purges":3,"victory":false,"max_hp_per_floor":[89,89,89,89,89,89,89,89,89,89,89,89,89,89,89,89,94,94,94,94,94,94,94,94,94],"relic_stats":{"Happy Flower":[24],"counters":[42,182],"Golden Idol":76,"Mummified Hand":[193],"Bronze Scales":[167],"Gambling Chip":[16],"Kunai":[195],"Chemical X":[1],"Question Card":8,"obtain_stats":[{"Inserter":34,"Tiny House":17,"Calipers":23,"Happy Flower":45,"Golden Idol":3,"Blue Candle":43,"Mango":0,"PreservedInsect":40,"Runic Capacitor":0,"War Paint":54,"Question Card":9,"Mercury Hourglass":9,"CaptainsWheel":11,"HornCleat":42,"Mummified Hand":25,"Bronze Scales":0,"Gambling Chip":0,"Kunai":0,"Chemical X":0,"Cracked Core":0,"Symbiotic Virus":26,"StrikeDummy":47},{"Inserter":15,"Tiny House":38,"Calipers":41,"Happy Flower":24,"Golden Idol":31,"Blue Candle":22,"Mango":30,"PreservedInsect":20,"Runic Capacitor":0,"War Paint":29,"Question Card":34,"Mercury Hourglass":5,"CaptainsWheel":6,"HornCleat":22,"Mummified Hand":13,"Bronze Scales":30,"Gambling Chip":30,"Kunai":30,"Chemical X":30,"Cracked Core":0,"Symbiotic Virus":13,"StrikeDummy":26},{"Inserter":60,"Tiny House":167,"Calipers":179,"Happy Flower":96,"Golden Idol":133,"Blue Candle":90,"Mango":131,"PreservedInsect":82,"Runic Capacitor":0,"War Paint":121,"Question Card":145,"Mercury Hourglass":15,"CaptainsWheel":19,"HornCleat":90,"Mummified Hand":49,"Bronze Scales":131,"Gambling Chip":131,"Kunai":131,"Chemical X":131,"Cracked Core":0,"Symbiotic Virus":49,"StrikeDummy":105}]},"card_choices":[{"not_picked":["Ball Lightning","Steam","Auto Shields"],"picked":"SKIP","floor":1},{"not_picked":["Hello World","Steam","Consume"],"picked":"SKIP","floor":5},{"not_picked":["Hologram","Skim","Cold Snap"],"picked":"SKIP","floor":7},{"not_picked":["Ball Lightning","Streamline"],"picked":"Leap","floor":8},{"not_picked":["Stack","Ball Lightning","BootSequence"],"picked":"Beam Cell","floor":10},{"not_picked":["Coolheaded","Buffer","Redo"],"picked":"Go for the Eyes","floor":12},{"not_picked":["Reprogram","Turbo","Darkness","Cold Snap"],"picked":"SKIP","floor":13},{"not_picked":["Turbo","Darkness","Cold Snap"],"picked":"Reprogram","floor":13},{"not_picked":["Biased Cognition","Thunder Strike","Fission"],"picked":"Machine Learning","floor":16},{"not_picked":["Steam+1","Sweeping Beam","Turbo","Doom and Gloom+1"],"picked":"SKIP","floor":18},{"not_picked":["Streamline","Sweeping Beam","Leap"],"picked":"Rebound","floor":20},{"not_picked":["Steam","Coolheaded","Machine Learning","Steam Power"],"picked":"SKIP","floor":22}],"player_experience":741639,"relics_obtained":[{"floor":7,"key":"Happy Flower"},{"floor":9,"key":"Question Card"}],"event_choices":[{"cards_removed":["Defend_B"],"damage_healed":0,"gold_gain":0,"player_choice":"Card Removal","damage_taken":0,"max_hp_gain":0,"max_hp_loss":0,"event_name":"The Cleric","floor":2,"gold_loss":50},{"damage_healed":0,"gold_gain":0,"player_choice":"Take Damage","damage_taken":22,"relics_obtained":["Golden Idol"],"max_hp_gain":0,"max_hp_loss":0,"event_name":"Golden Idol","floor":3,"gold_loss":0},{"damage_healed":29,"gold_gain":0,"player_choice":"Banana","damage_taken":0,"max_hp_gain":0,"max_hp_loss":0,"event_name":"Big Fish","floor":14,"gold_loss":0},{"damage_healed":0,"gold_gain":275,"player_choice":"Desecrate","damage_taken":0,"max_hp_gain":0,"max_hp_loss":0,"event_name":"Golden Shrine","floor":19,"gold_loss":0,"cards_obtained":["Regret"]}],"is_beta":false,"boss_relics":[{"not_picked":["Runic Pyramid","Sozu"],"picked":"Tiny House"}],"items_purged_floors":[0,0,21],"is_endless":false,"potions_floor_spawned":[5,7,12,18],"killed_by":"Slavers","ascension_level":0}}