{"host":"ws4mzzemcqsz5e2k","time":1610015052,"event":{"mods":["ATMod(阿瑾Mod)","Act Like it!","BaseMod","Better Synergies","Colored Powertips","Minty Spire (QoL Compilation)","Quick Restart","StSLib","没有小屋子和绿帽子啦"],"gold_per_floor":[110,110,129,54,54,82,82,117,141,170,170,170,190,265,265,343,343,343,343],"floor_reached":18,"playtime":530,"items_purged":["Strike_G"],"score":402,"play_id":"c3853f8c-32e2-46a0-8f7e-eb5558d0741a","local_time":"20210107182412","is_ascension_mode":true,"campfire_choices":[{"data":"AT_OneInchPunch","floor":7.0,"key":"SMITH"},{"data":"Neutralize","floor":15,"key":"SMITH"}],"circlet_count":0,"master_deck":["AscendersBane","Strike_G","Strike_G","Defend_G","Defend_G","Defend_G","Defend_G","Defend_G","Survivor","Neutralize+1","AT_OneInchPunch+1","Tactician","Tools of the Trade","Dash","AT_KneejerkReflex","AT_KingSlayer"],"relics":["Ring of the Snake","AT_ATBox","NeowsBlessing","Blood Vial","Orichalcum","AT_BladeRuinedKing","AT_DeathDance","Coffee Dripper"],"acts_visited":["Exordium","TheCity"],"potions_floor_usage":[],"damage_taken":[{"damage":0.0,"enemies":"Cultist","floor":1.0,"turns":1.0},{"damage":0.0,"enemies":"Jaw Worm","floor":3.0,"turns":1.0},{"damage":0.0,"enemies":"Gremlin Nob","floor":6.0,"turns":1.0},{"damage":6.0,"enemies":"Lagavulin","floor":8.0,"turns":7.0},{"damage":25.0,"enemies":"Gremlin Nob","floor":10.0,"turns":4.0},{"damage":0.0,"enemies":"Small Slimes","floor":13.0,"turns":2.0},{"damage":13,"enemies":"The Guardian","floor":16,"turns":6},{"damage":7,"enemies":"Shell Parasite","floor":18,"turns":3}],"seed_played":"-7435870767113701244","potions_obtained":[{"floor":3.0,"key":"EssenceOfSteel"},{"floor":13,"key":"Fire Potion"}],"is_trial":false,"path_per_floor":["M","$","M","$","?","E","R","E","T","E","T","?","M","?","R","B",null,"M"],"character_chosen":"THE_SILENT","items_purchased":[],"campfire_rested":0,"item_purchase_floors":[],"current_hp_per_floor":[59,59,59,59,59,59,59,55,55,32,32,32,34,27,27,16,54,49,49],"gold":343,"neow_bonus":"THREE_ENEMY_KILL","is_daily":false,"chose_seed":false,"campfire_upgraded":2,"win_rate":0.0,"timestamp":1610015052,"path_taken":["M","?","?","$","?","E","R","E","T","E","?","?","?","?","R","BOSS","M"],"items_purchased_type":[],"build_version":"2020-12-22","purchased_purges":1,"victory":false,"max_hp_per_floor":[66,66,66,66,66,66,66,66,66,66,66,66,66,66,66,66,66,66,66],"card_choices":[{"not_picked":["Prepared","Sucker Punch"],"picked":"Tactician","floor":1.0},{"not_picked":["AT_WomanClash","Flying Knee","Dagger Throw"],"picked":"SKIP","floor":3.0},{"not_picked":["Heel Hook","Die Die Die"],"picked":"Dash","floor":6.0},{"not_picked":["Deadly Poison","Flying Knee","Blur"],"picked":"SKIP","floor":8.0},{"not_picked":["PiercingWail","AT_KneejerkReflex","Prepared"],"picked":"SKIP","floor":10.0},{"not_picked":["Acrobatics","Dagger Spray"],"picked":"AT_KneejerkReflex","floor":13},{"not_picked":["Phantasmal Killer","A Thousand Cuts"],"picked":"AT_KingSlayer","floor":16}],"player_experience":1438992,"relics_obtained":[{"floor":6.0,"key":"Blood Vial"},{"floor":8.0,"key":"Orichalcum"},{"floor":10.0,"key":"AT_BladeRuinedKing"},{"floor":11.0,"key":"AT_DeathDance"}],"event_choices":[{"damage_healed":0.0,"max_hp_gain":0.0,"max_hp_loss":0.0,"gold_gain":0.0,"cards_transformed":["Strike_G"],"event_name":"Living Wall","player_choice":"Change","floor":5.0,"gold_loss":0.0,"damage_taken":0.0,"cards_obtained":["Tools of the Trade"]},{"cards_removed":["Strike_G"],"damage_healed":0.0,"max_hp_gain":0.0,"max_hp_loss":0.0,"gold_gain":0.0,"event_name":"Wheel of Change","player_choice":"Card Removal","floor":12.0,"gold_loss":0.0,"damage_taken":0.0},{"damage_healed":0,"gold_gain":75,"player_choice":"Gather Gold","damage_taken":11,"max_hp_gain":0,"max_hp_loss":0,"event_name":"World of Goop","floor":14,"gold_loss":0}],"is_beta":false,"boss_relics":[{"not_picked":["Busted Crown","Snecko Eye"],"picked":"Coffee Dripper"}],"items_purged_floors":[4],"is_endless":false,"potions_floor_spawned":[3,13,16],"killed_by":"Shell Parasite","ascension_level":20}}