{"host":"zpo0s982nnba8fjk","time":1610021916,"event":{"mods":["Act Like it!","BaseMod","Downfall","GifTheSpireLib","Hubris","Infinite Spire","Minty Spire (QoL Compilation)","Replay The Spire","StSLib"],"gold_per_floor":[99,115,130,130,64,76,76,76,61,61,90,106,106,194,208,305,355,355,375,375,218,228,256,279,306,324,324,324,334,349,383,400,497,497,422,437,101,116,116,218,218,250,107,163,163,203,203,226,265,380,380,380,403,427,439,510,541,613,653,653,708,728,728,752,780,804,917,917,917],"floor_reached":68,"playtime":9348,"items_purged":["sneckomod:UnknownExhaust"],"score":1413,"play_id":"05b2f2ba-81ac-4993-a42a-629b470646c0","local_time":"20210107131836","is_ascension_mode":false,"campfire_choices":[{"data":"sneckomod:Strike","floor":1.0,"key":"PURGE"},{"data":"sneckomod:SnekBite","floor":8.0,"key":"SMITH"},{"data":"sneckomod:SoulCleanse","floor":13.0,"key":"SMITH"},{"data":"sneckomod:Unknown3Cost","floor":18.0,"key":"SMITH"},{"data":"sneckomod:TailWhip","floor":35.0,"key":"SMITH"},{"floor":45.0,"key":"REST"},{"data":"ReplayUltimateDefense","floor":45.0,"key":"SMITH"},{"data":"infinitespire:UltimateForm","floor":52.0,"key":"SMITH"},{"floor":60.0,"key":"REST"},{"data":"sneckomod:DiceBoulder","floor":60.0,"key":"SMITH"},{"data":"sneckomod:DiceBoulder+1","floor":63.0,"key":"SMITH"}],"circlet_count":0,"master_deck":["sneckomod:Defend","sneckomod:Defend+1","sneckomod:TailWhip+1","sneckomod:SnekBite+1","sneckomod:SoulRoll+1","sneckomod:SoulDraw","sneckomod:TrashToTreasure+1","sneckomod:SoulCleanse+1","sneckomod:UnknownRarePower","sneckomod:Unknown3Cost+1","sneckomod:DiceBoulder+2","sneckomod:SoulDraw+1","sneckomod:UnknownColorless","sneckomod:Restock","ReplayUltimateDefense+1","infinitespire:Starlight","infinitespire:UltimateForm+1","CurseOfTheBell"],"relics":["Replay:Drink Me","hubris:FunFungus","Toy Ornithopter","infinitespire:EmpoweringShard","Tiny House","Medical Kit","infinitespire:Magic Flask","Blood Vial","hubris:ToyBattleship","infinitespire:FocusingShard","Ice Cream","Sozu","downfall:HeartBlessingGreen","ClockworkSouvenir","Anchor","Meat on the Bone","Replay:Bandana","Gremlin Food","hubris:Potato","Calling Bell","Happy Flower","hubris:Reverence","hubris:64BitClover","downfall:CloakOfManyFaces","CultistMask","FaceOfCleric","NlothsMask","GremlinMask","SsserpentHead","Replay:Bottled Steam","hubris:TerracottaHorce"],"acts_visited":["Exordium","TheCity","TheBeyond","Exordium","TheCity"],"potions_floor_usage":[],"damage_taken":[{"damage":11.0,"enemies":"Jaw Worm","floor":2.0,"turns":3.0},{"damage":3.0,"enemies":"2 Louse","floor":3.0,"turns":3.0},{"damage":0.0,"enemies":"downfall:FleeingMerchant","floor":5.0,"turns":4.0},{"damage":0.0,"enemies":"Cultist","floor":6.0,"turns":2.0},{"damage":0.0,"enemies":"downfall:FleeingMerchant","floor":9.0,"turns":4.0},{"damage":9.0,"enemies":"3 Sentries","floor":11.0,"turns":3.0},{"damage":6.0,"enemies":"Red Slaver","floor":12.0,"turns":3.0},{"damage":0.0,"enemies":"downfall:FleeingMerchant","floor":14.0,"turns":4.0},{"damage":0.0,"enemies":"Exordium Thugs","floor":15.0,"turns":3.0},{"damage":0.0,"enemies":"downfall:Watcher","floor":16.0,"turns":5.0},{"damage":4.0,"enemies":"Chosen","floor":19.0,"turns":3.0},{"damage":0.0,"enemies":"Chosen and Byrds","floor":22.0,"turns":3.0},{"damage":0.0,"enemies":"Gremlin Leader","floor":23.0,"turns":5.0},{"damage":6.0,"enemies":"Nightmare","floor":25.0,"turns":3.0},{"damage":0.0,"enemies":"Snecko","floor":26.0,"turns":3.0},{"damage":0.0,"enemies":"Snake Plant","floor":29.0,"turns":2.0},{"damage":0.0,"enemies":"Shelled Parasite and Fungi","floor":30.0,"turns":3.0},{"damage":0.0,"enemies":"Slavers","floor":31.0,"turns":3.0},{"damage":0.0,"enemies":"3 Cultists","floor":32.0,"turns":4.0},{"damage":0.0,"enemies":"downfall:Defect","floor":33.0,"turns":4.0},{"damage":5.0,"enemies":"3 Darklings","floor":36.0,"turns":2.0},{"damage":0.0,"enemies":"Orb Walker","floor":38.0,"turns":4.0},{"damage":0.0,"enemies":"Reptomancer","floor":42.0,"turns":3.0},{"damage":58.0,"enemies":"Nightmare","floor":44.0,"turns":6.0},{"damage":0.0,"enemies":"Spire Growth","floor":46.0,"turns":3.0},{"damage":0.0,"enemies":"Writhing Mass","floor":48.0,"turns":4.0},{"damage":0.0,"enemies":"3 Darklings","floor":49.0,"turns":3.0},{"damage":0.0,"enemies":"downfall:Ironclad","floor":50.0,"turns":5.0},{"damage":0.0,"enemies":"Jaw Worm","floor":53.0,"turns":1.0},{"damage":0.0,"enemies":"2 Louse","floor":54.0,"turns":1.0},{"damage":0.0,"enemies":"downfall:FaceTrader","floor":55.0,"turns":4.0},{"damage":0.0,"enemies":"Small Slimes","floor":56.0,"turns":3.0},{"damage":0.0,"enemies":"Blue Slaver","floor":57.0,"turns":1.0},{"damage":0.0,"enemies":"3 Sentries","floor":59.0,"turns":3.0},{"damage":36.0,"enemies":"Nightmare","floor":61.0,"turns":5.0},{"damage":0.0,"enemies":"Exordium Wildlife","floor":62.0,"turns":3.0},{"damage":0.0,"enemies":"Exordium Thugs","floor":64.0,"turns":2.0},{"damage":0.0,"enemies":"Red Slaver","floor":65.0,"turns":1.0},{"damage":0.0,"enemies":"Blue Slaver","floor":66.0,"turns":2.0},{"damage":0.0,"enemies":"Fading Forest","floor":67.0,"turns":8.0}],"seed_played":"-1730684939744567153","potions_obtained":[{"floor":2.0,"key":"Swift Potion"},{"floor":6.0,"key":"sneckomod:DiceRollPotion"},{"floor":11.0,"key":"champ:CounterPotion"},{"floor":23.0,"key":"Elixir"}],"is_trial":false,"path_per_floor":["R","M","M","?","$","M","T","R","$","?","E","M","R","$","M","B",null,"R","M","?","$","M","E","T","NM","M","?","AVR","M","M","E","M","B",null,"R","M","$","M","?","?","T","E","$","NM","R","M","AVR","M","M","B",null,"R","M","M","?","M","M","T","E","R","NM","M","R","M","M","M","B",null],"character_chosen":"THE_SNECKO","items_purchased":["sneckomod:SoulDraw","infinitespire:EmpoweringShard","Medical Kit","ReplayUltimateDefense","ClockworkSouvenir","Gremlin Food"],"campfire_rested":2,"item_purchase_floors":[5,14,21,37,37,43],"current_hp_per_floor":[68,57,54,54,54,54,54,54,55,55,46,40,40,40,40,42,73,73,73,57,57,62,70,70,73,73,65,65,68,71,73,73,73,73,73,68,68,72,72,54,54,58,58,32,53,72,72,73,73,73,73,73,73,73,73,74,75,75,76,76,62,76,76,79,80,81,82,82,82],"gold":917,"neow_bonus":"BOSS_RELIC","is_daily":false,"chose_seed":false,"campfire_upgraded":8,"win_rate":0.0,"timestamp":1610021916,"path_taken":["R","M","M","?","$","M","T","R","$","?","E","?","R","?","M","BOSS","R","M","?","$","M","E","T","NM","M","?","AVR","M","?","E","M","BOSS","R","M","$","M","?","?","T","E","$","NM","R","M","AVR","M","M","BOSS","R","M","?","?","?","M","T","E","R","NM","M","R","M","M","M","BOSS"],"items_purchased_type":["Card","Relic","Relic","Card","Relic","Relic"],"build_version":"2020-12-22","purchased_purges":1,"victory":false,"max_hp_per_floor":[68,68,68,68,68,68,68,68,68,68,68,68,68,68,68,68,73,73,73,73,73,73,73,73,73,73,73,73,73,73,73,73,73,73,73,73,73,73,73,73,73,73,73,73,73,73,73,73,73,73,73,73,73,73,73,74,75,75,76,76,77,78,78,79,80,81,82,82,82],"card_choices":[{"not_picked":["sneckomod:SoulDraw","sneckomod:UnknownStrike"],"picked":"sneckomod:SoulRoll","floor":2.0},{"not_picked":["sneckomod:DiceBlock","sneckomod:UnknownBlock","sneckomod:UnknownCommonSkill"],"picked":"SKIP","floor":3.0},{"not_picked":["sneckomod:UnknownBlock","sneckomod:WideSting","sneckomod:DiceCrush"],"picked":"SKIP","floor":5.0},{"not_picked":["sneckomod:UnknownClassGUARDIAN","sneckomod:UnknownVulnerable"],"picked":"sneckomod:TrashToTreasure","floor":6.0},{"not_picked":["sneckomod:UnknownCommonAttack","sneckomod:UnknownCommonSkill","sneckomod:SnakeSap"],"picked":"SKIP","floor":9.0},{"not_picked":["sneckomod:WideSting","sneckomod:RainOfDice"],"picked":"sneckomod:UnknownExhaust","floor":11.0},{"not_picked":["sneckomod:Unknown1Cost","sneckomod:IronFang"],"picked":"sneckomod:SoulCleanse","floor":12.0},{"not_picked":["sneckomod:DiceCrush","sneckomod:QuickBite"],"picked":"sneckomod:UnknownRarePower","floor":14.0},{"not_picked":["sneckomod:IronFang","sneckomod:UnknownClassGREEN","sneckomod:UnknownEthereal"],"picked":"SKIP","floor":15.0},{"not_picked":["sneckomod:UnknownRareSkill","sneckomod:DangerNoodle"],"picked":"sneckomod:Unknown3Cost","floor":16.0},{"not_picked":["sneckomod:SoulDraw","sneckomod:DiceBlock"],"picked":"sneckomod:DiceBoulder","floor":17.0},{"not_picked":["sneckomod:SlitherStrike+1","sneckomod:SoulDraw","sneckomod:QuickBite+1"],"picked":"SKIP","floor":19.0},{"not_picked":["sneckomod:RainOfDice+1","sneckomod:UnknownVulnerable","sneckomod:IronFang+1"],"picked":"SKIP","floor":22.0},{"not_picked":["sneckomod:UnknownEthereal","sneckomod:TrashToTreasure","sneckomod:UnknownClassGUARDIAN"],"picked":"SKIP","floor":23.0},{"not_picked":["sneckomod:Unknown3Cost","sneckomod:UnknownCommonSkill","sneckomod:RainOfDice+1"],"picked":"SKIP","floor":25.0},{"not_picked":["sneckomod:UnknownStrike+1","sneckomod:SoulCleanse"],"picked":"sneckomod:SoulDraw+1","floor":26.0},{"not_picked":["sneckomod:UnknownCommonAttack","sneckomod:UnknownCommonSkill","sneckomod:QuickMove"],"picked":"SKIP","floor":29.0},{"not_picked":["sneckomod:UnknownCommonSkill","sneckomod:UnknownVulnerable+1"],"picked":"sneckomod:UnknownColorless","floor":30.0},{"not_picked":["sneckomod:DiceBoulder","sneckomod:UnknownVulnerable+1","sneckomod:DefensiveFlair+1"],"picked":"SKIP","floor":31.0},{"not_picked":["sneckomod:RainOfDice+1","sneckomod:QuickMove","sneckomod:UnknownX"],"picked":"SKIP","floor":32.0},{"not_picked":["sneckomod:DangerNoodle","sneckomod:Unknown3Cost"],"picked":"sneckomod:Restock","floor":33.0},{"not_picked":["sneckomod:WideSting+1","sneckomod:UnknownCommonAttack","sneckomod:UnknownStrike+1"],"picked":"SKIP","floor":36.0},{"not_picked":["sneckomod:DiceBoulder","sneckomod:CheapStock+1","sneckomod:ImprovisedGuard+1"],"picked":"SKIP","floor":38.0},{"not_picked":["sneckomod:UnknownStrength","sneckomod:UnknownEthereal","sneckomod:SnakeSap"],"picked":"SKIP","floor":42.0},{"not_picked":["ReplayTheSpireMod:Echoes of Time","infinitespire:SealOfDarkness+"],"picked":"infinitespire:Starlight","floor":44.0},{"not_picked":["sneckomod:UnknownRareSkill","sneckomod:UnknownClassSLIMEBOUND","sneckomod:DiceBlock"],"picked":"SKIP","floor":44.0},{"not_picked":["sneckomod:UnknownWeak","sneckomod:UnknownCommonSkill+1","sneckomod:UnknownStrike"],"picked":"SKIP","floor":46.0},{"not_picked":["sneckomod:UnknownWeak","sneckomod:UnknownDexterity","sneckomod:QuickMove"],"picked":"SKIP","floor":48.0},{"not_picked":["sneckomod:Nope","sneckomod:SoulRoll","sneckomod:UnknownCommonSkill+1"],"picked":"SKIP","floor":49.0},{"not_picked":["sneckomod:SoulCleanse","sneckomod:UnknownStrength","sneckomod:SerpentIdol"],"picked":"SKIP","floor":53.0},{"not_picked":["sneckomod:Rotation","sneckomod:UnknownBlock","sneckomod:IronFang"],"picked":"SKIP","floor":54.0},{"not_picked":["sneckomod:UnknownVulnerable","sneckomod:UnlimitedRolls","sneckomod:Nope"],"picked":"SKIP","floor":56.0},{"not_picked":["sneckomod:UnknownVulnerable","sneckomod:SerpentIdol","sneckomod:Unknown1Cost"],"picked":"SKIP","floor":57.0},{"not_picked":["sneckomod:SoulDraw","sneckomod:SnekBeam","sneckomod:DefensiveFlair"],"picked":"SKIP","floor":59.0},{"not_picked":["sneckomod:UnknownUncommonSkill","sneckomod:ImprovisedAttack","sneckomod:UnknownExhaust"],"picked":"SKIP","floor":61.0},{"not_picked":["sneckomod:UnknownCommonSkill","sneckomod:UnknownBlock","sneckomod:Mudshield"],"picked":"SKIP","floor":62.0},{"not_picked":["sneckomod:UnknownVulnerable","sneckomod:Unknown0Cost","sneckomod:ImprovisedGuard"],"picked":"SKIP","floor":64.0},{"not_picked":["sneckomod:SoulDraw","sneckomod:Nope","sneckomod:UnknownCommonSkill"],"picked":"SKIP","floor":65.0},{"not_picked":["sneckomod:QuickBite","sneckomod:WideSting","sneckomod:UnknownStrength"],"picked":"SKIP","floor":66.0}],"player_experience":288492,"relics_obtained":[{"floor":7.0,"key":"hubris:FunFungus"},{"floor":11.0,"key":"Toy Ornithopter"},{"floor":23.0,"key":"infinitespire:Magic Flask"},{"floor":24.0,"key":"Blood Vial"},{"floor":25.0,"key":"hubris:ToyBattleship"},{"floor":31.0,"key":"Ice Cream"},{"floor":40.0,"key":"Anchor"},{"floor":41.0,"key":"Meat on the Bone"},{"floor":42.0,"key":"Replay:Bandana"},{"floor":44.0,"key":"hubris:Potato"},{"floor":51.0,"key":"Happy Flower"},{"floor":51.0,"key":"hubris:Reverence"},{"floor":51.0,"key":"hubris:64BitClover"},{"floor":55.0,"key":"downfall:CloakOfManyFaces"},{"floor":65.0,"key":"Replay:Bottled Steam"}],"event_choices":[{"cards_removed":["sneckomod:Unknown"],"damage_healed":0.0,"max_hp_gain":0.0,"max_hp_loss":0.0,"gold_gain":0.0,"event_name":"The Cleric","player_choice":"Card Removal","floor":4.0,"gold_loss":0.0,"damage_taken":0.0},{"damage_healed":0.0,"max_hp_gain":0.0,"max_hp_loss":0.0,"gold_gain":0.0,"event_name":"Upgrade Shrine","player_choice":"Upgraded","floor":10.0,"gold_loss":0.0,"damage_taken":0.0,"cards_upgraded":["sneckomod:SoulRoll"]}],"is_beta":false,"boss_relics":[{"not_picked":["Replay:Grab Bag","Busted Crown"],"picked":"Tiny House"},{"not_picked":["SlaversCollar","hubris:BlackHole"],"picked":"Sozu"},{"not_picked":["ChewingGum","Replay:Ancient Bell"],"picked":"Calling Bell"},{"not_picked":["hubris:BlackHole","ChewingGum"],"picked":"hubris:TerracottaHorce"}],"items_purged_floors":[28],"is_endless":true,"potions_floor_spawned":[2,6,11,16,23,26,32,33,36,46,49,54,55,57,59,64,65,66],"ascension_level":0}}