{"host":"yb8bkkdvr1qiclnk","time":1610000261,"event":{"mods":["BaseMod","Colored Map","Colored Powertips","DeckTracker","Faster Ascension Climbing","Highlight Path","Minty Spire (QoL Compilation)","Quick Restart","Relic Stats","UnlockEverythingMod"],"gold_per_floor":[115,125,125,90,105,105,134,151,199,199,233,247,247,282,282,356,356,366,366,379,379,379,379,408,408,408,408,421,421,421,455,455,526,526,542,542,542],"floor_reached":36,"playtime":2548,"items_purged":[],"score":836,"play_id":"8af2876d-fb81-4370-bb3d-5d4596069d0c","local_time":"20210107011741","is_ascension_mode":true,"campfire_choices":[{"data":"WheelKick","floor":6,"key":"SMITH"},{"data":"Eruption","floor":13,"key":"SMITH"},{"data":"SashWhip","floor":15,"key":"SMITH"},{"floor":23,"key":"REST"},{"data":"Adaptation","floor":25,"key":"SMITH"},{"floor":29,"key":"REST"},{"data":"TalkToTheHand","floor":32,"key":"SMITH"}],"circlet_count":0,"master_deck":["AscendersBane","Eruption+1","Vigilance","EmptyMind","WheelKick+1","ThirdEye","SashWhip+1","CutThroughFate","Swivel","FlurryOfBlows","DevaForm","FollowUp","MentalFortress","SashWhip","CarveReality","BattleHymn","Adaptation+1","Tantrum+1","Perseverance+1","ClearTheMind","Perseverance","TalkToTheHand+1","Establishment","Nirvana+1"],"relics":["Empty Cage","HornCleat","Strawberry","Toy Ornithopter","Gambling Chip","Torii","Pandora\u0027s Box","Incense Burner","MealTicket","Orichalcum","Bird Faced Urn","VioletLotus"],"acts_visited":["Exordium","TheCity","TheBeyond"],"potions_floor_usage":[7,13,16,24,24,31,35],"damage_taken":[{"damage":1,"enemies":"Cultist","floor":1,"turns":4},{"damage":12,"enemies":"Jaw Worm","floor":2,"turns":4},{"damage":12,"enemies":"2 Louse","floor":5,"turns":2},{"damage":27,"enemies":"3 Sentries","floor":7,"turns":12},{"damage":3,"enemies":"Looter","floor":8,"turns":3},{"damage":13,"enemies":"Lagavulin","floor":11,"turns":5},{"damage":9,"enemies":"Blue Slaver","floor":12,"turns":2},{"damage":1,"enemies":"Gremlin Nob","floor":14,"turns":3},{"damage":12,"enemies":"Hexaghost","floor":16,"turns":9},{"damage":19,"enemies":"2 Thieves","floor":18,"turns":4},{"damage":0,"enemies":"Spheric Guardian","floor":20,"turns":3},{"damage":28,"enemies":"Gremlin Leader","floor":24,"turns":5},{"damage":13,"enemies":"Snecko","floor":28,"turns":4},{"damage":1,"enemies":"Book of Stabbing","floor":31,"turns":4},{"damage":10,"enemies":"Automaton","floor":33,"turns":7},{"damage":1,"enemies":"3 Shapes","floor":35,"turns":3},{"damage":197,"enemies":"2 Orb Walkers","floor":36,"turns":6}],"seed_played":"3088211989393764302","potions_obtained":[{"floor":1,"key":"StancePotion"},{"floor":7,"key":"Fruit Juice"},{"floor":11,"key":"ColorlessPotion"},{"floor":16,"key":"DuplicationPotion"},{"floor":20,"key":"FearPotion"},{"floor":28,"key":"AttackPotion"},{"floor":33,"key":"Energy Potion"},{"floor":35,"key":"FairyPotion"}],"is_trial":false,"path_per_floor":["M","M","?","?","M","R","E","M","T","?","E","M","R","E","R","B",null,"M","?","M","?","T","R","E","R","T","?","M","R","?","E","R","B",null,"M","?"],"character_chosen":"WATCHER","items_purchased":[],"campfire_rested":2,"item_purchase_floors":[],"current_hp_per_floor":[60,48,43,60,48,48,28,25,25,43,30,21,31,30,30,23,66,47,24,24,24,24,48,30,30,30,30,17,41,41,45,45,43,72,78,0,0],"gold":542,"neow_bonus":"BOSS_RELIC","is_daily":false,"chose_seed":false,"campfire_upgraded":5,"win_rate":0.0,"timestamp":1610000261,"path_taken":["M","M","?","?","M","R","E","M","T","?","E","M","R","E","R","BOSS","M","?","M","?","?","R","E","R","T","?","?","R","?","E","R","BOSS","M","?"],"items_purchased_type":[],"build_version":"2020-12-22","purchased_purges":0,"victory":false,"max_hp_per_floor":[68,68,68,68,68,68,75,75,75,75,75,75,80,80,80,80,80,80,85,85,82,82,82,82,82,82,82,82,82,82,82,82,82,82,82,82,82],"relic_stats":{"Torii":25,"counters":[17,80],"Gambling Chip":[30],"Bird Faced Urn":[18],"Pandora\u0027s Box":["FollowUp","MentalFortress","SashWhip","CarveReality","BattleHymn","Adaptation"],"MealTicket":0,"VioletLotus":[2],"Orichalcum":[30],"obtain_stats":[{"Torii":14,"Incense Burner":22,"Orichalcum":26,"Empty Cage":0,"HornCleat":3,"Strawberry":7,"Gambling Chip":11,"Bird Faced Urn":31,"Pandora\u0027s Box":17,"MealTicket":24,"VioletLotus":34,"PureWater":0,"Toy Ornithopter":9},{"Torii":8,"Incense Burner":11,"Orichalcum":12,"Empty Cage":0,"HornCleat":2,"Strawberry":4,"Gambling Chip":6,"Bird Faced Urn":14,"Pandora\u0027s Box":9,"MealTicket":12,"VioletLotus":15,"PureWater":0,"Toy Ornithopter":5},{"Torii":35,"Incense Burner":51,"Orichalcum":56,"Empty Cage":0,"HornCleat":8,"Strawberry":22,"Gambling Chip":30,"Bird Faced Urn":64,"Pandora\u0027s Box":44,"MealTicket":56,"VioletLotus":71,"PureWater":0,"Toy Ornithopter":25}],"Toy Ornithopter":30},"card_choices":[{"not_picked":["WreathOfFlame","Study"],"picked":"EmptyMind","floor":1},{"not_picked":["CutThroughFate","Prostrate"],"picked":"WheelKick","floor":2},{"not_picked":["Sanctity","BattleHymn"],"picked":"ThirdEye","floor":5},{"not_picked":["FollowUp","CrushJoints"],"picked":"SashWhip","floor":7},{"not_picked":["ClearTheMind","Halt"],"picked":"CutThroughFate","floor":8},{"not_picked":["Establishment","Halt","ThirdEye"],"picked":"SKIP","floor":11},{"not_picked":["Evaluate","MentalFortress"],"picked":"Swivel","floor":12},{"not_picked":["DeusExMachina","Halt"],"picked":"FlurryOfBlows","floor":14},{"not_picked":["DeusExMachina","MasterReality"],"picked":"DevaForm","floor":16},{"not_picked":["JustLucky","Halt"],"picked":"Tantrum+1","floor":18},{"not_picked":["EmptyFist","ForeignInfluence","SandsOfTime"],"picked":"SKIP","floor":20},{"not_picked":["DeceiveReality","SashWhip"],"picked":"Perseverance+1","floor":24},{"not_picked":["CrushJoints","SashWhip"],"picked":"ClearTheMind","floor":28},{"not_picked":["Crescendo","Pray"],"picked":"TalkToTheHand","floor":31},{"not_picked":["Brilliance","DevaForm"],"picked":"Establishment","floor":33},{"not_picked":["FearNoEvil","Perseverance"],"picked":"Nirvana+1","floor":35}],"player_experience":45539,"relics_obtained":[{"floor":7,"key":"Strawberry"},{"floor":9,"key":"Toy Ornithopter"},{"floor":11,"key":"Gambling Chip"},{"floor":14,"key":"Torii"},{"floor":22,"key":"Incense Burner"},{"floor":24,"key":"MealTicket"},{"floor":26,"key":"Orichalcum"},{"floor":31,"key":"Bird Faced Urn"}],"event_choices":[{"damage_healed":0,"gold_gain":0,"player_choice":"Success","damage_taken":5,"relics_obtained":["HornCleat"],"max_hp_gain":0,"max_hp_loss":0,"event_name":"Scrap Ooze","floor":3,"gold_loss":0},{"damage_healed":17,"gold_gain":0,"player_choice":"Healed","damage_taken":0,"max_hp_gain":0,"max_hp_loss":0,"event_name":"The Cleric","floor":4,"gold_loss":35},{"damage_healed":18,"gold_gain":0,"player_choice":"Healed and dodged fight","damage_taken":0,"max_hp_gain":0,"max_hp_loss":0,"event_name":"Mushrooms","floor":10,"gold_loss":0,"cards_obtained":["Parasite"]},{"damage_healed":0,"gold_gain":0,"player_choice":"Shed Blood","damage_taken":28,"max_hp_gain":5,"max_hp_loss":0,"event_name":"Forgotten Altar","floor":19,"gold_loss":0},{"cards_removed":["Parasite"],"damage_healed":0,"gold_gain":0,"player_choice":"Elegance","damage_taken":0,"max_hp_gain":0,"max_hp_loss":0,"event_name":"Back to Basics","floor":21,"gold_loss":0},{"damage_healed":0,"gold_gain":0,"player_choice":"Ignored","damage_taken":0,"max_hp_gain":0,"max_hp_loss":0,"event_name":"The Mausoleum","floor":27,"gold_loss":0},{"damage_healed":0,"gold_gain":0,"player_choice":"Read","damage_taken":0,"max_hp_gain":0,"max_hp_loss":0,"event_name":"The Library","floor":30,"gold_loss":0,"cards_obtained":["Perseverance"]},{"damage_healed":0,"gold_gain":0,"player_choice":"Fight","damage_taken":0,"max_hp_gain":0,"max_hp_loss":0,"event_name":"Mysterious Sphere","floor":36,"gold_loss":0}],"is_beta":false,"boss_relics":[{"not_picked":["SacredBark","Runic Dome"],"picked":"Pandora\u0027s Box"},{"not_picked":["Coffee Dripper","Tiny House"],"picked":"VioletLotus"}],"items_purged_floors":[],"is_endless":false,"potions_floor_spawned":[1,7,11,16,20,28,33,35],"killed_by":"2 Orb Walkers","ascension_level":20}}