{"host":"ye7mfqqt9ljtnqit","time":1610001118,"event":{"mods":["BaseMod","Colored Map","Downfall","Marisa£®ÏF”Í°°ƒß¿Ì…≥£©","Minty Spire (QoL Compilation)","StSLib","SuperFastMode","The Servant 0.9.4"],"gold_per_floor":[113,113,113,128,144,319,353,353,380,380,380,58,70,81,81,176,176,189,205,216,216,21,21,31,31,31,31,49,60,74,102,102,207,207,223,223,223,273,327,355,355,380,380,432,97,0,10,26,26,26,26,26,26,55,55],"floor_reached":56,"playtime":4684,"items_purged":[],"score":1200,"play_id":"7325fb44-1461-4485-a0c1-3651498c4a4b","local_time":"20210107143158","is_ascension_mode":false,"campfire_choices":[{"floor":8.0,"key":"REST"},{"data":"Deny","floor":10.0,"key":"SMITH"},{"floor":15.0,"key":"REST"},{"floor":23.0,"key":"REST"},{"data":"Revamp","floor":27.0,"key":"SMITH"},{"floor":32.0,"key":"REST"},{"floor":41,"key":"RECALL"},{"data":"Strike_S+1","floor":49,"key":"PURGE"},{"data":"Embodiment","floor":52,"key":"SMITH"}],"circlet_count":0,"master_deck":["Strike_S+1","Defend_S","Defend_S","Defend_S","KidneyShot","Exchange","Foresight","Moondial","Deny+1","ShatteredReality","MoonPhase","Alleviate","Revamp+1","FlawlessForm","SpecialFormula","TimeWarp+1","Embodiment+1","StarChef","Comet+1","WasteNot","Barrier","Alleviate","DualDimension","ShatteredReality","ShatteredReality","TheWorld","CurseOfTheBell","Collapse+1","expansioncontent:Chronoboost","Potential","Replace+1","Gouge","MoonPhase","Alleviate","MurderousAura","expansioncontent:QuickStudy","Replace+1","Luminosity+1","BestPractice+1"],"relics":["SplendidAttire","NeowsBlessing","Oddly Smooth Stone","Mummified Hand","Juzu Bracelet","Meat on the Bone","Kunai","Calling Bell","Strawberry","Eternal Feather","CaptainsWheel","Bird Faced Urn","CatCart","Smiling Mask","PreservedInsect","Bottled Lightning","Peace Pipe","Red Mask","Blood Vial"],"acts_visited":["Exordium","TheCity","TheBeyond","TheEnding"],"potions_floor_usage":[54,55,55],"damage_taken":[{"damage":0.0,"enemies":"Small Slimes","floor":1.0,"turns":1.0},{"damage":0.0,"enemies":"2 Louse","floor":4.0,"turns":1.0},{"damage":0.0,"enemies":"Cultist","floor":5.0,"turns":1.0},{"damage":39.0,"enemies":"Lagavulin","floor":7.0,"turns":10.0},{"damage":1.0,"enemies":"Blue Slaver","floor":13.0,"turns":4.0},{"damage":2.0,"enemies":"Looter","floor":14.0,"turns":3.0},{"damage":28.0,"enemies":"Hexaghost","floor":16.0,"turns":14.0},{"damage":9.0,"enemies":"3 Byrds","floor":18.0,"turns":5.0},{"damage":8.0,"enemies":"Shell Parasite","floor":19.0,"turns":7.0},{"damage":39.0,"enemies":"3 Cultists","floor":20.0,"turns":6.0},{"damage":6.0,"enemies":"Snecko","floor":24.0,"turns":6.0},{"damage":8.0,"enemies":"Centurion and Healer","floor":28.0,"turns":8.0},{"damage":14.0,"enemies":"Snake Plant","floor":29.0,"turns":6.0},{"damage":0.0,"enemies":"Snecko","floor":30.0,"turns":7.0},{"damage":40.0,"enemies":"Gremlin Leader","floor":31.0,"turns":8.0},{"damage":34.0,"enemies":"Collector","floor":33.0,"turns":12.0},{"damage":3.0,"enemies":"Orb Walker","floor":35.0,"turns":7.0},{"damage":6.0,"enemies":"Mind Bloom Boss Battle","floor":38.0,"turns":9.0},{"damage":62.0,"enemies":"Orin","floor":39.0,"turns":13.0},{"damage":0,"enemies":"Nemesis","floor":40,"turns":9},{"damage":9,"enemies":"Giant Head","floor":42,"turns":10},{"damage":77,"enemies":"2 Orb Walkers","floor":44,"turns":7},{"damage":0,"enemies":"3 Shapes","floor":47,"turns":5},{"damage":10,"enemies":"Sphere and 2 Shapes","floor":48,"turns":5},{"damage":39,"enemies":"Donu and Deca","floor":50,"turns":8},{"damage":70,"enemies":"Shield and Spear","floor":54,"turns":9},{"damage":57,"enemies":"The Heart","floor":55,"turns":10}],"seed_played":"8060355675651678507","potions_obtained":[{"floor":1.0,"key":"Weak Potion"},{"floor":5.0,"key":"Dexterity Potion"},{"floor":7.0,"key":"Block Potion"},{"floor":16.0,"key":"SmokeBomb"},{"floor":18.0,"key":"hexamod:EctoCoolerPotion"},{"floor":30.0,"key":"ColorlessPotion"},{"floor":33.0,"key":"SkillPotion"},{"floor":38.0,"key":"CultistPotion"},{"floor":44,"key":"BlessingOfTheForge"},{"floor":48,"key":"Regen Potion"},{"floor":54,"key":"FearPotion"}],"is_trial":false,"path_per_floor":["M","?","?","M","M","?","E","R","T","R","?","$","M","M","R","B",null,"M","M","M","?","$","R","M","?","T","R","M","M","M","E","R","B",null,"M","?","?","?","?","E","R","E","T","?","$","?","M","M","R","B",null,"R","$","E","B",null],"character_chosen":"THE_SERVANT","items_purchased":["Mummified Hand","MoonPhase","StarChef","Juzu Bracelet","MurderousAura","expansioncontent:QuickStudy"],"campfire_rested":4,"item_purchase_floors":[12,12,22,22,45,45],"current_hp_per_floor":[65,52,52,52,52,52,13,32,32,32,32,32,31,29,48,20,65,56,53,19,19,19,38,32,32,32,32,41,44,49,26,45,28,72,70,70,70,69,22,41,59,63,63,19,19,19,45,53,72,51,72,72,72,47,36],"gold":55,"neow_bonus":"THREE_ENEMY_KILL","is_daily":false,"chose_seed":false,"campfire_upgraded":3,"win_rate":0.0,"timestamp":1610001118,"path_taken":["M","?","?","M","?","?","E","R","T","R","?","$","M","M","R","BOSS","M","M","?","?","$","R","M","?","T","R","M","M","M","E","R","BOSS","M","?","?","?","?","E","R","E","T","?","$","?","M","M","R","BOSS","R","$","E","BOSS"],"items_purchased_type":["Relic","Card","Card","Relic","Card","Card"],"build_version":"2020-12-22","purchased_purges":0,"victory":true,"max_hp_per_floor":[65,65,65,65,65,65,65,65,65,65,65,65,65,65,65,65,65,65,65,65,65,65,65,65,65,65,65,65,65,65,65,65,65,72,72,72,72,72,72,72,72,72,72,72,72,72,72,72,72,72,72,72,72,72,72],"card_choices":[{"not_picked":["RealityMarble","Defy"],"picked":"Foresight","floor":1.0},{"not_picked":["MoonPhase","Unruled"],"picked":"Moondial","floor":4.0},{"not_picked":["Ricochet","FastForward"],"picked":"Deny","floor":5.0},{"not_picked":["InstantArmor","Moondial"],"picked":"ShatteredReality","floor":7.0},{"not_picked":["Replace","Hightail"],"picked":"Alleviate","floor":13.0},{"not_picked":["Rewind","Misdirection"],"picked":"Revamp","floor":14.0},{"not_picked":["Dilation","Duplication"],"picked":"FlawlessForm","floor":16.0},{"not_picked":["Manipulate","Rearm+1"],"picked":"SpecialFormula","floor":18.0},{"not_picked":["Moonlight","BottledTime"],"picked":"TimeWarp+1","floor":19.0},{"not_picked":["TimeWarp+1","Alleviate"],"picked":"Embodiment","floor":20.0},{"not_picked":["FastForward","Replace"],"picked":"Comet+1","floor":24.0},{"not_picked":["Spin","Manipulate"],"picked":"Alleviate","floor":28.0},{"not_picked":["Defy+1","TimeTheft"],"picked":"DualDimension","floor":29.0},{"not_picked":["TimeWarp+1","Rewind"],"picked":"ShatteredReality","floor":30.0},{"not_picked":["SilverBlades","Foresight+1"],"picked":"ShatteredReality","floor":31.0},{"not_picked":["Dilation","FlawlessForm"],"picked":"TheWorld","floor":33.0},{"not_picked":["FastForward","Alleviate+1"],"picked":"Collapse+1","floor":35.0},{"not_picked":["expansioncontent:PrepareCrush","Metamorphosis"],"picked":"expansioncontent:Chronoboost","floor":36.0},{"not_picked":["Hightail","Starlight"],"picked":"Potential","floor":38.0},{"not_picked":["Comet","Collapse"],"picked":"Replace+1","floor":39.0},{"not_picked":["ForgedInTime","Ricochet"],"picked":"Gouge","floor":40},{"not_picked":["BottledTime","TimeTheft+1"],"picked":"MoonPhase","floor":42},{"not_picked":["TimeWarp","SilverBlades"],"picked":"Alleviate","floor":44},{"not_picked":["ShatteredReality","Deadline"],"picked":"Replace+1","floor":47},{"not_picked":["SurpressingFire+1","Defy+1"],"picked":"Luminosity+1","floor":48},{"not_picked":["Hightail","ReturningBlade"],"picked":"BestPractice+1","floor":54}],"player_experience":140206,"relics_obtained":[{"floor":7.0,"key":"Oddly Smooth Stone"},{"floor":26.0,"key":"Meat on the Bone"},{"floor":31.0,"key":"Kunai"},{"floor":34.0,"key":"Strawberry"},{"floor":34.0,"key":"Eternal Feather"},{"floor":34.0,"key":"CaptainsWheel"},{"floor":38.0,"key":"Bird Faced Urn"},{"floor":39.0,"key":"CatCart"},{"floor":40,"key":"Smiling Mask"},{"floor":42,"key":"PreservedInsect"},{"floor":43,"key":"Bottled Lightning"},{"floor":44,"key":"Peace Pipe"},{"floor":54,"key":"Blood Vial"}],"event_choices":[{"damage_healed":0.0,"max_hp_gain":0.0,"max_hp_loss":0.0,"gold_gain":0.0,"event_name":"Shining Light","player_choice":"Entered Light","floor":2.0,"gold_loss":0.0,"damage_taken":13.0,"cards_upgraded":["Strike_S","Strike_S"]},{"damage_healed":0.0,"max_hp_gain":0.0,"max_hp_loss":0.0,"gold_gain":0.0,"event_name":"The Woman in Blue","player_choice":"Bought 0 Potions","floor":3.0,"gold_loss":0.0,"damage_taken":0.0},{"damage_healed":0.0,"max_hp_gain":0.0,"max_hp_loss":0.0,"gold_gain":175.0,"event_name":"Liars Game","player_choice":"AGREE","floor":6.0,"gold_loss":0.0,"damage_taken":0.0,"cards_obtained":["Doubt"]},{"cards_removed":["Doubt"],"damage_healed":0.0,"max_hp_gain":0.0,"max_hp_loss":0.0,"gold_gain":0.0,"event_name":"Fountain of Cleansing","player_choice":"Removed Curses","floor":11.0,"gold_loss":0.0,"damage_taken":0.0},{"damage_healed":0.0,"max_hp_gain":0.0,"max_hp_loss":0.0,"gold_gain":0.0,"event_name":"Vampires","player_choice":"Ignored","floor":21.0,"gold_loss":0.0,"damage_taken":0.0},{"damage_healed":0.0,"max_hp_gain":0.0,"max_hp_loss":0.0,"gold_gain":0.0,"cards_transformed":["Strike_S","Strike_S"],"event_name":"Drug Dealer","player_choice":"Became Test Subject","floor":25.0,"gold_loss":0.0,"damage_taken":0.0,"cards_obtained":["WasteNot","Barrier"]},{"damage_healed":0.0,"max_hp_gain":0.0,"max_hp_loss":0.0,"gold_gain":0.0,"event_name":"SensoryStone","player_choice":"Memory 1","floor":36.0,"gold_loss":0.0,"damage_taken":0.0},{"cards_removed":["Defend_S"],"damage_healed":0.0,"max_hp_gain":0.0,"max_hp_loss":0.0,"gold_gain":0.0,"event_name":"Falling","player_choice":"Removed Skill","floor":37.0,"gold_loss":0.0,"damage_taken":0.0},{"damage_healed":0.0,"max_hp_gain":0.0,"max_hp_loss":0.0,"gold_gain":0.0,"event_name":"MindBloom","player_choice":"Fight","floor":38.0,"gold_loss":0.0,"damage_taken":0.0},{"damage_healed":0.0,"max_hp_gain":0.0,"max_hp_loss":0.0,"gold_gain":0.0,"event_name":"OrinTheCat","player_choice":"Fight","floor":39.0,"gold_loss":0.0,"damage_taken":0.0},{"damage_healed":0,"gold_gain":0,"player_choice":"Fight","damage_taken":0,"max_hp_gain":0,"max_hp_loss":0,"event_name":"Mysterious Sphere","floor":44,"gold_loss":0},{"damage_healed":0,"gold_gain":0,"player_choice":"Paid","damage_taken":0,"relics_obtained":["Red Mask"],"max_hp_gain":0,"max_hp_loss":0,"event_name":"Tomb of Lord Red Mask","floor":46,"gold_loss":97}],"is_beta":false,"boss_relics":[{"not_picked":["Sozu","SlaversCollar"],"picked":"SplendidAttire"},{"not_picked":["Philosopher\u0027s Stone","Coffee Dripper"],"picked":"Calling Bell"}],"items_purged_floors":[],"is_endless":false,"potions_floor_spawned":[1,5,7,13,16,18,19,30,33,38,44,48,54],"ascension_level":0}}