{"host":"qxeepl7ydvsgmfdb","time":1610016897,"event":{"mods":["AchievementEnabler","BaseMod","Colored Powertips","Minty Spire (QoL Compilation)","Quick Restart","slay the spire mod where everything is the same but ironclad has a cowboy hat"],"gold_per_floor":[117,40,40,215,230,257,332,183,254,264,285,305,339,358,358,456,456,473,388,328,346,356,356,356],"floor_reached":23,"playtime":2239,"items_purged":[],"score":251,"play_id":"8a8a5da7-9e07-42ae-8be5-8ff01c828356","local_time":"20210107055457","is_ascension_mode":false,"campfire_choices":[{"data":"Entrench","floor":15,"key":"SMITH"}],"circlet_count":0,"master_deck":["Bash","Body Slam","Armaments","Body Slam","Doubt","Thunderclap","Rampage","Seeing Red","Thunderclap","True Grit","Entrench+1","Battle Trance","Pummel","Warcry","Thunderclap","Shockwave","Ghostly Armor","Double Tap","Heavy Blade","Metallicize","Double Tap","Bludgeon","Armaments","Dark Embrace","Sentinel","Armaments","Entrench","Flame Barrier","Entrench+1"],"relics":["Burning Blood","NeowsBlessing","Bag of Preparation","Orrery","Self Forming Clay","Odd Mushroom","Question Card","Pandora\u0027s Box","HornCleat"],"acts_visited":["Exordium","TheCity"],"potions_floor_usage":[11,11,11,13,22],"damage_taken":[{"damage":0,"enemies":"2 Louse","floor":1,"turns":1},{"damage":0,"enemies":"Jaw Worm","floor":5,"turns":1},{"damage":0,"enemies":"Lagavulin","floor":6,"turns":1},{"damage":2,"enemies":"Small Slimes","floor":10,"turns":3},{"damage":0,"enemies":"The Mushroom Lair","floor":11,"turns":2},{"damage":3,"enemies":"Exordium Wildlife","floor":12,"turns":3},{"damage":0,"enemies":"3 Sentries","floor":13,"turns":5},{"damage":2,"enemies":"2 Fungi Beasts","floor":14,"turns":4},{"damage":77,"enemies":"Hexaghost","floor":16,"turns":11},{"damage":20,"enemies":"Chosen","floor":18,"turns":6},{"damage":27,"enemies":"Spheric Guardian","floor":21,"turns":13},{"damage":28,"enemies":"3 Cultists","floor":22,"turns":7},{"damage":23,"enemies":"Gremlin Leader","floor":23,"turns":3}],"seed_played":"-4223959120109464577","potions_obtained":[{"floor":1,"key":"Strength Potion"},{"floor":6,"key":"Explosive Potion"},{"floor":10,"key":"SteroidPotion"},{"floor":12,"key":"ColorlessPotion"},{"floor":21,"key":"Dexterity Potion"},{"floor":22,"key":"ElixirPotion"}],"is_trial":false,"path_per_floor":["M","$","?","?","M","E","?","$","T","M","?","M","E","M","R","B",null,"M","?","?","M","M","E"],"character_chosen":"IRONCLAD","items_purchased":["Armaments","Body Slam","Orrery"],"campfire_rested":0,"item_purchase_floors":[2,2,8],"current_hp_per_floor":[80,80,64,64,70,76,65,65,65,69,75,78,80,80,80,9,80,66,66,66,45,23,0,0],"gold":356,"neow_bonus":"THREE_ENEMY_KILL","is_daily":false,"chose_seed":false,"campfire_upgraded":1,"win_rate":0.0,"timestamp":1610016897,"path_taken":["M","$","?","?","M","E","?","$","T","?","?","M","E","M","R","BOSS","M","?","?","?","?","E"],"items_purchased_type":["Card","Card","Relic"],"build_version":"2020-12-22","purchased_purges":0,"victory":false,"max_hp_per_floor":[80,80,80,80,80,80,80,80,80,80,80,80,80,80,80,80,80,80,80,80,80,80,80,80],"card_choices":[{"not_picked":["Perfected Strike","Combust"],"picked":"Body Slam","floor":1},{"not_picked":["Twin Strike","Whirlwind"],"picked":"Thunderclap","floor":5},{"not_picked":["Reckless Charge","Disarm"],"picked":"Rampage","floor":6},{"not_picked":["Warcry","True Grit"],"picked":"Seeing Red","floor":8},{"not_picked":["Clothesline","Sever Soul"],"picked":"Thunderclap","floor":8},{"not_picked":["Pommel Strike","Headbutt"],"picked":"True Grit","floor":8},{"not_picked":["Seeing Red","Headbutt"],"picked":"Entrench","floor":8},{"not_picked":["Perfected Strike","Whirlwind"],"picked":"Battle Trance","floor":8},{"not_picked":["True Grit","Clash"],"picked":"Pummel","floor":10},{"not_picked":["Disarm","Anger"],"picked":"Warcry","floor":11},{"not_picked":["Fiend Fire","Whirlwind"],"picked":"Thunderclap","floor":12},{"not_picked":["Whirlwind","Clothesline"],"picked":"Shockwave","floor":13},{"not_picked":["Whirlwind","Warcry","Wild Strike"],"picked":"Ghostly Armor","floor":14},{"not_picked":["Limit Break","Impervious","Offering"],"picked":"Double Tap","floor":16},{"not_picked":["Sword Boomerang","Havoc+1","Flame Barrier"],"picked":"Armaments","floor":18},{"not_picked":["Warcry","Pommel Strike","Inflame"],"picked":"Entrench+1","floor":21},{"not_picked":["Hemokinesis+1","Pummel","Body Slam","True Grit"],"picked":"SKIP","floor":22}],"player_experience":391169,"relics_obtained":[{"floor":6,"key":"Bag of Preparation"},{"floor":9,"key":"Self Forming Clay"},{"floor":11,"key":"Odd Mushroom"},{"floor":13,"key":"Question Card"}],"event_choices":[{"damage_healed":0,"gold_gain":0,"player_choice":"Entered Light","damage_taken":16,"max_hp_gain":0,"max_hp_loss":0,"event_name":"Shining Light","floor":3,"gold_loss":0,"cards_upgraded":["Strike_R","Strike_R"]},{"damage_healed":0,"gold_gain":175,"player_choice":"AGREE","damage_taken":0,"max_hp_gain":0,"max_hp_loss":0,"event_name":"Liars Game","floor":4,"gold_loss":0,"cards_obtained":["Doubt"]},{"damage_healed":0,"gold_gain":75,"player_choice":"Gather Gold","damage_taken":11,"max_hp_gain":0,"max_hp_loss":0,"event_name":"World of Goop","floor":7,"gold_loss":0},{"damage_healed":0,"gold_gain":0,"player_choice":"Fought Mushrooms","damage_taken":0,"max_hp_gain":0,"max_hp_loss":0,"event_name":"Mushrooms","floor":11,"gold_loss":0},{"damage_healed":0,"gold_gain":0,"player_choice":"Obtained Relic","damage_taken":0,"relics_obtained":["HornCleat"],"max_hp_gain":0,"max_hp_loss":0,"event_name":"Addict","floor":19,"gold_loss":85},{"damage_healed":0,"gold_gain":0,"cards_transformed":["Offering","Combust"],"player_choice":"Transformed Cards","damage_taken":0,"max_hp_gain":0,"max_hp_loss":0,"event_name":"Designer","floor":20,"gold_loss":60,"cards_obtained":["Entrench","Flame Barrier"]}],"is_beta":false,"boss_relics":[{"not_picked":["SlaversCollar","Snecko Eye"],"picked":"Pandora\u0027s Box"}],"items_purged_floors":[],"is_endless":false,"potions_floor_spawned":[1,6,10,12,21,22],"killed_by":"Gremlin Leader","ascension_level":0}}