{"host":"acczert1kscx59ut","time":1610048950,"event":{"mods":["AchievementEnabler","Act Like it!","Aspiration","Astrologer","BaseMod","Beaked The Cultist","Bestiary","BetterRewards","Conspire","Decade(???)","Dio Mod","Downfall","Duelist Mod","Elementarium","Gensokyo","GifTheSpireLib","Glutton Mod","Gold Saver","Gremlin Mod","GungeonMod","Hallownest","Hermit","Hero for Fun","Hubris","Infinite Spire","Jorbs\u0027s Wanderer Trilogy","Koishi","Lobotomy","LobotomyExtend","Magitek Elite","Melee Mod","Minty Spire (QoL Compilation)","Quick Restart","Replay The Spire","Robot Space Explorer","Shade Mod","Shedinja","Shop Mod","Somnambulant","Spicy Shops","StSLib","Stuff the Spire","SuperFastMode","Td1madao Mod","The Animator","The Blackbeard","The Bug Knight","The Clintock","The Construct","The Cursed","The Disciple","The Dragon Tamer","The Exalted","The Factory","The Forsaken","The Gatherer","The Hayseed","The Hierophant","The Jungle","The Kombatant","The Necromancer","The Problem Sleuth","The Runesmith","The Showman","The Valiant","The Vixen","The Wild Card","TheFirefly","[IsaacMod]????","thorton","vexMod"],"gold_per_floor":[141,316,48,63,78,78,106,106,106,106,156,167,180,210,210,314,314,333,333,333],"floor_reached":19,"playtime":1481,"items_purged":["Doubt"],"score":177,"play_id":"81a2977a-fc73-44d8-aac2-621cba68f552","local_time":"20210107144910","is_ascension_mode":false,"campfire_choices":[{"data":"expansioncontent:DefensiveStance","floor":6,"key":"SMITH"},{"data":"Bromod:RadialBlind","floor":8,"key":"SMITH"},{"floor":10,"key":"REST"},{"data":"Bromod:ShatteringImpact","floor":10,"key":"SMITH"},{"floor":15,"key":"REST"},{"data":"Bromod:SpeedTrigger","floor":15,"key":"SMITH"}],"circlet_count":0,"master_deck":["Bromod:Strike_Bro","Bromod:Strike_Bro","Bromod:Strike_Bro","Bromod:Defend_Bro","Bromod:Defend_Bro","Bromod:Defend_Bro","Bromod:Defend_Bro","Bromod:SlashDash","Bromod:SlashDash","Bromod:SlashDash","EpicFetus","Bromod:RadialBlind+1","Bromod:ShatteringImpact+1","Bromod:OrganShatter","Bromod:Patagium","Bromod:Patagium","Bromod:FastHands","Bromod:SteelFiber","expansioncontent:DefensiveStance+1","Normality","Bromod:BodyCount","Bromod:RelentlessCombination","Bromod:Vitality","Bromod:Continuity","Bromod:OrganShatter","Bromod:SpeedTrigger+1","Bromod:SlipMagazine","Bromod:QuickThinking","Bromod:ConditionOverload","Bromod:HornetStrike","Bromod:RelentlessCombination"],"relics":["Bromod:Ordis","Bromod:AscarisDevice","HushsDoor","D6","aspiration:Nostalgia","animator:PurgingStone","LetterFromLob","BargainBundle","hubris:EmptyBottle","conspire:Boomerang","infinitespire:Magic Flask","ReplayTheSpireMod:Lightbulb","Odd Mushroom","Replay:Ancient Bell","GuppysTail"],"acts_visited":["Exordium","TheCity"],"potions_floor_usage":[7,7,11,12,12,16],"damage_taken":[{"damage":1,"enemies":"Jaw Worm","floor":1,"turns":3},{"damage":5,"enemies":"Small Slimes","floor":4,"turns":4},{"damage":2,"enemies":"2 Louse","floor":5,"turns":3},{"damage":7,"enemies":"Gremlin Nob","floor":7,"turns":5},{"damage":2,"enemies":"3 Sentries","floor":11,"turns":6},{"damage":0,"enemies":"Lots of Slimes","floor":12,"turns":1},{"damage":0,"enemies":"Exordium Wildlife","floor":13,"turns":6},{"damage":19,"enemies":"The Mushroom Lair","floor":14,"turns":6},{"damage":12,"enemies":"Fading Forest","floor":16,"turns":11},{"damage":8,"enemies":"Chosen","floor":18,"turns":6},{"damage":4,"enemies":"3 Byrds","floor":19,"turns":3}],"seed_played":"2761277666704290462","potions_obtained":[{"floor":12,"key":"Bromod:Kuva"},{"floor":14,"key":"Bromod:Endo"}],"is_trial":false,"path_per_floor":["M","?","$","M","M","R","E","R","T","R","E","M","M","?","R","B",null,"M","M"],"character_chosen":"THE_EXALTED","items_purchased":["BargainBundle","Bromod:ShatteringImpact","Bromod:OrganShatter","Bromod:Patagium","Bromod:FastHands","Bromod:SteelFiber","expansioncontent:DefensiveStance","construct:ShiftPotion","Explosive Potion","Strength Potion","hubris:EmptyBottle","Bromod:ConditionOverload","Bromod:HornetStrike","GuppysTail"],"campfire_rested":2,"item_purchase_floors":[3,3,3,3,3,3,3,3,3,3,3,17,17,17],"current_hp_per_floor":[74,74,74,69,67,67,60,60,60,75,73,73,73,54,75,73,58,50,46,46],"gold":333,"neow_bonus":"NOSTALGIA","is_daily":false,"chose_seed":false,"campfire_upgraded":4,"win_rate":0.0,"timestamp":1610048950,"path_taken":["M","?","$","M","M","R","E","R","T","R","E","M","M","?","R","BOSS","M","?"],"items_purchased_type":["Relic","Card","Card","Card","Card","Card","Card","Potion","Potion","Potion","Relic","Card","Card","Relic"],"build_version":"2020-12-22","purchased_purges":1,"victory":false,"max_hp_per_floor":[75,75,75,75,75,75,75,75,75,75,75,75,75,75,75,75,58,58,58,58],"card_choices":[{"not_picked":[],"picked":"EpicFetus","floor":0},{"not_picked":["Bomb","Bromod:Fury"],"picked":"Bromod:RadialBlind","floor":1},{"not_picked":["Bromod:PointStrike","Bromod:Patagium"],"picked":"Bromod:BodyCount","floor":4},{"not_picked":["Bromod:BodyCount","Bromod:Redirection"],"picked":"Bromod:RelentlessCombination","floor":5},{"not_picked":["Bromod:BodyCount","Bromod:FastHands"],"picked":"Bromod:Vitality","floor":7},{"not_picked":["Bromod:PressurePoint","Bromod:SlipMagazine"],"picked":"Bromod:Continuity","floor":11},{"not_picked":["Bromod:PointStrike","Bromod:KillingBlow"],"picked":"Bromod:OrganShatter","floor":12},{"not_picked":["Bromod:PointStrike","Bromod:Intensify"],"picked":"Bromod:SpeedTrigger","floor":13},{"not_picked":["Bromod:HornetStrike","Bromod:Reflection"],"picked":"Bromod:SlipMagazine","floor":14},{"not_picked":["Bromod:HellsChamber","Bromod:VoltaicStrike"],"picked":"Bromod:QuickThinking","floor":16},{"not_picked":["Bromod:BodyCount+1","Bromod:PointStrike+1"],"picked":"Bromod:RelentlessCombination","floor":18}],"player_experience":209823,"relics_obtained":[{"floor":1,"key":"LetterFromLob"},{"floor":7,"key":"conspire:Boomerang"},{"floor":9,"key":"infinitespire:Magic Flask"},{"floor":11,"key":"ReplayTheSpireMod:Lightbulb"},{"floor":14,"key":"Odd Mushroom"}],"event_choices":[{"damage_healed":0,"gold_gain":175,"player_choice":"AGREE","damage_taken":0,"max_hp_gain":0,"max_hp_loss":0,"event_name":"Liars Game","floor":2,"gold_loss":0,"cards_obtained":["Doubt"]},{"damage_healed":0,"gold_gain":0,"player_choice":"Fought Mushrooms","damage_taken":0,"max_hp_gain":0,"max_hp_loss":0,"event_name":"Mushrooms","floor":14,"gold_loss":0}],"is_beta":false,"boss_relics":[{"not_picked":["conspire:RunicOctahedron","ChampionBelt"],"picked":"Replay:Ancient Bell"},{"not_picked":[]}],"items_purged_floors":[3],"is_endless":false,"potions_floor_spawned":[5,12,14],"killed_by":"3 Byrds","ascension_level":0}}