{"host":"og6lam4kt3nibbw0","time":1610041393,"event":{"mods":["AchievementEnabler","BaseMod","Colored Map","DeckTracker","Highlight Path","Keyboard Shortcuts","Minty Spire (QoL Compilation)","Permanent Neow","Quick Restart","StSLib","SuperFastMode"],"gold_per_floor":[115,115,135,205,219,254,274,334,360,434,454,454,223,273,273,345,345,355,431,481,531,543,543,612,612,612],"floor_reached":25,"playtime":1046,"items_purged":["Strike_B"],"score":456,"play_id":"dea8676c-578a-430f-b1fe-971f42494d3e","local_time":"20210108024313","is_ascension_mode":true,"campfire_choices":[{"data":"Dualcast","floor":12.0,"key":"SMITH"},{"data":"Machine Learning","floor":15.0,"key":"SMITH"},{"floor":23,"key":"REST"}],"circlet_count":0,"master_deck":["AscendersBane","Strike_B","Defend_B","Defend_B","Defend_B","Defend_B","Zap","Dualcast+1","FTL","Hologram","Defragment","Auto Shields","Defragment","Meteor Strike","Machine Learning+1","Compile Driver","Creative AI","Double Energy+1","Skim","Echo Form","Coolheaded"],"relics":["Cracked Core","Ice Cream","SsserpentHead","Potion Belt","Orichalcum","Vajra","SlaversCollar","Red Mask","Bag of Preparation"],"acts_visited":["Exordium","TheCity"],"potions_floor_usage":[22],"damage_taken":[{"damage":0.0,"enemies":"2 Louse","floor":1.0,"turns":3.0},{"damage":1.0,"enemies":"Cultist","floor":3.0,"turns":3.0},{"damage":7.0,"enemies":"Jaw Worm","floor":4.0,"turns":3.0},{"damage":23.0,"enemies":"Exordium Thugs","floor":5.0,"turns":4.0},{"damage":7.0,"enemies":"Lagavulin","floor":6.0,"turns":7.0},{"damage":7.0,"enemies":"Exordium Wildlife","floor":8.0,"turns":4.0},{"damage":3.0,"enemies":"Looter","floor":11.0,"turns":3.0},{"damage":38.0,"enemies":"Hexaghost","floor":16.0,"turns":11.0},{"damage":39.0,"enemies":"Chosen","floor":18.0,"turns":7.0},{"damage":6.0,"enemies":"Masked Bandits","floor":19.0,"turns":2.0},{"damage":6,"enemies":"Shell Parasite","floor":22,"turns":3},{"damage":10,"enemies":"Shelled Parasite and Fungi","floor":24,"turns":2}],"seed_played":"-8842695705879275045","potions_obtained":[{"floor":3.0,"key":"LiquidMemories"},{"floor":4.0,"key":"Energy Potion"},{"floor":5.0,"key":"Fire Potion"},{"floor":7.0,"key":"Fruit Juice"},{"floor":7.0,"key":"EntropicBrew"},{"floor":16.0,"key":"FocusPotion"},{"floor":19.0,"key":"SkillPotion"},{"floor":24,"key":"FocusPotion"}],"is_trial":false,"path_per_floor":["M","?","M","M","M","E","?","M","T","T","M","R","$","?","R","B",null,"M","?","?","?","M","R","M","$"],"character_chosen":"DEFECT","items_purchased":["Machine Learning","Compile Driver"],"campfire_rested":1,"item_purchase_floors":[13,13],"current_hp_per_floor":[64,64,63,56,33,26,26,24,24,24,21,21,21,44,44,6,53,14,8,8,8,2,22,12,12,12],"gold":612,"neow_bonus":"ONE_RARE_RELIC","is_daily":false,"chose_seed":false,"campfire_upgraded":2,"win_rate":0.0,"timestamp":1610041393,"path_taken":["M","?","M","?","M","E","?","?","T","?","M","R","?","?","R","BOSS","M","?","?","?","M","R","?","$"],"items_purchased_type":["Card","Card"],"build_version":"2020-12-22","purchased_purges":1,"victory":false,"max_hp_per_floor":[64,64,64,64,64,64,64,69,69,69,69,69,69,69,69,69,69,69,69,69,69,69,69,69,69,69],"card_choices":[{"not_picked":["Stack","Beam Cell"],"picked":"FTL","floor":1.0},{"not_picked":["Beam Cell","Compile Driver"],"picked":"Hologram","floor":3.0},{"not_picked":["Consume","FTL"],"picked":"Defragment","floor":4.0},{"not_picked":["Heatsinks","Capacitor"],"picked":"Auto Shields","floor":5.0},{"not_picked":["Conserve Battery","Sweeping Beam"],"picked":"Defragment","floor":6.0},{"not_picked":["Sweeping Beam","Barrage","Compile Driver"],"picked":"SKIP","floor":8.0},{"not_picked":["Leap","Aggregate"],"picked":"Meteor Strike","floor":11.0},{"not_picked":["Multi-Cast","Fission"],"picked":"Creative AI","floor":16.0},{"not_picked":["Streamline","Conserve Battery+1"],"picked":"Double Energy+1","floor":18.0},{"not_picked":["Chaos","Stack"],"picked":"Skim","floor":19.0},{"not_picked":["Gash","Hello World"],"picked":"Coolheaded","floor":22},{"not_picked":["Leap","Gash","Doom and Gloom"],"picked":"SKIP","floor":24}],"player_experience":830787,"relics_obtained":[{"floor":6.0,"key":"Potion Belt"},{"floor":9.0,"key":"Orichalcum"},{"floor":10.0,"key":"Vajra"},{"floor":19.0,"key":"Red Mask"}],"event_choices":[{"damage_healed":0.0,"max_hp_gain":0.0,"max_hp_loss":0.0,"gold_gain":0.0,"event_name":"FaceTrader","player_choice":"Trade","floor":2.0,"gold_loss":0.0,"damage_taken":0.0,"relics_obtained":["SsserpentHead"]},{"damage_healed":0.0,"max_hp_gain":0.0,"max_hp_loss":0.0,"gold_gain":0.0,"event_name":"The Woman in Blue","player_choice":"Bought 2 Potions","floor":7.0,"gold_loss":0.0,"damage_taken":0.0},{"damage_healed":23.0,"max_hp_gain":0.0,"max_hp_loss":0.0,"gold_gain":0.0,"event_name":"Big Fish","player_choice":"Banana","floor":14.0,"gold_loss":0.0,"damage_taken":0.0},{"damage_healed":0.0,"max_hp_gain":0.0,"max_hp_loss":0.0,"gold_gain":0.0,"event_name":"Masked Bandits","player_choice":"Fought Bandits","floor":19.0,"gold_loss":0.0,"damage_taken":0.0},{"damage_healed":0.0,"max_hp_gain":0.0,"max_hp_loss":0.0,"gold_gain":0.0,"cards_transformed":["Strike_B","Strike_B"],"event_name":"Drug Dealer","player_choice":"Became Test Subject","floor":20.0,"gold_loss":0.0,"damage_taken":0.0,"cards_obtained":["Echo Form","Rip and Tear"]},{"cards_removed":["Rip and Tear"],"damage_healed":0.0,"max_hp_gain":0.0,"max_hp_loss":0.0,"gold_gain":0.0,"event_name":"WeMeetAgain","player_choice":"Gave Card","floor":21.0,"gold_loss":0.0,"damage_taken":0.0,"relics_obtained":["Bag of Preparation"]}],"is_beta":false,"boss_relics":[{"not_picked":["Sozu","Ectoplasm"],"picked":"SlaversCollar"}],"items_purged_floors":[13],"is_endless":false,"potions_floor_spawned":[3,4,5,16,19,24],"ascension_level":20}}