{"host":"6wux4armhsntp4yb","time":1610020517,"event":{"mods":["BaseMod","Colored Map","DeckTracker","Minty Spire (QoL Compilation)","Relic Stats"],"gold_per_floor":[216,216,232,248,258,258,23,33,33,33,66,86,112,125,125,202,202,212,137,152,152,170,170,170,201,201,101,101,129,129,148,148,148,148],"floor_reached":33,"playtime":2821,"items_purged":["Strike_G","Pain"],"score":644,"play_id":"59ded14c-74ef-41dc-9c95-77e56f9e8645","local_time":"20210107205517","is_ascension_mode":true,"campfire_choices":[{"data":"Skewer","floor":6.0,"key":"SMITH"},{"data":"Deadly Poison","floor":10.0,"key":"SMITH"},{"data":"Tools of the Trade","floor":15.0,"key":"SMITH"},{"data":"Phantasmal Killer","floor":23.0,"key":"SMITH"},{"data":"Noxious Fumes","floor":24.0,"key":"SMITH"},{"data":"Footwork","floor":28.0,"key":"SMITH"},{"data":"Leg Sweep","floor":32.0,"key":"SMITH"}],"circlet_count":0,"master_deck":["AscendersBane","Strike_G","Strike_G","Strike_G","Defend_G","Defend_G","Defend_G","Defend_G","Defend_G","Survivor","Neutralize+1","Dagger Throw","Skewer+1","Deadly Poison+1","Dagger Spray","Dagger Throw","Tools of the Trade+1","Phantasmal Killer+1","Blade Dance+1","Noxious Fumes+1","Footwork+1","Escape Plan","Leg Sweep+1","PiercingWail"],"relics":["Ring of the Snake","Chemical X","WingedGreaves","Bird Faced Urn","InkBottle","HoveringKite","WarpedTongs","Centennial Puzzle","HornCleat","Question Card"],"acts_visited":["Exordium","TheCity"],"potions_floor_usage":[],"damage_taken":[{"damage":3.0,"enemies":"Small Slimes","floor":1.0,"turns":5.0},{"damage":0.0,"enemies":"Cultist","floor":3.0,"turns":4.0},{"damage":0.0,"enemies":"2 Louse","floor":4.0,"turns":3.0},{"damage":2.0,"enemies":"2 Fungi Beasts","floor":5.0,"turns":4.0},{"damage":6.0,"enemies":"Gremlin Gang","floor":8.0,"turns":6.0},{"damage":24.0,"enemies":"3 Sentries","floor":11.0,"turns":7.0},{"damage":0.0,"enemies":"Red Slaver","floor":12.0,"turns":3.0},{"damage":0.0,"enemies":"Gremlin Nob","floor":13.0,"turns":3.0},{"damage":0.0,"enemies":"Lots of Slimes","floor":14.0,"turns":3.0},{"damage":15.0,"enemies":"Hexaghost","floor":16.0,"turns":8.0},{"damage":5.0,"enemies":"2 Thieves","floor":18.0,"turns":3.0},{"damage":1.0,"enemies":"3 Byrds","floor":20.0,"turns":4.0},{"damage":1.0,"enemies":"3 Cultists","floor":22.0,"turns":3.0},{"damage":19.0,"enemies":"Slavers","floor":25.0,"turns":5.0},{"damage":3.0,"enemies":"Gremlin Leader","floor":29.0,"turns":4.0},{"damage":9.0,"enemies":"Snake Plant","floor":31.0,"turns":4.0},{"damage":48,"enemies":"Collector","floor":33,"turns":8}],"seed_played":"-7448105391251007734","potions_obtained":[{"floor":5.0,"key":"SpeedPotion"},{"floor":11.0,"key":"PowerPotion"},{"floor":12.0,"key":"PowerPotion"},{"floor":14.0,"key":"SneckoOil"},{"floor":18.0,"key":"Block Potion"}],"is_trial":false,"path_per_floor":["M","?","M","M","M","R","$","M","T","R","E","M","E","M","R","B",null,"M","?","M","?","M","R","R","E","T","$","R","E","$","M","R","B"],"character_chosen":"THE_SILENT","items_purchased":["Chemical X"],"campfire_rested":0,"item_purchase_floors":[7],"current_hp_per_floor":[56,56,56,56,54,54,54,48,48,48,24,24,26,26,26,13,53,48,48,49,49,52,52,52,39,39,39,39,44,44,41,41,0,0],"gold":148,"neow_bonus":"HUNDRED_GOLD","is_daily":false,"chose_seed":false,"campfire_upgraded":7,"win_rate":0.0,"timestamp":1610020517,"path_taken":["M","?","?","M","M","R","$","M","T","R","E","M","E","M","R","BOSS","M","?","M","?","?","R","R","E","T","?","R","E","$","M","R","BOSS"],"items_purchased_type":["Relic"],"build_version":"2020-12-22","purchased_purges":2,"victory":false,"max_hp_per_floor":[66,66,66,66,66,66,66,66,66,66,66,66,66,66,66,66,66,66,66,66,66,66,66,66,66,66,66,66,66,66,66,66,66,66],"relic_stats":{"Centennial Puzzle":[9],"counters":[17,77],"Bird Faced Urn":[36],"HoveringKite":[26],"Chemical X":[24],"Question Card":1,"obtain_stats":[{"Centennial Puzzle":25,"HornCleat":26,"Bird Faced Urn":11,"HoveringKite":17,"WingedGreaves":9,"Chemical X":7,"Question Card":29,"InkBottle":13,"Ring of the Snake":0,"WarpedTongs":21},{"Centennial Puzzle":14,"HornCleat":14,"Bird Faced Urn":6,"HoveringKite":10,"WingedGreaves":5,"Chemical X":4,"Question Card":15,"InkBottle":8,"Ring of the Snake":0,"WarpedTongs":12},{"Centennial Puzzle":61,"HornCleat":61,"Bird Faced Urn":29,"HoveringKite":46,"WingedGreaves":22,"Chemical X":16,"Question Card":65,"InkBottle":35,"Ring of the Snake":0,"WarpedTongs":53}],"InkBottle":[19],"Ring of the Snake":[34],"WarpedTongs":[24]},"card_choices":[{"not_picked":["Flying Knee","Blade Dance"],"picked":"Dagger Throw","floor":1.0},{"not_picked":["Setup","Underhanded Strike"],"picked":"Skewer","floor":3.0},{"not_picked":["Poisoned Stab","Dagger Spray"],"picked":"Deadly Poison","floor":4.0},{"not_picked":["Poisoned Stab","Accuracy"],"picked":"Dagger Spray","floor":5.0},{"not_picked":["Infinite Blades","Concentrate"],"picked":"Dagger Throw","floor":8.0},{"not_picked":["Backflip","Outmaneuver"],"picked":"Tools of the Trade","floor":11.0},{"not_picked":["Blade Dance","Slice","Dagger Throw"],"picked":"SKIP","floor":12.0},{"not_picked":["Blade Dance","Slice","Dagger Throw"],"picked":"SKIP","floor":12.0},{"not_picked":["Bane","Deadly Poison","Dodge and Roll"],"picked":"SKIP","floor":13.0},{"not_picked":["Bane","Deadly Poison","Masterful Stab"],"picked":"SKIP","floor":14.0},{"not_picked":["Envenom","Glass Knife"],"picked":"Phantasmal Killer","floor":16.0},{"not_picked":["Underhanded Strike","Backflip"],"picked":"Blade Dance+1","floor":18.0},{"not_picked":["Dagger Spray","Sucker Punch"],"picked":"Noxious Fumes","floor":20.0},{"not_picked":["Backflip","Deadly Poison"],"picked":"Footwork","floor":22.0},{"not_picked":["Poisoned Stab","Prepared"],"picked":"Escape Plan","floor":25.0},{"not_picked":["Riddle With Holes","Dagger Throw"],"picked":"Leg Sweep","floor":29.0},{"not_picked":["Blade Dance","Endless Agony","Outmaneuver"],"picked":"PiercingWail","floor":31.0}],"player_experience":5742318,"relics_obtained":[{"floor":9.0,"key":"WingedGreaves"},{"floor":11.0,"key":"Bird Faced Urn"},{"floor":13.0,"key":"InkBottle"},{"floor":25.0,"key":"Centennial Puzzle"},{"floor":26.0,"key":"HornCleat"},{"floor":29.0,"key":"Question Card"}],"event_choices":[{"damage_healed":0.0,"max_hp_gain":0.0,"max_hp_loss":0.0,"gold_gain":0.0,"event_name":"Upgrade Shrine","player_choice":"Upgraded","floor":2.0,"gold_loss":0.0,"damage_taken":0.0,"cards_upgraded":["Neutralize"]},{"cards_removed":["Strike_G"],"damage_healed":0.0,"max_hp_gain":0.0,"max_hp_loss":0.0,"gold_gain":0.0,"event_name":"Beggar","player_choice":"Gave Gold","floor":19.0,"gold_loss":75.0,"damage_taken":0.0},{"damage_healed":0.0,"max_hp_gain":0.0,"max_hp_loss":0.0,"gold_gain":0.0,"event_name":"Accursed Blacksmith","player_choice":"Rummage","floor":21.0,"gold_loss":0.0,"damage_taken":0.0,"relics_obtained":["WarpedTongs"],"cards_obtained":["Pain"]}],"is_beta":false,"boss_relics":[{"not_picked":["Snecko Eye","Astrolabe"],"picked":"HoveringKite"}],"items_purged_floors":[7,27],"is_endless":false,"potions_floor_spawned":[5,11,12,14,18,22],"killed_by":"Collector","ascension_level":20}}