{"host":"4qkvkh7pd9qr2mca","time":1610055287,"event":{"mods":["AchievementEnabler","BaseMod","Colored Map","Colored Powertips","Highlight Path","Minty Spire (QoL Compilation)","Permanent Neow","Quick Restart","StSLib","SuperFastMode"],"gold_per_floor":[315,315,133,153,166,195,195,215,215,215,230,305,331,351,351,429,429,448,465,478,489,42,42,42,42],"floor_reached":24,"playtime":1121,"items_purged":["Strike_G","Strike_G"],"score":420,"play_id":"1f8f7214-bb6f-4326-9cbb-50b938aa6da1","local_time":"20210107223447","is_ascension_mode":true,"campfire_choices":[{"floor":10,"key":"REST"},{"floor":15,"key":"REST"},{"floor":23,"key":"REST"}],"circlet_count":0,"master_deck":["AscendersBane","Strike_G","Strike_G","Defend_G","Defend_G","Defend_G","Defend_G","Defend_G","Survivor","Neutralize","Bane","Noxious Fumes","Bane","Blade Dance","Phantasmal Killer","Quick Slash","Footwork","Dodge and Roll","PiercingWail+1","Cloak And Dagger+1","Glass Knife","Tactician+1","Acrobatics+1","Acrobatics+1","Footwork"],"relics":["Ring of the Snake","Old Coin","MealTicket","Regal Pillow","Toxic Egg 2","Fusion Hammer","Bottled Tornado"],"acts_visited":["Exordium","TheCity"],"potions_floor_usage":[6,8,19,21],"damage_taken":[{"damage":5,"enemies":"Small Slimes","floor":1,"turns":6},{"damage":4,"enemies":"Jaw Worm","floor":4,"turns":4},{"damage":1,"enemies":"Cultist","floor":5,"turns":3},{"damage":27,"enemies":"Gremlin Nob","floor":6,"turns":4},{"damage":15,"enemies":"Large Slime","floor":8,"turns":6},{"damage":8,"enemies":"Exordium Wildlife","floor":11,"turns":4},{"damage":15,"enemies":"Lagavulin","floor":13,"turns":7},{"damage":0,"enemies":"Looter","floor":14,"turns":4},{"damage":24,"enemies":"The Guardian","floor":16,"turns":13},{"damage":10,"enemies":"Spheric Guardian","floor":18,"turns":4},{"damage":7,"enemies":"2 Thieves","floor":19,"turns":5},{"damage":0,"enemies":"Centurion and Healer","floor":20,"turns":7},{"damage":22,"enemies":"3 Cultists","floor":21,"turns":5},{"damage":69,"enemies":"Book of Stabbing","floor":24,"turns":6}],"seed_played":"-4371664646271061695","potions_obtained":[{"floor":4,"key":"PowerPotion"},{"floor":6,"key":"SteroidPotion"},{"floor":11,"key":"SkillPotion"},{"floor":16,"key":"Energy Potion"},{"floor":20,"key":"Strength Potion"}],"is_trial":false,"path_per_floor":["M","?","$","M","M","E","?","M","T","R","M","?","E","M","R","B",null,"M","M","M","M","$","R","E"],"character_chosen":"THE_SILENT","items_purchased":["Noxious Fumes","Bane","Footwork","Bottled Tornado"],"campfire_rested":3,"item_purchase_floors":[3,3,22,22],"current_hp_per_floor":[54,54,54,50,49,22,22,7,7,41,33,22,7,7,41,17,54,44,37,37,15,30,64,0,0],"gold":42,"neow_bonus":"ONE_RARE_RELIC","is_daily":false,"chose_seed":false,"campfire_upgraded":0,"win_rate":0.0,"timestamp":1610055287,"path_taken":["M","?","$","M","M","E","?","?","T","R","M","?","E","M","R","BOSS","M","M","M","M","$","R","E"],"items_purchased_type":["Card","Card","Card","Relic"],"build_version":"2020-12-22","purchased_purges":2,"victory":false,"max_hp_per_floor":[66,66,66,66,66,66,66,66,66,66,66,66,66,66,66,66,66,66,66,66,66,66,66,66,66],"card_choices":[{"not_picked":["Flechettes","Slice"],"picked":"Bane","floor":1},{"not_picked":["Quick Slash","Sucker Punch","Dodge and Roll"],"picked":"SKIP","floor":4},{"not_picked":["Choke","Sucker Punch"],"picked":"Blade Dance","floor":5},{"not_picked":["Escape Plan","Wraith Form v2"],"picked":"Phantasmal Killer","floor":6},{"not_picked":["Finisher","Escape Plan"],"picked":"Footwork","floor":8},{"not_picked":["Slice","Dagger Throw"],"picked":"Dodge and Roll","floor":11},{"not_picked":["Masterful Stab","Bouncing Flask+1"],"picked":"PiercingWail+1","floor":13},{"not_picked":["Sucker Punch","All Out Attack"],"picked":"Cloak And Dagger+1","floor":14},{"not_picked":["Unload","Tools of the Trade"],"picked":"Glass Knife","floor":16},{"not_picked":["Expertise+1","Distraction+1"],"picked":"Tactician+1","floor":18},{"not_picked":["Quick Slash","Outmaneuver+1","Dagger Spray"],"picked":"SKIP","floor":19},{"not_picked":["Bane","Setup+1"],"picked":"Acrobatics+1","floor":20},{"not_picked":["Deadly Poison+1","Prepared+1"],"picked":"Acrobatics+1","floor":21}],"player_experience":507030,"relics_obtained":[{"floor":6,"key":"MealTicket"},{"floor":9,"key":"Regal Pillow"},{"floor":13,"key":"Toxic Egg 2"}],"event_choices":[{"damage_healed":0,"gold_gain":0,"player_choice":"Ignored","damage_taken":0,"max_hp_gain":0,"max_hp_loss":0,"event_name":"Shining Light","floor":2,"gold_loss":0},{"damage_healed":0,"gold_gain":0,"cards_transformed":["Strike_G"],"player_choice":"Transformed","damage_taken":0,"max_hp_gain":0,"max_hp_loss":0,"event_name":"Transmorgrifier","floor":7,"gold_loss":0,"cards_obtained":["Quick Slash"]},{"damage_healed":0,"gold_gain":75,"player_choice":"Gather Gold","damage_taken":11,"max_hp_gain":0,"max_hp_loss":0,"event_name":"World of Goop","floor":12,"gold_loss":0}],"is_beta":false,"boss_relics":[{"not_picked":["SlaversCollar","Snecko Eye"],"picked":"Fusion Hammer"}],"items_purged_floors":[3,22],"is_endless":false,"potions_floor_spawned":[4,6,11,16,20],"killed_by":"Book of Stabbing","ascension_level":20}}