{"host":"omv42op7s93bjjql","time":1610057949,"event":{"mods":["BaseMod","Colored Map","Colored Powertips","DeckTracker","Keyboard Shortcuts","Minty Spire (QoL Compilation)","StSLib","SuperFastMode"],"gold_per_floor":[114,114,132,145,162,162,190,200,227,227,242,242,207,36,36,129,129,148,166,91,116,31,31,31],"floor_reached":23,"playtime":652,"items_purged":[],"score":386,"play_id":"2c6cde86-8b13-4068-936e-8e7d61a2c0da","local_time":"20210108071909","is_ascension_mode":true,"campfire_choices":[{"data":"Beam Cell","floor":6,"key":"SMITH"},{"floor":10,"key":"REST"},{"data":"Fusion","floor":15,"key":"SMITH"}],"circlet_count":0,"master_deck":["AscendersBane","Strike_B","Strike_B","Strike_B","Defend_B","Defend_B","Defend_B","Defend_B","Zap","Dualcast","Beam Cell+1","Barrage","Compile Driver","Cold Snap","FTL","Glacier","Fusion+1","Echo Form","Core Surge","Hologram","Rebound","Aggregate"],"relics":["Cracked Core","Orichalcum","Lantern","Golden Idol","SlaversCollar","DataDisk"],"acts_visited":["Exordium","TheCity"],"potions_floor_usage":[7,11,18,23],"damage_taken":[{"damage":12,"enemies":"Small Slimes","floor":1,"turns":3},{"damage":6,"enemies":"Cultist","floor":3,"turns":3},{"damage":2,"enemies":"2 Louse","floor":4,"turns":3},{"damage":25,"enemies":"Exordium Wildlife","floor":5,"turns":6},{"damage":24,"enemies":"3 Sentries","floor":7,"turns":7},{"damage":11,"enemies":"2 Fungi Beasts","floor":8,"turns":3},{"damage":0,"enemies":"Red Slaver","floor":11,"turns":1},{"damage":18,"enemies":"Slime Boss","floor":16,"turns":10},{"damage":4,"enemies":"3 Byrds","floor":18,"turns":6},{"damage":31,"enemies":"2 Thieves","floor":19,"turns":5},{"damage":27,"enemies":"Snake Plant","floor":21,"turns":5},{"damage":28,"enemies":"Slavers","floor":23,"turns":1}],"seed_played":"-9082132575905774221","potions_obtained":[{"floor":5,"key":"LiquidBronze"},{"floor":7,"key":"Fire Potion"},{"floor":8,"key":"FairyPotion"},{"floor":16,"key":"LiquidMemories"},{"floor":19,"key":"Strength Potion"}],"is_trial":false,"path_per_floor":["M","?","M","M","M","R","E","M","T","R","M","?","?","$","R","B",null,"M","M","?","M","?","E"],"character_chosen":"DEFECT","items_purchased":["Echo Form"],"campfire_rested":1,"item_purchase_floors":[14],"current_hp_per_floor":[52,81,75,73,48,48,24,13,13,37,37,37,55,55,55,37,64,60,29,29,2,2,0,0],"gold":31,"neow_bonus":"ONE_RANDOM_RARE_CARD","is_daily":false,"chose_seed":false,"campfire_upgraded":2,"win_rate":0.0,"timestamp":1610057949,"path_taken":["M","?","M","M","M","R","E","?","T","R","M","?","?","$","R","BOSS","M","M","?","M","?","E"],"items_purchased_type":["Card"],"build_version":"2020-12-22","purchased_purges":0,"victory":false,"max_hp_per_floor":[71,81,81,81,81,81,81,81,81,81,81,73,73,73,73,73,73,73,73,73,73,73,73,73],"card_choices":[{"not_picked":["Turbo","Barrage"],"picked":"Beam Cell","floor":1},{"not_picked":["Hologram","Leap"],"picked":"Barrage","floor":3},{"not_picked":["Stack","Barrage"],"picked":"Compile Driver","floor":4},{"not_picked":["Double Energy","Creative AI"],"picked":"Cold Snap","floor":5},{"not_picked":["Hello World","Stack"],"picked":"FTL","floor":7},{"not_picked":["Leap","Conserve Battery"],"picked":"Glacier","floor":8},{"not_picked":["Barrage","Stack"],"picked":"Fusion","floor":11},{"not_picked":["All For One","Fission"],"picked":"Core Surge","floor":16},{"not_picked":["Barrage","Hello World"],"picked":"Hologram","floor":18},{"not_picked":["Consume","Core Surge"],"picked":"Rebound","floor":19},{"not_picked":["Turbo","Hologram"],"picked":"Aggregate","floor":21}],"player_experience":853963,"relics_obtained":[{"floor":7,"key":"Orichalcum"},{"floor":9,"key":"Lantern"}],"event_choices":[{"cards_removed":["Thunder Strike"],"damage_healed":19,"gold_gain":0,"player_choice":"Offered Rare","damage_taken":0,"max_hp_gain":10,"max_hp_loss":0,"event_name":"Bonfire Elementals","floor":2,"gold_loss":0},{"damage_healed":0,"gold_gain":0,"player_choice":"Lose Max HP","damage_taken":0,"relics_obtained":["Golden Idol"],"max_hp_gain":0,"max_hp_loss":8,"event_name":"Golden Idol","floor":12,"gold_loss":0},{"damage_healed":18,"gold_gain":0,"player_choice":"Healed","damage_taken":0,"max_hp_gain":0,"max_hp_loss":0,"event_name":"The Cleric","floor":13,"gold_loss":35},{"cards_removed":["Strike_B"],"damage_healed":0,"gold_gain":0,"player_choice":"Gave Gold","damage_taken":0,"max_hp_gain":0,"max_hp_loss":0,"event_name":"Beggar","floor":20,"gold_loss":75},{"damage_healed":0,"gold_gain":0,"player_choice":"Obtained Relic","damage_taken":0,"relics_obtained":["DataDisk"],"max_hp_gain":0,"max_hp_loss":0,"event_name":"Addict","floor":22,"gold_loss":85}],"is_beta":false,"boss_relics":[{"not_picked":["Velvet Choker","Black Star"],"picked":"SlaversCollar"}],"items_purged_floors":[],"is_endless":false,"potions_floor_spawned":[5,7,8,16,19],"killed_by":"Slavers","ascension_level":20}}