{"host":"5fasz840ryq7obdf","time":1610019452,"event":{"mods":["2.2 Compatiblity","AchievementEnabler","BaseMod","Bestiary","Better Altar","Better Skull","Better Third Choice","BetterRewards","Block Reminder","Colored Powertips","Curses Come First","Downfall","Minty Spire (QoL Compilation)","Quick Restart","Relic Sorter","Relic Stats","Shop Mod","Spicy Shops","StSLib","SuperFastMode","ojb\u0027s Better Paths Mod","ojb\u0027s Info Mod"],"gold_per_floor":[111,127,143,143,157,182,192,220,271,297,297,312,312,340,340,414,414,426,426,445,62,112,146,4,37,63,97,146,173,184,217,217,291,291,303,313,83,0,0,0,41,53,92,104,129,154,193,222,234,246,258,270,282,8,36,36],"floor_reached":57,"playtime":3855,"items_purged":["Strike_P","Defend_P","Defend_P"],"score":3706,"play_id":"800dbdbd-970c-4818-9b72-f9733eb37919","local_time":"20210107113732","is_ascension_mode":true,"campfire_choices":[{"floor":11.0,"key":"DIG"},{"floor":15.0,"key":"DIG"},{"floor":32.0,"key":"DIG"},{"floor":40.0,"key":"DIG"},{"floor":42.0,"key":"RECALL"},{"floor":44.0,"key":"DIG"},{"floor":49.0,"key":"DIG"},{"floor":53,"key":"DIG"}],"circlet_count":0,"master_deck":["AscendersBane","Strike_P+1","Strike_P+1","Defend_P+1","Eruption+1","Vigilance+1","Adaptation+1","LessonLearned+1","Nirvana+1","DeusExMachina+1","Weave+1","LikeWater+1","Swivel+1","EmptyBody+1","CutThroughFate+1","Dramatic Entrance+1","Ragnarok+1","Indignation+1","EmptyBody+1","ClearTheMind+1","Tantrum+1","ThirdEye+1","MentalFortress+1","FearNoEvil+1","MentalFortress+1","SpiritShield+1","CutThroughFate","EmptyMind+1","TalkToTheHand+1","LikeWater+1","TalkToTheHand+1","Wallop+1","Protect+1","FlurryOfBlows+1","Vault+1","FlurryOfBlows+1","JustLucky+1","Shame","LikeWater+1","Crescendo+1","ThirdEye"],"relics":["PureWater","Shuriken","OrangePellets","Bag of Marbles","Lantern","Frozen Egg 2","Bird Faced Urn","Membership Card","champ:DuelingGlove","Sling","HandDrill","TeardropLocket","Happy Flower","Bag of Preparation","Shovel","Eternal Feather","Odd Mushroom","Toy Ornithopter","Dead Branch","Pantograph","Empty Cage","Juzu Bracelet","HornCleat","Strange Spoon","Art of War","Tiny Chest","Du-Vu Doll","Omamori","Vajra","Whetstone","Nunchaku","Anchor","Akabeko","Cursed Key","Guardian:PocketSentry","ClockworkSouvenir","Oddly Smooth Stone","Red Mask","StrikeDummy","MawBank","Boot","Pen Nib","Orichalcum","War Paint","Yang","Kunai","Bronze Scales","InkBottle","Centennial Puzzle","Blue Candle"],"acts_visited":["Exordium","TheCity","TheBeyond","TheEnding"],"potions_floor_usage":[],"damage_taken":[{"damage":4.0,"enemies":"Jaw Worm","floor":1.0,"turns":6.0},{"damage":0.0,"enemies":"2 Louse","floor":2.0,"turns":1.0},{"damage":5.0,"enemies":"Small Slimes","floor":3.0,"turns":4.0},{"damage":7.0,"enemies":"Looter","floor":5.0,"turns":4.0},{"damage":3.0,"enemies":"3 Sentries","floor":6.0,"turns":3.0},{"damage":0.0,"enemies":"Red Slaver","floor":7.0,"turns":1.0},{"damage":0.0,"enemies":"Lagavulin","floor":8.0,"turns":1.0},{"damage":0.0,"enemies":"The Mushroom Lair","floor":10.0,"turns":1.0},{"damage":2.0,"enemies":"Exordium Wildlife","floor":12.0,"turns":5.0},{"damage":5.0,"enemies":"Gremlin Nob","floor":14.0,"turns":4.0},{"damage":0.0,"enemies":"Slime Boss","floor":16.0,"turns":6.0},{"damage":0.0,"enemies":"Shell Parasite","floor":18.0,"turns":1.0},{"damage":0.0,"enemies":"2 Thieves","floor":20.0,"turns":1.0},{"damage":0.0,"enemies":"Gremlin Leader","floor":23.0,"turns":4.0},{"damage":3.0,"enemies":"Slavers","floor":25.0,"turns":5.0},{"damage":0.0,"enemies":"Book of Stabbing","floor":27.0,"turns":3.0},{"damage":1.0,"enemies":"Slavers","floor":29.0,"turns":3.0},{"damage":7.0,"enemies":"Snake Plant","floor":30.0,"turns":4.0},{"damage":0.0,"enemies":"Book of Stabbing","floor":31.0,"turns":5.0},{"damage":0.0,"enemies":"Automaton","floor":33.0,"turns":2.0},{"damage":0.0,"enemies":"3 Darklings","floor":35.0,"turns":4.0},{"damage":0.0,"enemies":"3 Shapes","floor":36.0,"turns":3.0},{"damage":0.0,"enemies":"Nemesis","floor":41.0,"turns":1.0},{"damage":0.0,"enemies":"Transient","floor":45.0,"turns":4.0},{"damage":0.0,"enemies":"Spire Growth","floor":46.0,"turns":1.0},{"damage":0.0,"enemies":"Reptomancer","floor":47.0,"turns":2.0},{"damage":4.0,"enemies":"4 Shapes","floor":48.0,"turns":2.0},{"damage":0.0,"enemies":"Time Eater","floor":50.0,"turns":4.0},{"damage":0,"enemies":"Donu and Deca","floor":51,"turns":4},{"damage":0,"enemies":"Shield and Spear","floor":55,"turns":2},{"damage":11,"enemies":"The Heart","floor":56,"turns":6}],"seed_played":"-7033932982068774825","potions_obtained":[{"floor":1.0,"key":"champ:CounterPotion"},{"floor":5.0,"key":"DistilledChaos"},{"floor":8.0,"key":"EssenceOfSteel"},{"floor":33.0,"key":"SkillPotion"},{"floor":41.0,"key":"SteroidPotion"},{"floor":46.0,"key":"Swift Potion"}],"is_trial":false,"path_per_floor":["M","M","M","?","M","E","M","E","T","?","R","M","?","E","R","B",null,"M","?","M","$","?","E","$","E","T","E","T","E","M","E","R","B",null,"M","M","$","?","T","R","E","R","T","R","M","M","E","M","R","B","B",null,"R","$","E","B",null],"character_chosen":"WATCHER","items_purchased":["Shuriken","OrangePellets","Bag of Marbles","Lantern","Adaptation","LessonLearned","Frozen Egg 2","Bird Faced Urn","Nirvana+1","DeusExMachina","Weave","Membership Card","LikeWater+1","Swivel","EmptyBody","CutThroughFate","champ:DuelingGlove","Dramatic Entrance","Sling","HandDrill","Ragnarok","TeardropLocket","Happy Flower","Indignation","TalkToTheHand","Juzu Bracelet","HornCleat","Strange Spoon","Tiny Chest","Guardian:PocketSentry","ClockworkSouvenir","Oddly Smooth Stone","FlurryOfBlows","Bronze Scales","ThirdEye","InkBottle","Centennial Puzzle"],"campfire_rested":0,"item_purchase_floors":[0,0,0,0,0,0,0,0,0,0,0,0,0,0,0,0,0,0,0,0,0,0,0,0,21,21,21,21,24,37,37,37,37,54,54,54,54],"current_hp_per_floor":[21,23,22,22,21,18,18,18,18,18,33,39,39,40,55,68,68,68,68,68,68,68,68,68,65,65,68,68,68,62,68,68,68,68,68,68,68,68,68,68,68,68,68,68,68,68,68,64,68,68,68,68,68,68,68,67],"gold":36,"neow_bonus":"","is_daily":false,"chose_seed":false,"campfire_upgraded":0,"win_rate":0.0,"timestamp":1610019452,"path_taken":["M","M","M","?","M","E","M","E","T","?","R","M","?","E","R","BOSS","M","?","?","$","?","E","$","E","T","E","?","E","M","E","R","BOSS","M","M","?","?","?","R","E","R","T","R","M","M","E","M","R","BOSS","BOSS","R","$","E","BOSS"],"items_purchased_type":["Relic","Relic","Relic","Relic","Card","Card","Relic","Relic","Card","Card","Card","Relic","Card","Card","Card","Card","Relic","Card","Relic","Relic","Card","Relic","Relic","Card","Card","Relic","Relic","Relic","Relic","Relic","Relic","Relic","Card","Relic","Card","Relic","Relic"],"build_version":"2020-12-22","purchased_purges":3,"victory":true,"max_hp_per_floor":[68,68,68,68,68,68,68,68,68,68,68,68,68,68,68,68,68,68,68,68,68,68,68,68,68,68,68,68,68,68,68,68,68,68,68,68,68,68,68,68,68,68,68,68,68,68,68,68,68,68,68,68,68,68,68,68],"relic_stats":{"Yang":[62],"Bag of Preparation":[106],"Juzu Bracelet":0,"Whetstone":["Weave","TalkToTheHand","LessonLearned","CutThroughFate"],"Cursed Key":2,"Boot":[8],"Nunchaku":[14],"Centennial Puzzle":[3],"Shovel":7,"Pantograph":13,"Tiny Chest":3,"HandDrill":[76],"Kunai":[7],"InkBottle":[5],"Happy Flower":[59],"counters":[119,422],"Dead Branch":[60],"Blue Candle":[1],"Eternal Feather":34,"Pen Nib":[20],"Orichalcum":[12],"War Paint":["ThirdEye","Protect"],"MawBank":216,"OrangePellets":[19],"Strange Spoon":[45],"Shuriken":[165],"Bird Faced Urn":[134],"Bronze Scales":[48],"Art of War":[7],"obtain_stats":[{"Whetstone":54,"Bottled Tornado":26,"Sling":37,"Boot":38,"Ring of Searing":44,"Replay:Ringing Soul":37,"MealTicket":7,"Fusion Hammer":17,"Replay:Bottled Flurry":45,"HandDrill":0,"Kunai":53,"Replay:Wax Seal":20,"Replay:Bottled Steam":49,"Counterbalance":48,"ReplayTheSpireMod:Ring of Addiction":8,"Blue Candle":55,"Eternal Feather":8,"Pen Nib":42,"Guardian:PocketSentry":37,"Akabeko":0,"SlaversCollar":17,"Bird Faced Urn":0,"Pandora\u0027s Box":0,"StrikeDummy":31,"Lantern":29,"Replay:Purple Gloves":0,"Painkiller Herb":17,"StoneCalendar":11,"Bag of Preparation":10,"Ancient Tea Set":24,"Cursed Key":34,"Pet Ghost":8,"Shovel":6,"WingedGreaves":0,"Ring of Panic":44,"InkBottle":54,"Potion Belt":8,"Thread and Needle":36,"PreservedInsect":14,"Omamori":26,"Frozen Egg 2":40,"GoldenEye":30,"MawBank":40,"Orrery":37,"Turnip":44,"Garlic":20,"Art of War":24,"Bottled Lightning":3,"Toy Ornithopter":11,"Ice Cream":14,"champ:DuelingGlove":0,"Calipers":21,"Gremlin Horn":6,"Vajra":20,"Sozu":34,"Centennial Puzzle":45,"HornCleat":21,"Strawberry":55,"Iron Hammer":43,"Toxic Egg 2":41,"Happy Flower":0,"ReplayTheSpireMod:CursedCoin":2,"Dead Branch":47,"Oddly Smooth Stone":9,"Replay:Kaleidoscope":0,"War Paint":41,"Du-Vu Doll":25,"OrangePellets":0,"Bottled Flame":26,"ReplayTheSpireMod:Shallot":0,"Shuriken":55,"Bronze Scales":54,"Molten Egg 2":6,"Simple Rune":54,"Grinning Jar":22,"Meat on the Bone":0,"ReplayTheSpireMod:Ring of Exchange":8,"SacredBark":8,"Yang":49,"CloakClasp":0,"Juzu Bracelet":21,"TeardropLocket":0,"Replay:Mystery Machine":23,"Empty Cage":17,"ClockworkSouvenir":39,"Replay:Bandana":0,"Nunchaku":0,"Pantograph":15,"Tiny Chest":31,"Red Mask":19,"ReplayTheSpireMod:Ninjato":6,"Replay:Towering Pillar of Hats":28,"Odd Mushroom":10,"Orichalcum":44,"White Beast Statue":11,"Mercury Hourglass":9,"Cauldron":20,"Strange Spoon":21,"CaptainsWheel":27,"Anchor":0,"Pondfish Scales":54,"ChewingGum":34,"Bag of Marbles":26,"Snack Pack":31,"Membership Card":54,"PureWater":0,"TungstenRod":20},{"Whetstone":86,"Bottled Tornado":42,"Sling":77,"Boot":77,"Ring of Searing":23,"Replay:Ringing Soul":77,"MealTicket":64,"Fusion Hammer":69,"Replay:Bottled Flurry":24,"HandDrill":27,"Kunai":117,"Replay:Wax Seal":11,"Replay:Bottled Steam":84,"Counterbalance":25,"ReplayTheSpireMod:Ring of Addiction":64,"Blue Candle":118,"Eternal Feather":95,"Pen Nib":80,"Guardian:PocketSentry":110,"Akabeko":58,"SlaversCollar":36,"Bird Faced Urn":88,"Pandora\u0027s Box":0,"StrikeDummy":75,"Lantern":43,"Replay:Purple Gloves":58,"Painkiller Herb":9,"StoneCalendar":33,"Bag of Preparation":65,"Ancient Tea Set":14,"Cursed Key":108,"Pet Ghost":32,"Shovel":93,"WingedGreaves":58,"Ring of Panic":23,"InkBottle":117,"Potion Belt":64,"Thread and Needle":47,"PreservedInsect":35,"Omamori":103,"Frozen Egg 2":79,"GoldenEye":43,"MawBank":110,"Orrery":19,"Turnip":81,"Garlic":70,"Art of War":71,"Bottled Lightning":60,"Toy Ornithopter":96,"Ice Cream":68,"champ:DuelingGlove":88,"Calipers":70,"Gremlin Horn":63,"Vajra":70,"Sozu":17,"Centennial Puzzle":52,"HornCleat":101,"Strawberry":87,"Iron Hammer":80,"Toxic Egg 2":79,"Happy Flower":58,"ReplayTheSpireMod:CursedCoin":28,"Dead Branch":53,"Oddly Smooth Stone":32,"Replay:Kaleidoscope":58,"War Paint":22,"Du-Vu Doll":103,"OrangePellets":88,"Bottled Flame":72,"ReplayTheSpireMod:Shallot":58,"Shuriken":57,"Bronze Scales":117,"Molten Egg 2":31,"Simple Rune":86,"Grinning Jar":70,"Meat on the Bone":27,"ReplayTheSpireMod:Ring of Exchange":64,"SacredBark":64,"Yang":115,"CloakClasp":58,"Juzu Bracelet":101,"TeardropLocket":58,"Replay:Mystery Machine":40,"Empty Cage":99,"ClockworkSouvenir":48,"Replay:Bandana":27,"Nunchaku":27,"Pantograph":98,"Tiny Chest":44,"Red Mask":11,"ReplayTheSpireMod:Ninjato":4,"Replay:Towering Pillar of Hats":73,"Odd Mushroom":96,"Orichalcum":111,"White Beast Statue":5,"Mercury Hourglass":4,"Cauldron":11,"Strange Spoon":101,"CaptainsWheel":15,"Anchor":27,"Pondfish Scales":56,"ChewingGum":45,"Bag of Marbles":14,"Snack Pack":16,"Membership Card":56,"PureWater":0,"TungstenRod":70},{"Whetstone":316,"Bottled Tornado":158,"Sling":290,"Boot":290,"Ring of Searing":97,"Replay:Ringing Soul":290,"MealTicket":260,"Fusion Hammer":270,"Replay:Bottled Flurry":101,"HandDrill":118,"Kunai":414,"Replay:Wax Seal":42,"Replay:Bottled Steam":310,"Counterbalance":103,"ReplayTheSpireMod:Ring of Addiction":260,"Blue Candle":416,"Eternal Feather":346,"Pen Nib":299,"Guardian:PocketSentry":397,"Akabeko":243,"SlaversCollar":143,"Bird Faced Urn":326,"Pandora\u0027s Box":0,"StrikeDummy":286,"Lantern":159,"Replay:Purple Gloves":243,"Painkiller Herb":36,"StoneCalendar":133,"Bag of Preparation":262,"Ancient Tea Set":55,"Cursed Key":390,"Pet Ghost":131,"Shovel":344,"WingedGreaves":243,"Ring of Panic":97,"InkBottle":414,"Potion Belt":260,"Thread and Needle":173,"PreservedInsect":138,"Omamori":373,"Frozen Egg 2":296,"GoldenEye":159,"MawBank":397,"Orrery":76,"Turnip":302,"Garlic":273,"Art of War":275,"Bottled Lightning":247,"Toy Ornithopter":347,"Ice Cream":267,"champ:DuelingGlove":326,"Calipers":273,"Gremlin Horn":257,"Vajra":273,"Sozu":69,"Centennial Puzzle":197,"HornCleat":364,"Strawberry":319,"Iron Hammer":299,"Toxic Egg 2":296,"Happy Flower":243,"ReplayTheSpireMod:CursedCoin":120,"Dead Branch":202,"Oddly Smooth Stone":131,"Replay:Kaleidoscope":243,"War Paint":93,"Du-Vu Doll":373,"OrangePellets":326,"Bottled Flame":278,"ReplayTheSpireMod:Shallot":243,"Shuriken":234,"Bronze Scales":414,"Molten Egg 2":128,"Simple Rune":316,"Grinning Jar":273,"Meat on the Bone":118,"ReplayTheSpireMod:Ring of Exchange":260,"SacredBark":260,"Yang":406,"CloakClasp":243,"Juzu Bracelet":364,"TeardropLocket":243,"Replay:Mystery Machine":153,"Empty Cage":362,"ClockworkSouvenir":175,"Replay:Bandana":118,"Nunchaku":118,"Pantograph":356,"Tiny Chest":161,"Red Mask":42,"ReplayTheSpireMod:Ninjato":16,"Replay:Towering Pillar of Hats":280,"Odd Mushroom":347,"Orichalcum":398,"White Beast Statue":21,"Mercury Hourglass":16,"Cauldron":42,"Strange Spoon":364,"CaptainsWheel":59,"Anchor":118,"Pondfish Scales":229,"ChewingGum":169,"Bag of Marbles":55,"Snack Pack":63,"Membership Card":229,"PureWater":0,"TungstenRod":273}],"Toy Ornithopter":0},"card_choices":[{"not_picked":["Prostrate","Indignation"],"picked":"EmptyBody","floor":1.0},{"not_picked":["Meditate","InnerPeace"],"picked":"ClearTheMind","floor":2.0},{"not_picked":["Sanctity","JustLucky"],"picked":"Tantrum","floor":3.0},{"not_picked":["JustLucky","Halt"],"picked":"ThirdEye","floor":5.0},{"not_picked":["Pray","EmptyFist","FlyingSleeves"],"picked":"SKIP","floor":6.0},{"not_picked":["Pray","Nirvana+1"],"picked":"MentalFortress+1","floor":7.0},{"not_picked":["DeceiveReality","Judgement"],"picked":"FearNoEvil","floor":8.0},{"not_picked":["EmptyBody","ForeignInfluence"],"picked":"MentalFortress+1","floor":12.0},{"not_picked":["Meditate","Nirvana+1","CarveReality"],"picked":"SKIP","floor":14.0},{"not_picked":["MasterReality+1","LessonLearned"],"picked":"SpiritShield","floor":16.0},{"not_picked":["Protect","EmptyBody"],"picked":"CutThroughFate","floor":18.0},{"not_picked":["PathToVictory","Conclude"],"picked":"EmptyMind+1","floor":20.0},{"not_picked":["BowlingBash","WindmillStrike","Swivel+1"],"picked":"SKIP","floor":23.0},{"not_picked":["Alpha","BattleHymn+1"],"picked":"LikeWater+1","floor":25.0},{"not_picked":["BattleHymn+1","ClearTheMind"],"picked":"TalkToTheHand+1","floor":27.0},{"not_picked":["Nirvana+1","ThirdEye"],"picked":"Wallop","floor":29.0},{"not_picked":["EmptyFist","DeceiveReality"],"picked":"Protect","floor":30.0},{"not_picked":["FearNoEvil","Evaluate"],"picked":"FlurryOfBlows","floor":31.0},{"not_picked":["LessonLearned","Scrawl"],"picked":"Vault","floor":33.0},{"not_picked":["ClearTheMind","BowlingBash","FlyingSleeves"],"picked":"SKIP","floor":35.0},{"not_picked":["SignatureMove","ClearTheMind","DeceiveReality"],"picked":"SKIP","floor":36.0},{"not_picked":["FlurryOfBlows","Evaluate"],"picked":"JustLucky","floor":41.0},{"not_picked":["Vengeance","PathToVictory","CutThroughFate"],"picked":"SKIP","floor":45.0},{"not_picked":["CarveReality+1","Prostrate"],"picked":"LikeWater+1","floor":46.0},{"not_picked":["FlyingSleeves+1","JustLucky"],"picked":"Crescendo+1","floor":47.0},{"not_picked":["PathToVictory","ReachHeaven","FlyingSleeves"],"picked":"SKIP","floor":48.0},{"not_picked":["Crescendo","CarveReality","PathToVictory"],"picked":"SKIP","floor":55}],"player_experience":1584073,"relics_obtained":[{"floor":6.0,"key":"Shovel"},{"floor":8.0,"key":"Eternal Feather"},{"floor":10.0,"key":"Odd Mushroom"},{"floor":11.0,"key":"Toy Ornithopter"},{"floor":14.0,"key":"Dead Branch"},{"floor":15.0,"key":"Pantograph"},{"floor":23.0,"key":"Art of War"},{"floor":25.0,"key":"Du-Vu Doll"},{"floor":26.0,"key":"Omamori"},{"floor":27.0,"key":"Vajra"},{"floor":28.0,"key":"Whetstone"},{"floor":29.0,"key":"Nunchaku"},{"floor":31.0,"key":"Anchor"},{"floor":32.0,"key":"Akabeko"},{"floor":39.0,"key":"StrikeDummy"},{"floor":40.0,"key":"MawBank"},{"floor":41.0,"key":"Boot"},{"floor":43.0,"key":"Pen Nib"},{"floor":44.0,"key":"Orichalcum"},{"floor":47.0,"key":"War Paint"},{"floor":49.0,"key":"Yang"},{"floor":53,"key":"Kunai"},{"floor":55,"key":"Blue Candle"}],"event_choices":[{"damage_healed":0.0,"max_hp_gain":0.0,"max_hp_loss":0.0,"gold_gain":0.0,"event_name":"Big Fish","player_choice":"Box","floor":4.0,"gold_loss":0.0,"damage_taken":0.0,"relics_obtained":["Bag of Preparation"],"cards_obtained":["Regret"]},{"damage_healed":0.0,"max_hp_gain":0.0,"max_hp_loss":0.0,"gold_gain":0.0,"event_name":"Mushrooms","player_choice":"Fought Mushrooms","floor":10.0,"gold_loss":0.0,"damage_taken":0.0},{"cards_removed":["Regret"],"damage_healed":0.0,"max_hp_gain":0.0,"max_hp_loss":0.0,"gold_gain":0.0,"event_name":"Living Wall","player_choice":"Forget","floor":13.0,"gold_loss":0.0,"damage_taken":0.0},{"damage_healed":0.0,"max_hp_gain":0.0,"max_hp_loss":0.0,"gold_gain":0.0,"event_name":"Accursed Blacksmith","player_choice":"Forge","floor":19.0,"gold_loss":0.0,"damage_taken":0.0,"cards_upgraded":["Eruption"]},{"damage_healed":0.0,"max_hp_gain":0.0,"max_hp_loss":0.0,"gold_gain":50.0,"event_name":"betterThird:BetterNest","player_choice":"Steal","floor":22.0,"gold_loss":0.0,"damage_taken":0.0},{"damage_healed":0.0,"max_hp_gain":0.0,"max_hp_loss":0.0,"gold_gain":0.0,"event_name":"Tomb of Lord Red Mask","player_choice":"Paid","floor":38.0,"gold_loss":83.0,"damage_taken":0.0,"relics_obtained":["Red Mask"]}],"is_beta":false,"boss_relics":[{"not_picked":["Runic Dome","Astrolabe"],"picked":"Empty Cage"},{"not_picked":["expansioncontent:StudyCardRelic","Coffee Dripper"],"picked":"Cursed Key"}],"items_purged_floors":[0,21,24],"is_endless":false,"potions_floor_spawned":[1,5,6,8,14,16,18,20,25,33,36,41,46,47],"ascension_level":20}}