{"host":"y3h3n3f7seyagppx","time":1610058242,"event":{"mods":["BaseMod","Colored Map","Colored Powertips","DeckTracker","Minty Spire (QoL Compilation)","Random Character Button","Rare Cards Sparkle","Relic Sorter","Relic Stats","StSLib"],"gold_per_floor":[110,35,46,46,63,92,108,108,108,134,134,134,161,173,185,274,286,315,344,356,382,62,62,62],"floor_reached":23,"playtime":3136,"items_purged":[],"score":418,"play_id":"c1b322cf-1761-4671-85f2-8a6fa4403db7","local_time":"20210107172402","is_ascension_mode":true,"campfire_choices":[{"floor":8,"key":"REST"},{"floor":12,"key":"REST"},{"data":"Twin Strike","floor":15,"key":"SMITH"}],"circlet_count":0,"master_deck":["AscendersBane","Strike_R","Strike_R","Strike_R","Strike_R","Defend_R","Defend_R","Defend_R","Defend_R","Bash+1","Pummel","Twin Strike+1","Anger","Second Wind","Combust+1","Fire Breathing+1","Brutality+1","Ghostly Armor","Shockwave","Feel No Pain+1"],"relics":["Burning Blood","WingedGreaves","White Beast Statue","Gremlin Horn","Frozen Egg 2","Kunai","MawBank","Coffee Dripper","MealTicket","Brimstone"],"acts_visited":["Exordium","TheCity"],"potions_floor_usage":[10,12,16,18,19,21,23,23],"damage_taken":[{"damage":6,"enemies":"2 Louse","floor":1,"turns":4},{"damage":26,"enemies":"Jaw Worm","floor":3,"turns":6},{"damage":1,"enemies":"Cultist","floor":5,"turns":3},{"damage":31,"enemies":"Gremlin Nob","floor":6,"turns":4},{"damage":19,"enemies":"Blue Slaver","floor":7,"turns":4},{"damage":16,"enemies":"3 Sentries","floor":10,"turns":7},{"damage":33,"enemies":"Lagavulin","floor":13,"turns":5},{"damage":22,"enemies":"Hexaghost","floor":16,"turns":9},{"damage":3,"enemies":"Chosen","floor":18,"turns":3},{"damage":18,"enemies":"Spheric Guardian","floor":19,"turns":4},{"damage":35,"enemies":"Snake Plant","floor":21,"turns":5},{"damage":23,"enemies":"Gremlin Leader","floor":23,"turns":3}],"seed_played":"795988026274093573","potions_obtained":[{"floor":3,"key":"GamblersBrew"},{"floor":7,"key":"ColorlessPotion"},{"floor":10,"key":"BloodPotion"},{"floor":13,"key":"BloodPotion"},{"floor":16,"key":"AttackPotion"},{"floor":18,"key":"Energy Potion"},{"floor":19,"key":"Block Potion"},{"floor":21,"key":"CultistPotion"}],"is_trial":false,"path_per_floor":["M","?","M","?","M","E","M","R","T","E","?","R","E","?","R","B",null,"M","M","?","M","$","E"],"character_chosen":"IRONCLAD","items_purchased":["MealTicket","Brimstone"],"campfire_rested":2,"item_purchase_floors":[22,22],"current_hp_per_floor":[68,68,48,48,53,28,15,37,37,27,1,38,11,11,11,10,59,62,50,50,21,21,0,0],"gold":62,"neow_bonus":"ONE_RARE_RELIC","is_daily":false,"chose_seed":false,"campfire_upgraded":1,"win_rate":0.0,"timestamp":1610058242,"path_taken":["M","?","M","?","M","E","?","R","T","E","?","R","E","?","R","BOSS","M","M","?","M","$","E"],"items_purchased_type":["Relic","Relic"],"build_version":"2020-12-22","purchased_purges":0,"victory":false,"max_hp_per_floor":[75,75,75,75,75,75,75,75,75,75,75,75,75,75,75,75,75,75,75,75,75,75,75,75],"relic_stats":{"Gremlin Horn":[4,4],"counters":[12,57],"MealTicket":0,"Kunai":[14],"MawBank":108,"obtain_stats":[{"Gremlin Horn":9,"Brimstone":22,"MealTicket":22,"WingedGreaves":0,"Coffee Dripper":17,"Kunai":11,"Frozen Egg 2":10,"MawBank":13,"Burning Blood":0,"White Beast Statue":6},{"Gremlin Horn":5,"Brimstone":11,"MealTicket":11,"WingedGreaves":0,"Coffee Dripper":8,"Kunai":6,"Frozen Egg 2":6,"MawBank":7,"Burning Blood":0,"White Beast Statue":4},{"Gremlin Horn":21,"Brimstone":54,"MealTicket":54,"WingedGreaves":0,"Coffee Dripper":42,"Kunai":28,"Frozen Egg 2":28,"MawBank":33,"Burning Blood":0,"White Beast Statue":17}],"Burning Blood":66},"card_choices":[{"not_picked":["Wild Strike","Warcry"],"picked":"Pummel","floor":1},{"not_picked":["Second Wind","Heavy Blade"],"picked":"Twin Strike","floor":3},{"not_picked":["Thunderclap","Body Slam"],"picked":"Anger","floor":5},{"not_picked":["Anger","Clothesline","Havoc"],"picked":"SKIP","floor":6},{"not_picked":["Body Slam","Dropkick"],"picked":"Second Wind","floor":7},{"not_picked":["Clothesline","Hemokinesis"],"picked":"Combust+1","floor":10},{"not_picked":["Warcry","Havoc","Bludgeon"],"picked":"SKIP","floor":13},{"not_picked":["Berserk+1","Juggernaut+1"],"picked":"Brutality+1","floor":16},{"not_picked":["Pommel Strike","Rampage"],"picked":"Ghostly Armor","floor":18},{"not_picked":["Headbutt+1","Anger"],"picked":"Shockwave","floor":19},{"not_picked":["Pommel Strike","Twin Strike","Iron Wave"],"picked":"SKIP","floor":21}],"player_experience":20429830,"relics_obtained":[{"floor":6,"key":"White Beast Statue"},{"floor":9,"key":"Gremlin Horn"},{"floor":10,"key":"Frozen Egg 2"},{"floor":13,"key":"MawBank"}],"event_choices":[{"cards_removed":["Clumsy"],"damage_healed":0,"gold_gain":0,"player_choice":"Card Removal","damage_taken":0,"max_hp_gain":0,"max_hp_loss":0,"event_name":"The Cleric","floor":2,"gold_loss":75},{"damage_healed":0,"gold_gain":0,"player_choice":"Upgraded","damage_taken":0,"max_hp_gain":0,"max_hp_loss":0,"event_name":"Upgrade Shrine","floor":4,"gold_loss":0,"cards_upgraded":["Bash"]},{"damage_healed":0,"gold_gain":0,"player_choice":"Success","damage_taken":26,"relics_obtained":["Kunai"],"max_hp_gain":0,"max_hp_loss":0,"event_name":"Scrap Ooze","floor":11,"gold_loss":0},{"damage_healed":0,"gold_gain":0,"cards_transformed":["Strike_R"],"player_choice":"Change","damage_taken":0,"max_hp_gain":0,"max_hp_loss":0,"event_name":"Living Wall","floor":14,"gold_loss":0,"cards_obtained":["Fire Breathing"]},{"damage_healed":0,"gold_gain":0,"player_choice":"1 cards matched","damage_taken":0,"max_hp_gain":0,"max_hp_loss":0,"event_name":"Match and Keep!","floor":20,"gold_loss":0,"cards_obtained":["Feel No Pain"]}],"is_beta":false,"boss_relics":[{"not_picked":["Runic Cube","Black Star"],"picked":"Coffee Dripper"}],"items_purged_floors":[],"is_endless":false,"potions_floor_spawned":[3,7,10,13,16,18,19,21],"killed_by":"Gremlin Leader","ascension_level":20}}