{"host":"7gewg82ormp6yt4e","time":1610027500,"event":{"mods":["BaseMod","Block Reminder","Colored Map","Colored Powertips","DeckTracker","Highlight Path","Minty Spire (QoL Compilation)","Relic Stats","StSLib","ojb\u0027s Info Mod"],"gold_per_floor":[359,273,285,13,13,42,42,70,95,95,129,129,145,157,157,231,231,250,112,128,50,64,64,81,81,107,137,179,191,118,130,142,231,243,274,286,314,65,65,65,65,82,107,133,133,182,182,202,202,202,202,202,202,10,10,10],"floor_reached":55,"playtime":3985,"items_purged":["Strike_B","Strike_B","Defend_B","Zap"],"score":1837,"play_id":"9a000bdb-c9c5-4dcc-9d22-45ee51857b17","local_time":"20210107225140","is_ascension_mode":true,"campfire_choices":[{"data":"Streamline","floor":7.0,"key":"SMITH"},{"data":"Chaos","floor":15.0,"key":"SMITH"},{"data":"Reprogram","floor":23.0,"key":"SMITH"},{"data":"Self Repair","floor":25.0,"key":"SMITH"},{"data":"Buffer","floor":32.0,"key":"SMITH"},{"data":"Panacea","floor":40.0,"key":"SMITH"},{"floor":45.0,"key":"RECALL"},{"data":"Go for the Eyes","floor":47.0,"key":"SMITH"},{"data":"Buffer","floor":49.0,"key":"SMITH"},{"data":"FTL","floor":53.0,"key":"SMITH"}],"circlet_count":0,"master_deck":["AscendersBane","Defend_B","Defend_B","Defend_B+1","Dualcast","FTL+1","Echo Form","BootSequence","Cold Snap","Streamline+1","Seek+1","Leap","Core Surge","Chaos+1","Rainbow","Reprogram+1","Self Repair+1","Steam+1","Sweeping Beam","Cold Snap","Scrape+1","Go for the Eyes+1","Buffer+1","Bite","Bite","Bite","Bite","Bite","Buffer+1","Turbo+1","Conserve Battery","Panacea+1","Finesse","Finesse","Reprogram+1","Go for the Eyes+1","Steam+1","Static Discharge+1"],"relics":["Cracked Core","Lee\u0027s Waffle","Bottled Tornado","Smiling Mask","Letter Opener","Runic Dome","MawBank","Oddly Smooth Stone","Thread and Needle","Runic Pyramid","War Paint","Potion Belt","Pen Nib","Regal Pillow","Du-Vu Doll"],"acts_visited":["Exordium","TheCity","TheBeyond","TheEnding"],"potions_floor_usage":[55,55],"damage_taken":[{"damage":1.0,"enemies":"Cultist","floor":1.0,"turns":3.0},{"damage":5.0,"enemies":"Small Slimes","floor":3.0,"turns":4.0},{"damage":7.0,"enemies":"3 Sentries","floor":6.0,"turns":9.0},{"damage":10.0,"enemies":"Gremlin Nob","floor":8.0,"turns":3.0},{"damage":11.0,"enemies":"Lagavulin","floor":11.0,"turns":4.0},{"damage":0.0,"enemies":"2 Louse","floor":13.0,"turns":3.0},{"damage":0.0,"enemies":"Blue Slaver","floor":14.0,"turns":4.0},{"damage":15.0,"enemies":"Hexaghost","floor":16.0,"turns":8.0},{"damage":4.0,"enemies":"Spheric Guardian","floor":18.0,"turns":4.0},{"damage":11.0,"enemies":"2 Thieves","floor":20.0,"turns":4.0},{"damage":14.0,"enemies":"Snake Plant","floor":22.0,"turns":4.0},{"damage":4.0,"enemies":"Centurion and Healer","floor":24.0,"turns":6.0},{"damage":18.0,"enemies":"Sentry and Sphere","floor":27.0,"turns":6.0},{"damage":30.0,"enemies":"Book of Stabbing","floor":28.0,"turns":5.0},{"damage":56.0,"enemies":"Collector","floor":33.0,"turns":13.0},{"damage":8.0,"enemies":"3 Shapes","floor":35.0,"turns":6.0},{"damage":0.0,"enemies":"3 Darklings","floor":37.0,"turns":7.0},{"damage":4.0,"enemies":"Spire Growth","floor":42.0,"turns":7.0},{"damage":3.0,"enemies":"Reptomancer","floor":44.0,"turns":6.0},{"damage":27.0,"enemies":"2 Orb Walkers","floor":46.0,"turns":5.0},{"damage":9.0,"enemies":"Jaw Worm Horde","floor":48.0,"turns":5.0},{"damage":37.0,"enemies":"Awakened One","floor":50.0,"turns":18.0},{"damage":9.0,"enemies":"Donu and Deca","floor":51.0,"turns":13.0},{"damage":69,"enemies":"Shield and Spear","floor":55,"turns":8}],"seed_played":"249238559257044266","potions_obtained":[{"floor":3.0,"key":"Fire Potion"},{"floor":13.0,"key":"AttackPotion"},{"floor":16.0,"key":"LiquidBronze"},{"floor":18.0,"key":"Block Potion"},{"floor":20.0,"key":"Weak Potion"},{"floor":33.0,"key":"AttackPotion"},{"floor":35.0,"key":"Swift Potion"},{"floor":42.0,"key":"Weak Potion"}],"is_trial":false,"path_per_floor":["M","$","M","$","?","E","R","E","T","?","E","?","M","M","R","B",null,"M","$","M","$","M","R","M","R","T","M","E","?","?","T","R","B",null,"M","T","M","$","?","R","?","M","T","E","R","?","R","M","R","B","B",null,"R","$","E"],"character_chosen":"DEFECT","items_purchased":["Echo Form","Lee\u0027s Waffle","Cold Snap","AttackPotion","Self Repair","Sweeping Beam","Potion Belt","Conserve Battery","SpeedPotion","Ancient Potion"],"campfire_rested":0,"item_purchase_floors":[2,4,4,4,19,21,38,38,54,54],"current_hp_per_floor":[63,63,58,71,71,64,64,54,54,54,43,43,43,43,43,28,60,56,56,59,59,59,59,69,69,69,71,61,49,49,49,49,39,47,49,49,49,49,39,39,39,49,49,49,49,38,38,49,49,49,49,49,49,49,0,0],"gold":10,"neow_bonus":"TWO_FIFTY_GOLD","is_daily":false,"chose_seed":false,"campfire_upgraded":9,"win_rate":0.0,"timestamp":1610027500,"path_taken":["M","$","M","$","?","E","R","E","T","?","E","?","M","M","R","BOSS","M","$","?","$","M","R","M","R","T","M","E","?","?","?","R","BOSS","M","?","M","$","?","R","?","?","T","E","R","?","R","M","R","BOSS","BOSS","R","$","E"],"items_purchased_type":["Card","Relic","Card","Potion","Card","Card","Relic","Card","Potion","Potion"],"build_version":"2020-12-22","purchased_purges":4,"victory":false,"max_hp_per_floor":[64,64,64,71,71,71,71,71,71,71,71,71,71,71,71,71,71,71,71,71,71,71,71,71,71,71,71,71,49,49,49,49,49,49,49,49,49,49,49,49,49,49,49,49,49,49,49,49,49,49,49,49,49,49,49,49],"relic_stats":{"Lee\u0027s Waffle":13,"Regal Pillow":0,"counters":[24,155],"Pen Nib":[13],"Letter Opener":[381],"War Paint":["Steam","Defend_B"],"Smiling Mask":250,"MawBank":144,"obtain_stats":[{"Potion Belt":38,"Lee\u0027s Waffle":4,"Regal Pillow":44,"Oddly Smooth Stone":28,"Thread and Needle":30,"Pen Nib":43,"Letter Opener":11,"Bottled Tornado":8,"War Paint":36,"Smiling Mask":9,"MawBank":26,"Du-Vu Doll":46,"Runic Dome":17,"Cracked Core":0,"Runic Pyramid":34},{"Potion Belt":17,"Lee\u0027s Waffle":2,"Regal Pillow":19,"Oddly Smooth Stone":14,"Thread and Needle":14,"Pen Nib":18,"Letter Opener":5,"Bottled Tornado":4,"War Paint":16,"Smiling Mask":4,"MawBank":12,"Du-Vu Doll":20,"Runic Dome":8,"Cracked Core":0,"Runic Pyramid":15},{"Potion Belt":93,"Lee\u0027s Waffle":7,"Regal Pillow":106,"Oddly Smooth Stone":67,"Thread and Needle":67,"Pen Nib":100,"Letter Opener":23,"Bottled Tornado":19,"War Paint":86,"Smiling Mask":19,"MawBank":56,"Du-Vu Doll":111,"Runic Dome":38,"Cracked Core":0,"Runic Pyramid":80}]},"card_choices":[{"not_picked":["Hologram","Turbo"],"picked":"FTL","floor":1.0},{"not_picked":["Go for the Eyes","Leap"],"picked":"BootSequence","floor":3.0},{"not_picked":["Steam","Double Energy"],"picked":"Streamline","floor":6.0},{"not_picked":["Blizzard","Turbo"],"picked":"Seek","floor":8.0},{"not_picked":["Rebound","Compile Driver"],"picked":"Leap","floor":11.0},{"not_picked":["Tempest","Go for the Eyes"],"picked":"Core Surge","floor":13.0},{"not_picked":["Hologram","Go for the Eyes"],"picked":"Chaos","floor":14.0},{"not_picked":["Reboot","Thunder Strike"],"picked":"Rainbow","floor":16.0},{"not_picked":["Hello World","Chaos"],"picked":"Reprogram","floor":18.0},{"not_picked":["Loop","Steam Power"],"picked":"Steam","floor":20.0},{"not_picked":["Streamline","Sweeping Beam"],"picked":"Cold Snap","floor":22.0},{"not_picked":["Storm","Steam"],"picked":"Scrape+1","floor":24.0},{"not_picked":["Coolheaded","Cold Snap+1"],"picked":"Go for the Eyes+1","floor":27.0},{"not_picked":["Darkness","Storm+1"],"picked":"Buffer","floor":28.0},{"not_picked":["Reboot","Meteor Strike"],"picked":"Buffer","floor":33.0},{"not_picked":["Stack+1","Steam"],"picked":"Turbo+1","floor":35.0},{"not_picked":["Chaos+1","Cold Snap","Compile Driver"],"picked":"SKIP","floor":37.0},{"not_picked":["Forethought","Purity"],"picked":"Panacea","floor":39.0},{"not_picked":["Good Instincts","Forethought"],"picked":"Finesse","floor":39.0},{"not_picked":["Bandage Up","Thinking Ahead"],"picked":"Finesse","floor":39.0},{"not_picked":["Gash","Rebound"],"picked":"Go for the Eyes","floor":42.0},{"not_picked":["Tempest","Cold Snap"],"picked":"Steam+1","floor":44.0},{"not_picked":["Redo","Stack"],"picked":"Static Discharge+1","floor":48.0}],"player_experience":2495041,"relics_obtained":[{"floor":8.0,"key":"Bottled Tornado"},{"floor":9.0,"key":"Smiling Mask"},{"floor":11.0,"key":"Letter Opener"},{"floor":26.0,"key":"MawBank"},{"floor":28.0,"key":"Oddly Smooth Stone"},{"floor":36.0,"key":"War Paint"},{"floor":43.0,"key":"Pen Nib"},{"floor":44.0,"key":"Regal Pillow"},{"floor":46.0,"key":"Du-Vu Doll"}],"event_choices":[{"damage_healed":0.0,"max_hp_gain":0.0,"max_hp_loss":0.0,"gold_gain":0.0,"event_name":"Liars Game","player_choice":"Ignored","floor":5.0,"gold_loss":0.0,"damage_taken":0.0},{"damage_healed":0.0,"max_hp_gain":0.0,"max_hp_loss":0.0,"gold_gain":0.0,"event_name":"Dead Adventurer","player_choice":"Searched \u00270\u0027 times","floor":10.0,"gold_loss":0.0,"damage_taken":0.0},{"damage_healed":0.0,"max_hp_gain":0.0,"max_hp_loss":0.0,"gold_gain":0.0,"event_name":"Upgrade Shrine","player_choice":"Upgraded","floor":12.0,"gold_loss":0.0,"damage_taken":0.0,"cards_upgraded":["Seek"]},{"damage_healed":0.0,"max_hp_gain":0.0,"max_hp_loss":22.0,"gold_gain":0.0,"event_name":"Vampires","player_choice":"Became a vampire","floor":29.0,"gold_loss":0.0,"damage_taken":0.0,"cards_obtained":["Bite","Bite","Bite","Bite","Bite"]},{"damage_healed":0.0,"max_hp_gain":0.0,"max_hp_loss":0.0,"gold_gain":0.0,"event_name":"Addict","player_choice":"Obtained Relic","floor":30.0,"gold_loss":85.0,"damage_taken":0.0,"relics_obtained":["Thread and Needle"]},{"damage_healed":0.0,"max_hp_gain":0.0,"max_hp_loss":0.0,"gold_gain":0.0,"event_name":"SensoryStone","player_choice":"Memory 3","floor":39.0,"gold_loss":0.0,"damage_taken":10.0},{"damage_healed":0.0,"max_hp_gain":0.0,"max_hp_loss":0.0,"gold_gain":0.0,"event_name":"Duplicator","player_choice":"Copied","floor":41.0,"gold_loss":0.0,"damage_taken":0.0,"cards_obtained":["Reprogram"]},{"damage_healed":0.0,"max_hp_gain":0.0,"max_hp_loss":0.0,"gold_gain":0.0,"event_name":"Mysterious Sphere","player_choice":"Fight","floor":46.0,"gold_loss":0.0,"damage_taken":0.0}],"is_beta":false,"boss_relics":[{"not_picked":["Philosopher\u0027s Stone","Busted Crown"],"picked":"Runic Dome"},{"not_picked":["FrozenCore","Inserter"],"picked":"Runic Pyramid"}],"items_purged_floors":[19,21,38,54],"is_endless":false,"potions_floor_spawned":[3,13,16,18,20,33,35,42],"killed_by":"Shield and Spear","ascension_level":20}}