{"host":"15dd7v8o90xso62x","time":1610021384,"event":{"mods":["BaseMod","Minty Spire (QoL Compilation)","Quick Restart","StSLib","SuperFastMode"],"gold_per_floor":[118,118,132,15,15,48,48,48,122,151,171,186,216,233,233,307,307,318,37,49,69,16,16,48,48,75,0,0,0,0,50,50,127,127,143,18,18,30,48,73,73,93,117,151,65,65,65,79,79,79,79],"floor_reached":52,"playtime":2324,"items_purged":["Strike_B","Strike_B","Defend_B"],"score":2092,"play_id":"d99be035-38b9-4f3c-8ba0-ba4bb9f9271a","local_time":"20210107210944","is_ascension_mode":true,"campfire_choices":[{"data":"Zap","floor":7.0,"key":"SMITH"},{"data":"Dualcast","floor":15.0,"key":"SMITH"},{"data":"Capacitor","floor":23.0,"key":"SMITH"},{"floor":25.0,"key":"REST"},{"data":"Buffer","floor":29.0,"key":"SMITH"},{"data":"Glacier","floor":32.0,"key":"SMITH"},{"data":"Blizzard","floor":41.0,"key":"SMITH"},{"floor":47.0,"key":"REST"},{"floor":49,"key":"REST"}],"circlet_count":0,"master_deck":["AscendersBane","Defend_B","Defend_B","Zap+1","Dualcast+1","Compile Driver","Echo Form","Ball Lightning+1","Glacier+1","Chill+1","Conserve Battery+1","Stack+1","Leap+1","Electrodynamics","Redo+1","Capacitor+1","Consume+1","Coolheaded+1","Stack+1","Turbo+1","Reboot+1","Buffer+1","Blizzard+1","Buffer+1","Echo Form","Coolheaded+1","Reboot+1","Chaos+1","Aggregate+1","Capacitor"],"relics":["Cracked Core","NeowsBlessing","Toxic Egg 2","Mercury Hourglass","Juzu Bracelet","Darkstone Periapt","Nuclear Battery","Lantern","Happy Flower","Runic Pyramid","Gambling Chip","Du-Vu Doll","Toy Ornithopter","DataDisk"],"acts_visited":["Exordium","TheCity","TheBeyond"],"potions_floor_usage":[],"damage_taken":[{"damage":0.0,"enemies":"2 Louse","floor":1.0,"turns":1.0},{"damage":0.0,"enemies":"Cultist","floor":3.0,"turns":1.0},{"damage":0.0,"enemies":"Gremlin Nob","floor":6.0,"turns":1.0},{"damage":15.0,"enemies":"3 Sentries","floor":10.0,"turns":5.0},{"damage":0.0,"enemies":"Jaw Worm","floor":11.0,"turns":2.0},{"damage":2.0,"enemies":"Blue Slaver","floor":12.0,"turns":2.0},{"damage":21.0,"enemies":"Gremlin Nob","floor":13.0,"turns":4.0},{"damage":0.0,"enemies":"Exordium Thugs","floor":14.0,"turns":3.0},{"damage":18.0,"enemies":"Hexaghost","floor":16.0,"turns":11.0},{"damage":8.0,"enemies":"Chosen","floor":18.0,"turns":6.0},{"damage":11.0,"enemies":"Shell Parasite","floor":20.0,"turns":7.0},{"damage":1.0,"enemies":"Centurion and Healer","floor":21.0,"turns":6.0},{"damage":6.0,"enemies":"Book of Stabbing","floor":24.0,"turns":6.0},{"damage":0.0,"enemies":"Automaton","floor":33.0,"turns":12.0},{"damage":6.0,"enemies":"Orb Walker","floor":35.0,"turns":7.0},{"damage":0.0,"enemies":"3 Shapes","floor":38.0,"turns":4.0},{"damage":0.0,"enemies":"Sphere and 2 Shapes","floor":39.0,"turns":4.0},{"damage":0.0,"enemies":"Nemesis","floor":40.0,"turns":9.0},{"damage":13.0,"enemies":"Spire Growth","floor":42.0,"turns":6.0},{"damage":22.0,"enemies":"Reptomancer","floor":44.0,"turns":6.0},{"damage":0,"enemies":"Maw","floor":48,"turns":7},{"damage":11,"enemies":"Awakened One","floor":50,"turns":11},{"damage":24,"enemies":"Donu and Deca","floor":51,"turns":7}],"seed_played":"-6868646799553655340","potions_obtained":[{"floor":6.0,"key":"Weak Potion"},{"floor":10.0,"key":"Explosive Potion"},{"floor":12.0,"key":"SkillPotion"},{"floor":16.0,"key":"Explosive Potion"},{"floor":18.0,"key":"FocusPotion"},{"floor":21.0,"key":"Weak Potion"},{"floor":38.0,"key":"Ancient Potion"},{"floor":39.0,"key":"Strength Potion"}],"is_trial":false,"path_per_floor":["M","?","M","$","?","E","R","?","T","E","M","M","E","M","R","B",null,"M","$","M","M","$","R","E","R","T","?","?","R","?","?","R","B",null,"M","$","?","M","M","E","R","M","T","E","$","?","R","M","R","B","B",null],"character_chosen":"DEFECT","items_purchased":["Glacier","Capacitor","Consume+1","Coolheaded+1","Turbo+1","Capacitor"],"campfire_rested":3,"item_purchase_floors":[4,19,19,19,22,45],"current_hp_per_floor":[64,64,64,64,57,57,57,57,57,42,42,40,19,19,19,1,54,46,46,35,34,34,34,28,49,49,49,49,49,49,42,42,42,64,58,58,58,58,58,58,58,45,45,23,23,23,44,44,65,54,30],"gold":79,"neow_bonus":"THREE_ENEMY_KILL","is_daily":false,"chose_seed":false,"campfire_upgraded":6,"win_rate":0.0,"timestamp":1610021384,"path_taken":["M","?","M","?","?","E","R","?","T","E","M","M","E","M","R","BOSS","M","$","M","M","$","R","E","R","T","?","?","R","?","?","R","BOSS","M","?","?","M","M","E","R","M","T","E","$","?","R","M","R","BOSS","BOSS"],"items_purchased_type":["Card","Card","Card","Card","Card","Card"],"build_version":"2020-12-22","purchased_purges":3,"victory":true,"max_hp_per_floor":[71,71,71,71,71,71,71,71,71,71,71,71,71,71,71,71,71,71,71,71,71,71,71,71,71,71,71,71,71,71,71,71,71,71,71,71,71,71,71,71,71,71,71,71,71,71,71,71,71,71,71],"card_choices":[{"not_picked":["Go for the Eyes","Streamline"],"picked":"Compile Driver","floor":1.0},{"not_picked":["Aggregate","Recycle"],"picked":"Ball Lightning","floor":3.0},{"not_picked":["Hello World","Redo+1"],"picked":"Hologram+1","floor":6.0},{"not_picked":["Self Repair","Cold Snap"],"picked":"Chill+1","floor":10.0},{"not_picked":["Compile Driver","Sweeping Beam"],"picked":"Conserve Battery+1","floor":11.0},{"not_picked":["Beam Cell","Gash"],"picked":"Stack+1","floor":12.0},{"not_picked":["Reprogram+1","Lockon"],"picked":"Leap+1","floor":13.0},{"not_picked":["Compile Driver","Melter","Streamline"],"picked":"SKIP","floor":14.0},{"not_picked":["Fission+1","All For One"],"picked":"Electrodynamics","floor":16.0},{"not_picked":["Hologram+1","Rebound"],"picked":"Redo+1","floor":18.0},{"not_picked":["Lockon","Beam Cell","Sweeping Beam+1"],"picked":"SKIP","floor":20.0},{"not_picked":["Redo+1","Scrape"],"picked":"Stack+1","floor":21.0},{"not_picked":["Rebound","Auto Shields+1"],"picked":"Reboot+1","floor":24.0},{"not_picked":["Rainbow+1","Reboot+1"],"picked":"Echo Form","floor":33.0},{"not_picked":["Double Energy+1","Glacier+1"],"picked":"Coolheaded+1","floor":35.0},{"not_picked":["Conserve Battery+1","Lockon","Rebound"],"picked":"SKIP","floor":38.0},{"not_picked":["Go for the Eyes","Turbo+1"],"picked":"Reboot+1","floor":39.0},{"not_picked":["Rebound","Loop"],"picked":"Chaos+1","floor":40.0},{"not_picked":["Leap+1","Stack+1","Compile Driver"],"picked":"SKIP","floor":42.0},{"not_picked":["Go for the Eyes+1","Hologram+1"],"picked":"Aggregate+1","floor":44.0},{"not_picked":["Gash","Go for the Eyes","Reprogram+1"],"picked":"SKIP","floor":48}],"player_experience":1006881,"relics_obtained":[{"floor":6.0,"key":"Toxic Egg 2"},{"floor":9.0,"key":"Mercury Hourglass"},{"floor":10.0,"key":"Juzu Bracelet"},{"floor":13.0,"key":"Darkstone Periapt"},{"floor":24.0,"key":"Lantern"},{"floor":26.0,"key":"Happy Flower"},{"floor":40.0,"key":"Du-Vu Doll"},{"floor":43.0,"key":"Toy Ornithopter"},{"floor":44.0,"key":"DataDisk"}],"event_choices":[{"damage_healed":0.0,"max_hp_gain":0.0,"max_hp_loss":0.0,"gold_gain":0.0,"event_name":"Match and Keep!","player_choice":"2 cards matched","floor":2.0,"gold_loss":0.0,"damage_taken":0.0,"cards_obtained":["Echo Form","Gash"]},{"cards_removed":["Strike_B"],"damage_healed":0.0,"max_hp_gain":0.0,"max_hp_loss":0.0,"gold_gain":0.0,"event_name":"Golden Wing","player_choice":"Card Removal","floor":5.0,"gold_loss":0.0,"damage_taken":7.0},{"damage_healed":0.0,"max_hp_gain":0.0,"max_hp_loss":0.0,"gold_gain":0.0,"event_name":"Accursed Blacksmith","player_choice":"Forge","floor":8.0,"gold_loss":0.0,"damage_taken":0.0,"cards_upgraded":["Ball Lightning"]},{"cards_removed":["Strike_B"],"damage_healed":0.0,"max_hp_gain":0.0,"max_hp_loss":0.0,"gold_gain":0.0,"event_name":"Beggar","player_choice":"Gave Gold","floor":27.0,"gold_loss":75.0,"damage_taken":0.0},{"damage_healed":0.0,"max_hp_gain":0.0,"max_hp_loss":0.0,"gold_gain":0.0,"cards_transformed":["Defend_B","Gash"],"event_name":"Drug Dealer","player_choice":"Became Test Subject","floor":28.0,"gold_loss":0.0,"damage_taken":0.0,"cards_obtained":["Buffer","Blizzard"]},{"damage_healed":0.0,"max_hp_gain":0.0,"max_hp_loss":0.0,"gold_gain":0.0,"event_name":"Duplicator","player_choice":"Copied","floor":30.0,"gold_loss":0.0,"damage_taken":0.0,"cards_obtained":["Buffer"]},{"damage_healed":0.0,"max_hp_gain":0.0,"max_hp_loss":0.0,"gold_gain":50.0,"event_name":"FaceTrader","player_choice":"Touch","floor":31.0,"gold_loss":0.0,"damage_taken":7.0},{"cards_removed":["Hologram"],"damage_healed":0.0,"max_hp_gain":0.0,"max_hp_loss":0.0,"gold_gain":0.0,"event_name":"WeMeetAgain","player_choice":"Gave Card","floor":37.0,"gold_loss":0.0,"damage_taken":0.0,"relics_obtained":["Gambling Chip"]},{"damage_healed":0.0,"max_hp_gain":0.0,"max_hp_loss":0.0,"gold_gain":0.0,"event_name":"The Moai Head","player_choice":"Ignored","floor":46.0,"gold_loss":0.0,"damage_taken":0.0}],"is_beta":false,"boss_relics":[{"not_picked":["SacredBark","Pandora\u0027s Box"],"picked":"Nuclear Battery"},{"not_picked":["Tiny House","Astrolabe"],"picked":"Runic Pyramid"}],"items_purged_floors":[4,19,36],"is_endless":false,"potions_floor_spawned":[6,10,12,16,18,21,38,39,42],"ascension_level":20}}