{"host":"ig7tc0uedzltt2sr","time":1610060172,"event":{"mods":["BaseMod","Better Twitch Integration","Block Reminder","Colored Map","Colored Powertips","Communication Mod","Current Relic Mod","GifTheSpireLib","HexUI Lib","Minty Spire (QoL Compilation)","Quick Restart","Random Character Button","Rare Cards Sparkle","Relic Sorter","Relic Stats","Slay the Relics Exporter","StSLib","SuperFastMode","Synergy Search","Twitch Decklist","Twitch Utils","everything is the same but u backflip on backflip","slay the spire mod where everything is the same but ironclad has a cowboy hat"],"gold_per_floor":[117,137,137,88,88,88,120,295,295,313,332,332,343,343,343,343,343],"floor_reached":16,"playtime":91,"items_purged":[],"score":125,"play_id":"fbebfafe-c69f-4979-9fd0-0a36d45b1d2e","local_time":"20210107145612","is_ascension_mode":false,"campfire_choices":[{"floor":6,"key":"REST"},{"floor":15,"key":"REST"}],"circlet_count":0,"master_deck":["Strike_R","Strike_R","Strike_R","Strike_R","Strike_R","Defend_R","Defend_R","Defend_R","Defend_R","Bash","Wild Strike","Rampage","Ghostly Armor","Doubt","Clash","Sever Soul","Disarm"],"relics":["Burning Blood","NeowsBlessing","Orichalcum","Art of War"],"acts_visited":["Exordium"],"potions_floor_usage":[],"damage_taken":[{"damage":0,"enemies":"Small Slimes","floor":1,"turns":2},{"damage":0,"enemies":"2 Louse","floor":2,"turns":2},{"damage":0,"enemies":"Gremlin Nob","floor":7,"turns":1},{"damage":6,"enemies":"Jaw Worm","floor":10,"turns":7},{"damage":28,"enemies":"2 Fungi Beasts","floor":11,"turns":6},{"damage":15,"enemies":"Blue Slaver","floor":13,"turns":5},{"damage":73,"enemies":"Hexaghost","floor":16,"turns":11}],"seed_played":"6108543002264070502","potions_obtained":[{"floor":1,"key":"LiquidMemories"},{"floor":13,"key":"Strength Potion"}],"is_trial":false,"path_per_floor":["M","M","?","?","$","R","E","?","T","M","M","$","M","?","R","B"],"character_chosen":"IRONCLAD","items_purchased":[],"campfire_rested":2,"item_purchase_floors":[],"current_hp_per_floor":[80,80,80,80,80,80,80,80,80,80,58,58,49,46,70,0,0],"gold":343,"neow_bonus":"THREE_ENEMY_KILL","is_daily":false,"chose_seed":false,"campfire_upgraded":0,"win_rate":0.0,"timestamp":1610060172,"path_taken":["M","M","?","?","?","R","E","?","T","M","?","$","M","?","R","BOSS"],"items_purchased_type":[],"build_version":"2020-12-22","purchased_purges":0,"victory":false,"max_hp_per_floor":[80,80,80,80,80,80,80,80,80,80,80,80,80,80,80,80,80],"relic_stats":{"counters":[7,34],"Art of War":[1],"Orichalcum":[24],"obtain_stats":[{"NeowsBlessing":0,"Art of War":14,"Orichalcum":7,"Burning Blood":0},{"NeowsBlessing":0,"Art of War":6,"Orichalcum":3,"Burning Blood":0},{"NeowsBlessing":0,"Art of War":23,"Orichalcum":5,"Burning Blood":0}],"Burning Blood":18},"card_choices":[{"not_picked":["Flame Barrier","Body Slam"],"picked":"Wild Strike","floor":1},{"not_picked":["Sword Boomerang","Headbutt"],"picked":"Rampage","floor":2},{"not_picked":["Perfected Strike","Heavy Blade"],"picked":"Ghostly Armor","floor":7},{"not_picked":["Heavy Blade","Flame Barrier"],"picked":"Clash","floor":10},{"not_picked":["Perfected Strike","Twin Strike"],"picked":"Sever Soul","floor":11},{"not_picked":["Armaments","Clash"],"picked":"Disarm","floor":13}],"player_experience":1459435,"relics_obtained":[{"floor":7,"key":"Orichalcum"}],"event_choices":[{"damage_healed":0,"gold_gain":0,"player_choice":"Ignored","damage_taken":0,"max_hp_gain":0,"max_hp_loss":0,"event_name":"Shining Light","floor":3,"gold_loss":0},{"damage_healed":0,"gold_gain":0,"player_choice":"Left Gold","damage_taken":0,"max_hp_gain":0,"max_hp_loss":0,"event_name":"World of Goop","floor":4,"gold_loss":49},{"damage_healed":0,"gold_gain":175,"player_choice":"AGREE","damage_taken":0,"max_hp_gain":0,"max_hp_loss":0,"event_name":"Liars Game","floor":8,"gold_loss":0,"cards_obtained":["Doubt"]},{"damage_healed":0,"gold_gain":0,"player_choice":"Success","damage_taken":3,"relics_obtained":["Art of War"],"max_hp_gain":0,"max_hp_loss":0,"event_name":"Scrap Ooze","floor":14,"gold_loss":0}],"is_beta":false,"boss_relics":[],"items_purged_floors":[],"is_endless":false,"potions_floor_spawned":[1,13],"killed_by":"Hexaghost","ascension_level":0}}