{"host":"y7sd46uq4xlni546","time":1610054033,"event":{"mods":["AchievementEnabler","BaseMod","Colored Map","Colored Powertips","Curses Come First","Filter the Spire","Minty Spire (QoL Compilation)","Quick Restart","Random Character Button","Rare Cards Sparkle","StSLib"],"gold_per_floor":[119,119,119,136,155,155,186,186,212,254,266,278,309,354,366,483,495,520,532,563,575,607,619,631,672,684,621,380,391,391,391],"floor_reached":30,"playtime":1362,"items_purged":[],"score":371,"play_id":"ba40b0e4-1f76-46b6-8b46-d8b23be54a31","local_time":"20210107221353","is_ascension_mode":true,"campfire_choices":[{"floor":6.0,"key":"REST"},{"floor":12.0,"key":"REST"},{"data":"Survivor","floor":15.0,"key":"SMITH"},{"floor":23.0,"key":"REST"}],"circlet_count":0,"master_deck":["Strike_G","Strike_G+1","Strike_G","Defend_G+1","Defend_G+1","Defend_G+1","Survivor+1","Neutralize","Underhanded Strike+1","Quick Slash+1","After Image+1","Noxious Fumes+1","Tactician","Envenom","Poisoned Stab+1","Caltrops","Bouncing Flask","Outmaneuver+1","Tactician+1"],"relics":["Astrolabe","Strawberry","MawBank","Ornamental Fan","StrikeDummy","Bird Faced Urn","Black Star","Ninja Scroll","Bottled Lightning","War Paint","TwistedFunnel"],"acts_visited":["Exordium","TheCity"],"potions_floor_usage":[29],"damage_taken":[{"damage":3.0,"enemies":"Small Slimes","floor":1.0,"turns":3.0},{"damage":0.0,"enemies":"2 Louse","floor":4.0,"turns":3.0},{"damage":0.0,"enemies":"Cultist","floor":5.0,"turns":3.0},{"damage":13.0,"enemies":"Lagavulin","floor":7.0,"turns":10.0},{"damage":8.0,"enemies":"3 Sentries","floor":10.0,"turns":6.0},{"damage":1.0,"enemies":"Looter","floor":13.0,"turns":3.0},{"damage":15.0,"enemies":"Gremlin Nob","floor":14.0,"turns":4.0},{"damage":35.0,"enemies":"The Guardian","floor":16.0,"turns":12.0},{"damage":0.0,"enemies":"Chosen","floor":18.0,"turns":5.0},{"damage":18.0,"enemies":"3 Byrds","floor":20.0,"turns":5.0},{"damage":19.0,"enemies":"Centurion and Healer","floor":22.0,"turns":5.0},{"damage":56,"enemies":"Gremlin Leader","floor":25,"turns":7},{"damage":10,"enemies":"3 Cultists","floor":29,"turns":6},{"damage":31,"enemies":"Slavers","floor":30,"turns":3}],"seed_played":"713818996382808246","potions_obtained":[{"floor":1.0,"key":"BlessingOfTheForge"},{"floor":4.0,"key":"Energy Potion"},{"floor":13.0,"key":"Ancient Potion"},{"floor":20.0,"key":"SneckoOil"}],"is_trial":false,"path_per_floor":["M","?","?","M","M","R","E","?","T","E","?","R","M","E","R","B",null,"M","?","M","?","M","R","T","E","T","?","$","M","E"],"character_chosen":"THE_SILENT","items_purchased":["TwistedFunnel","Fruit Juice"],"campfire_rested":3,"item_purchase_floors":[28,28],"current_hp_per_floor":[60,46,51,51,51,73,67,67,67,59,52,76,75,60,60,31,69,75,75,61,61,44,68,68,20,20,20,20,23,0,0],"gold":391,"neow_bonus":"BOSS_RELIC","is_daily":false,"chose_seed":false,"campfire_upgraded":1,"win_rate":0.0,"timestamp":1610054033,"path_taken":["M","?","?","M","M","R","E","?","T","E","?","R","M","E","R","BOSS","M","?","?","?","M","R","?","E","T","?","$","M","E"],"items_purchased_type":["Relic","Potion"],"build_version":"2020-12-22","purchased_purges":0,"victory":false,"max_hp_per_floor":[70,70,75,75,75,75,82,82,82,82,82,82,82,82,82,82,82,82,82,82,82,82,82,82,82,82,82,82,87,87,87],"card_choices":[{"not_picked":["Dodge and Roll","Eviscerate"],"picked":"Noxious Fumes","floor":1.0},{"not_picked":["Backflip","Riddle With Holes"],"picked":"Accuracy","floor":4.0},{"not_picked":["Dodge and Roll","Slice","Dagger Throw"],"picked":"SKIP","floor":5.0},{"not_picked":["Escape Plan","Eviscerate","Dodge and Roll"],"picked":"SKIP","floor":7.0},{"not_picked":["Dagger Spray","Acrobatics"],"picked":"Tactician","floor":10.0},{"not_picked":["Quick Slash","Well Laid Plans","Dodge and Roll"],"picked":"SKIP","floor":13.0},{"not_picked":["Escape Plan","Sucker Punch","Finisher"],"picked":"SKIP","floor":14.0},{"not_picked":["Tools of the Trade","Storm of Steel"],"picked":"Envenom","floor":16.0},{"not_picked":["Outmaneuver","Concentrate"],"picked":"Poisoned Stab+1","floor":18.0},{"not_picked":["Deflect+1","Crippling Poison+1"],"picked":"Caltrops","floor":20.0},{"not_picked":["Infinite Blades+1","PiercingWail"],"picked":"Bouncing Flask","floor":22.0},{"not_picked":["Crippling Poison","Deflect"],"picked":"Outmaneuver+1","floor":25},{"not_picked":["Backflip","Acrobatics"],"picked":"Tactician+1","floor":29}],"player_experience":621657,"relics_obtained":[{"floor":7.0,"key":"Strawberry"},{"floor":9.0,"key":"MawBank"},{"floor":10.0,"key":"Ornamental Fan"},{"floor":14.0,"key":"Bird Faced Urn"},{"floor":25,"key":"Ninja Scroll"},{"floor":25,"key":"Bottled Lightning"},{"floor":26,"key":"War Paint"}],"event_choices":[{"damage_healed":0.0,"max_hp_gain":0.0,"max_hp_loss":0.0,"gold_gain":0.0,"event_name":"Shining Light","player_choice":"Entered Light","floor":2.0,"gold_loss":0.0,"damage_taken":14.0,"cards_upgraded":["Defend_G","Strike_G"]},{"damage_healed":0.0,"max_hp_gain":5.0,"max_hp_loss":0.0,"gold_gain":0.0,"event_name":"Big Fish","player_choice":"Donut","floor":3.0,"gold_loss":0.0,"damage_taken":0.0},{"damage_healed":0.0,"max_hp_gain":0.0,"max_hp_loss":0.0,"gold_gain":0.0,"event_name":"Living Wall","player_choice":"Grow","floor":8.0,"gold_loss":0.0,"damage_taken":0.0,"cards_upgraded":["Noxious Fumes"]},{"damage_healed":0.0,"max_hp_gain":0.0,"max_hp_loss":0.0,"gold_gain":0.0,"event_name":"Scrap Ooze","player_choice":"Success","floor":11.0,"gold_loss":0.0,"damage_taken":7.0,"relics_obtained":["StrikeDummy"]},{"cards_removed":["Accuracy"],"damage_healed":0.0,"max_hp_gain":0.0,"max_hp_loss":0.0,"gold_gain":0.0,"event_name":"Purifier","player_choice":"Purged","floor":19.0,"gold_loss":0.0,"damage_taken":0.0},{"damage_healed":0.0,"max_hp_gain":0.0,"max_hp_loss":0.0,"gold_gain":0.0,"event_name":"Vampires","player_choice":"Ignored","floor":21.0,"gold_loss":0.0,"damage_taken":0.0},{"cards_removed":["Defend_G"],"damage_healed":0,"gold_gain":0,"player_choice":"Gave Gold","damage_taken":0,"max_hp_gain":0,"max_hp_loss":0,"event_name":"Beggar","floor":27,"gold_loss":75}],"is_beta":false,"boss_relics":[{"not_picked":["Ectoplasm","WristBlade"],"picked":"Black Star"}],"items_purged_floors":[],"is_endless":false,"potions_floor_spawned":[1,4,13,20],"killed_by":"Slavers","ascension_level":6}}