{"host":"f8toxsj3bk02pkeu","time":1610026646,"event":{"mods":["BaseMod","Minty Spire (QoL Compilation)","Permanent Neow","Quick Restart","StSLib","SuperFastMode"],"gold_per_floor":[16,16,36,50,60,88,101,119,146,171,190,220,220,245,245,319,319,334,334,334,249,249,281,281,281,356,356,382,432,460,471,471,471,471],"floor_reached":33,"playtime":2169,"items_purged":[],"score":716,"play_id":"fed3ba8a-7d8f-48c8-a763-d59d362dbb7b","local_time":"20210107063726","is_ascension_mode":true,"campfire_choices":[{"data":"Spot Weakness","floor":13,"key":"SMITH"},{"data":"Heavy Blade","floor":15,"key":"SMITH"},{"data":"Limit Break","floor":25,"key":"SMITH"},{"data":"Heavy Blade","floor":32,"key":"SMITH"}],"circlet_count":0,"master_deck":["AscendersBane","Strike_R+1","Strike_R+1","Strike_R+1","Strike_R+1","Strike_R+1","Defend_R+1","Defend_R+1","Defend_R+1","Defend_R+1","Bash","Immolate+1","Spot Weakness+1","Heavy Blade+1","Twin Strike","Thunderclap","Heavy Blade+1","Disarm","True Grit","Limit Break+1","Havoc+1","Writhe","Pommel Strike"],"relics":["Burning Blood","Art of War","Blood Vial","Mercury Hourglass","Red Skull","Smiling Mask","Philosopher\u0027s Stone","MutagenicStrength","Darkstone Periapt","Juzu Bracelet","Frozen Egg 2","Potion Belt","PreservedInsect","Champion Belt"],"acts_visited":["TheCity"],"potions_floor_usage":[5,6,8,14,18,33,33],"damage_taken":[{"damage":7,"enemies":"Small Slimes","floor":1,"turns":3},{"damage":0,"enemies":"Cultist","floor":3,"turns":3},{"damage":12,"enemies":"Jaw Worm","floor":4,"turns":4},{"damage":9,"enemies":"Looter","floor":5,"turns":3},{"damage":7,"enemies":"3 Sentries","floor":6,"turns":3},{"damage":22,"enemies":"Large Slime","floor":7,"turns":5},{"damage":0,"enemies":"Exordium Wildlife","floor":8,"turns":2},{"damage":32,"enemies":"Gremlin Nob","floor":10,"turns":4},{"damage":6,"enemies":"Looter","floor":11,"turns":2},{"damage":5,"enemies":"3 Sentries","floor":12,"turns":2},{"damage":0,"enemies":"Lagavulin","floor":14,"turns":4},{"damage":20,"enemies":"Hexaghost","floor":16,"turns":8},{"damage":21,"enemies":"2 Thieves","floor":18,"turns":4},{"damage":24,"enemies":"Book of Stabbing","floor":23,"turns":3},{"damage":22,"enemies":"Gremlin Leader","floor":28,"turns":6},{"damage":16,"enemies":"Book of Stabbing","floor":30,"turns":2},{"damage":0,"enemies":"Chosen","floor":31,"turns":2},{"damage":87,"enemies":"Automaton","floor":33,"turns":6}],"seed_played":"-810369756824587224","potions_obtained":[{"floor":3,"key":"DistilledChaos"},{"floor":4,"key":"BlessingOfTheForge"},{"floor":5,"key":"FearPotion"},{"floor":10,"key":"FearPotion"},{"floor":11,"key":"EssenceOfSteel"},{"floor":18,"key":"Fire Potion"},{"floor":30,"key":"SteroidPotion"}],"is_trial":false,"path_per_floor":["M","?","M","M","M","E","M","M","T","E","M","E","R","E","R","B",null,"M","?","?","?","?","E","?","R","T","?","E","?","E","M","R","B"],"character_chosen":"IRONCLAD","items_purchased":[],"campfire_rested":0,"item_purchase_floors":[],"current_hp_per_floor":[67,67,73,67,64,63,47,53,53,29,31,34,34,42,42,30,64,51,51,51,51,66,50,50,50,50,56,42,42,34,42,42,0,0],"gold":471,"neow_bonus":"THREE_RARE_CARDS","is_daily":false,"chose_seed":false,"campfire_upgraded":4,"win_rate":0.0,"timestamp":1610026646,"path_taken":["M","?","M","M","?","E","M","M","T","E","M","E","R","E","R","BOSS","M","?","?","?","?","E","?","R","T","?","E","?","E","M","R","BOSS"],"items_purchased_type":[],"build_version":"2020-12-22","purchased_purges":0,"victory":false,"max_hp_per_floor":[75,75,75,75,75,75,75,75,75,75,75,75,75,75,75,75,75,75,75,75,75,75,75,75,75,75,81,81,81,81,81,81,81,81],"card_choices":[{"not_picked":["Demon Form","Limit Break"],"picked":"Immolate","floor":0},{"not_picked":["Warcry","Sword Boomerang"],"picked":"Spot Weakness","floor":1},{"not_picked":["Anger","Cleave"],"picked":"Heavy Blade","floor":3},{"not_picked":["Sword Boomerang","Armaments"],"picked":"Twin Strike","floor":4},{"not_picked":["Warcry","Body Slam","Clash"],"picked":"SKIP","floor":5},{"not_picked":["Reaper","Havoc"],"picked":"Thunderclap","floor":6},{"not_picked":["Inflame","Evolve"],"picked":"Heavy Blade","floor":7},{"not_picked":["Havoc","Pummel","Dual Wield"],"picked":"SKIP","floor":8},{"not_picked":["Evolve","Sword Boomerang","Rampage"],"picked":"SKIP","floor":10},{"not_picked":["Sever Soul","Infernal Blade"],"picked":"Disarm","floor":11},{"not_picked":["Clothesline","Pummel"],"picked":"True Grit","floor":12},{"not_picked":["Iron Wave","Armaments","Sword Boomerang"],"picked":"SKIP","floor":14},{"not_picked":["Immolate","Bludgeon"],"picked":"Limit Break","floor":16},{"not_picked":["Twin Strike","Clash"],"picked":"Havoc+1","floor":18},{"not_picked":["Cleave","Brutality","Hemokinesis"],"picked":"SKIP","floor":23},{"not_picked":["Combust+1","Perfected Strike"],"picked":"Pommel Strike","floor":28},{"not_picked":["Searing Blow","Sever Soul","Warcry"],"picked":"SKIP","floor":30},{"not_picked":["Perfected Strike","Bloodletting","Thunderclap"],"picked":"SKIP","floor":31}],"player_experience":956857,"relics_obtained":[{"floor":6,"key":"Art of War"},{"floor":9,"key":"Blood Vial"},{"floor":10,"key":"Mercury Hourglass"},{"floor":12,"key":"Red Skull"},{"floor":14,"key":"Smiling Mask"},{"floor":23,"key":"Juzu Bracelet"},{"floor":26,"key":"Frozen Egg 2"},{"floor":28,"key":"PreservedInsect"},{"floor":30,"key":"Champion Belt"}],"event_choices":[{"damage_healed":0,"gold_gain":0,"player_choice":"Upgraded","damage_taken":0,"max_hp_gain":0,"max_hp_loss":0,"event_name":"Upgrade Shrine","floor":2,"gold_loss":0,"cards_upgraded":["Immolate"]},{"damage_healed":0,"gold_gain":0,"player_choice":"Simplicity","damage_taken":0,"max_hp_gain":0,"max_hp_loss":0,"event_name":"Back to Basics","floor":19,"gold_loss":0,"cards_upgraded":["Strike_R","Strike_R","Strike_R","Strike_R","Strike_R","Defend_R","Defend_R","Defend_R","Defend_R"]},{"damage_healed":0,"gold_gain":0,"player_choice":"Inject Mutagens","damage_taken":0,"relics_obtained":["MutagenicStrength"],"max_hp_gain":0,"max_hp_loss":0,"event_name":"Drug Dealer","floor":20,"gold_loss":0},{"damage_healed":0,"gold_gain":0,"player_choice":"Obtained Relic","damage_taken":0,"relics_obtained":["Darkstone Periapt"],"max_hp_gain":0,"max_hp_loss":0,"event_name":"Addict","floor":21,"gold_loss":85},{"damage_healed":15,"gold_gain":0,"player_choice":"Heal","damage_taken":0,"max_hp_gain":0,"max_hp_loss":0,"event_name":"The Library","floor":22,"gold_loss":0},{"damage_healed":0,"gold_gain":0,"player_choice":"Ignored","damage_taken":0,"max_hp_gain":0,"max_hp_loss":0,"event_name":"Ghosts","floor":24,"gold_loss":0},{"damage_healed":0,"gold_gain":0,"player_choice":"Opened","damage_taken":0,"relics_obtained":["Potion Belt"],"max_hp_gain":0,"max_hp_loss":0,"event_name":"The Mausoleum","floor":27,"gold_loss":0,"cards_obtained":["Writhe"]},{"damage_healed":0,"gold_gain":50,"player_choice":"Stole From Cult","damage_taken":0,"max_hp_gain":0,"max_hp_loss":0,"event_name":"Nest","floor":29,"gold_loss":0}],"is_beta":false,"boss_relics":[{"not_picked":["Fusion Hammer","SacredBark"],"picked":"Philosopher\u0027s Stone"}],"items_purged_floors":[],"is_endless":false,"potions_floor_spawned":[3,4,5,10,11,18,30],"killed_by":"Automaton","ascension_level":20}}