{"host":"er8s5flrc5z1a07t","time":1610026499,"event":{"mods":["2.2 Compatiblity","Act Like it!","Bard","BaseMod","Better Note","Better Third Choice","Downfall","Duelist Mod","Elementarium","Energized Spire","GifTheSpireLib","Hermit","Hubris","Infinite Spire","Minty Spire (QoL Compilation)","Relic Stats","Replay The Spire","Shop Mod","StSLib","Stuff the Spire","Synergy Search","The Cursed","The Disciple","The Mystic"],"gold_per_floor":[19,29,43,43,43,77,77,77,158,158,178,178,178],"floor_reached":12,"playtime":336,"items_purged":[],"score":152,"play_id":"7b2b3df4-cfeb-4513-ba3a-99179267ac06","local_time":"20210107083459","is_ascension_mode":true,"campfire_choices":[{"data":"Dualcast","floor":7,"key":"SMITH"},{"floor":10,"key":"REST"}],"circlet_count":0,"master_deck":["AscendersBane","Strike_B","Strike_B","Strike_B","Strike_B","Defend_B","Defend_B","Defend_B","Defend_B","Zap","Dualcast+1","Compile Driver","BasicCrystalCard","Barrage","Burn+1","Redo","Compile Driver"],"relics":["Cracked Core","Replay:Rubber Ducky","NlothsMask"],"acts_visited":["Exordium"],"potions_floor_usage":[6,11],"damage_taken":[{"damage":2,"enemies":"Cultist","floor":1,"turns":4},{"damage":7,"enemies":"2 Louse","floor":2,"turns":3},{"damage":0,"enemies":"Small Slimes","floor":3,"turns":3},{"damage":44,"enemies":"3 Sentries","floor":6,"turns":8},{"damage":13,"enemies":"Gremlin Gang","floor":11,"turns":4},{"damage":43,"enemies":"Lagavulin","floor":12,"turns":5}],"seed_played":"-4492104899975169541","potions_obtained":[{"floor":2,"key":"SneckoOil"},{"floor":3,"key":"Explosive Potion"},{"floor":11,"key":"DuplicationPotion"}],"is_trial":false,"path_per_floor":["M","M","M","$","?","E","R","?","T","R","M","E"],"character_chosen":"DEFECT","items_purchased":[],"campfire_rested":1,"item_purchase_floors":[],"current_hp_per_floor":[76,69,69,69,69,25,25,25,25,50,37,0,0],"gold":178,"neow_bonus":"TWENTY_PERCENT_HP_BONUS","is_daily":false,"chose_seed":false,"campfire_upgraded":1,"win_rate":0.0,"timestamp":1610026499,"path_taken":["M","?","M","$","?","E","R","?","T","R","M","E"],"items_purchased_type":[],"build_version":"2020-12-22","purchased_purges":0,"victory":false,"max_hp_per_floor":[85,85,85,85,85,85,85,85,85,85,85,85,85],"relic_stats":{"counters":[6,27],"obtain_stats":[{"Cracked Core":0,"Replay:Rubber Ducky":6,"NlothsMask":8},{"Cracked Core":0,"Replay:Rubber Ducky":4,"NlothsMask":4},{"Cracked Core":0,"Replay:Rubber Ducky":18,"NlothsMask":18}]},"card_choices":[{"not_picked":["Steam Power","Force Field"],"picked":"Compile Driver","floor":1},{"not_picked":["Rebound","Hologram"],"picked":"BasicCrystalCard","floor":2},{"not_picked":["ReplaySort","StuffTheSpire:ShieldGenerator"],"picked":"Barrage","floor":3},{"not_picked":["hubris:PowerSurge","Melter"],"picked":"Redo","floor":6},{"not_picked":["StuffTheSpire:Rend","StuffTheSpire:Plugnplay"],"picked":"Compile Driver","floor":11}],"player_experience":1224465,"relics_obtained":[{"floor":6,"key":"Replay:Rubber Ducky"}],"event_choices":[{"damage_healed":69,"gold_gain":0,"player_choice":"Embrace Burn","damage_taken":0,"max_hp_gain":0,"max_hp_loss":85,"event_name":"betterThird:BetterShining","floor":5,"gold_loss":0},{"damage_healed":0,"gold_gain":0,"player_choice":"Trade","damage_taken":0,"relics_obtained":["NlothsMask"],"max_hp_gain":0,"max_hp_loss":0,"event_name":"FaceTrader","floor":8,"gold_loss":0}],"is_beta":false,"boss_relics":[],"items_purged_floors":[],"is_endless":false,"potions_floor_spawned":[2,3,11],"killed_by":"Lagavulin","ascension_level":19}}