{"host":"2gugywxuw0nvjb3h","time":1610004941,"event":{"mods":["AchievementEnabler","BaseMod","Better Altar","Better Match","Better Note","Better Sensory Stone","Better Skull","Better Third Choice","BetterRewards","Colored Map","Colored Powertips","Curses Come First","Evolution","GifTheSpireLib","Hermit","Key Reminder","Marisa????????","Minty Spire (QoL Compilation)","Rare Cards Sparkle","Relic Sorter","Replay The Spire","Shade Mod","Spicy Shops","StSLib","The Cursed","The Disciple","The Marked","The Senshi","The Servant 0.9.4"],"gold_per_floor":[115,131,53,18,18,45,45,79,79,105,105,144,144,166,166,279,288,311,337,364,364,266,303,303,346,401,441,470,196,221,243,308,420,420,442,442,114,135,189,233,233,270,270,291,291,66,66,100,100,100],"floor_reached":51,"playtime":5580,"items_purged":[],"score":1309,"play_id":"40055348-43d7-45f2-9dd6-2b10c2a49545","local_time":"20210107003541","is_ascension_mode":true,"campfire_choices":[{"data":"Shade:OpenGraves","floor":7,"key":"SMITH"},{"data":"Shade:Carnophage","floor":11,"key":"SMITH"},{"data":"Shade:Carnophage","floor":13,"key":"SMITH"},{"data":"Shade:TouchOfTheGrave","floor":15,"key":"SMITH"},{"data":"Shade:Carnophage","floor":24,"key":"SMITH"},{"data":"Shade:Bonestorm","floor":41,"key":"SMITH"},{"data":"Shade:AnimateDead","floor":45,"key":"SMITH"},{"data":"Shade:PoundOfFlesh","floor":47,"key":"SMITH"},{"data":"Shade:CommandSoldier","floor":49,"key":"SMITH"}],"circlet_count":0,"master_deck":["Shade:Strike_Shade","Shade:Strike_Shade","Shade:Strike_Shade","Shade:Strike_Shade","Shade:Defend_Shade","Shade:Defend_Shade","Shade:Defend_Shade","Shade:Defend_Shade","Shade:AnimateDead+1","Shade:CarefulCut+1","Shade:OpenGraves+1","Shade:Carnophage+1","Shade:Carnophage+1","Shade:Frenzy+1","Shade:ScuttlingHand","Shade:PoundOfFlesh+1","Shade:StitchTogether+1","Shade:DangerousRitual","Shade:Bonestorm+1","Shade:ScuttlingHand+1","Shade:Carnophage+1","Shade:TouchOfTheGrave+1","CurseOfTheBell","Shade:Trample+1","Shade:CommandSoldier+1","Shade:Bonestorm+1","Parasite","Shade:Carnophage+1","Shade:WallOfFlesh","Shade:Bonestorm+1","Shade:OminousRitual+1","Shade:Premonition","Shade:CallWraith+1","Shade:CallWraith+1","Shade:FeralStrike+1","Shade:Premonition+1","Shade:Putrefaction+1","Shade:Doomsay+1","Shade:Frenzy+1","Shade:Brains+1","Shade:FleshToFlesh+1","CarveReality","Shade:CommandSoldier+1","WindUp+1","Shade:SensePrey+1","Replace+1"],"relics":["Shade:YorickPolishedSkull","EVO:Axolotl","Mummified Hand","ReplayFunnel","Vajra","Golden Egg","Letter Opener","CaptainsWheel","Onion Ring","CeramicFish","theSenshi:FeatherClipsRelic","Gambling Chip","Replay:Grab Bag","Coffee Dripper","Philosopher\u0027s Stone","Calling Bell","Replay:Baseball","Kunai","Replay:Towering Pillar of Hats","Lantern","ReplayTheSpireMod:CursedCoin","Replay:WaspNest","FossilizedHelix","Gremlin Food","Snack Pack","Toxic Egg 2","Membership Card","PrismaticShard","Mercury Hourglass","Bird Faced Urn","Whetstone","Quantum Egg","Gremlin Horn","Bottled Flame","Divine Protection"],"acts_visited":["Exordium","TheCity","TheBeyond"],"potions_floor_usage":[12,16,16,18,23,40],"damage_taken":[{"damage":0,"enemies":"Cultist","floor":1,"turns":4},{"damage":0,"enemies":"Jaw Worm","floor":2,"turns":2},{"damage":3,"enemies":"3 Sentries","floor":6,"turns":8},{"damage":11,"enemies":"Lagavulin","floor":8,"turns":5},{"damage":0,"enemies":"Small Slimes","floor":10,"turns":2},{"damage":7,"enemies":"3 Sentries","floor":12,"turns":5},{"damage":0,"enemies":"Red Slaver","floor":14,"turns":2},{"damage":5,"enemies":"Slime Boss","floor":16,"turns":9},{"damage":0,"enemies":"Chosen","floor":18,"turns":5},{"damage":8,"enemies":"Spheric Guardian","floor":19,"turns":3},{"damage":8,"enemies":"Chosen and Byrds","floor":20,"turns":5},{"damage":0,"enemies":"Book of Stabbing","floor":23,"turns":6},{"damage":4,"enemies":"Gremlin Leader","floor":25,"turns":5},{"damage":0,"enemies":"Book of Stabbing","floor":27,"turns":4},{"damage":0,"enemies":"Sentry and Sphere","floor":28,"turns":4},{"damage":0,"enemies":"Cultist and Chosen","floor":30,"turns":4},{"damage":0,"enemies":"3 Cultists","floor":31,"turns":3},{"damage":5,"enemies":"Champ","floor":33,"turns":11},{"damage":0,"enemies":"3 Shapes","floor":35,"turns":1},{"damage":0,"enemies":"3 Darklings","floor":38,"turns":2},{"damage":1,"enemies":"2 Orb Walkers","floor":39,"turns":3},{"damage":34,"enemies":"Giant Head","floor":40,"turns":6},{"damage":5,"enemies":"R_Hoarder","floor":42,"turns":5},{"damage":0,"enemies":"Sphere and 2 Shapes","floor":44,"turns":2},{"damage":5,"enemies":"Giant Head","floor":48,"turns":6},{"damage":12,"enemies":"Replay:Hell Engine","floor":50,"turns":11}],"seed_played":"-7801904481144300982","potions_obtained":[{"floor":6,"key":"FearPotion"},{"floor":8,"key":"Adrenaline Potion"},{"floor":12,"key":"Explosive Potion"},{"floor":16,"key":"PowerPotion"},{"floor":19,"key":"LifebloodPotion"},{"floor":23,"key":"GamblersBrew"},{"floor":27,"key":"Strength Potion"},{"floor":28,"key":"FearPotion"},{"floor":30,"key":"Fire Potion"},{"floor":35,"key":"SkillPotion"},{"floor":40,"key":"FearPotion"},{"floor":48,"key":"Block Potion"}],"is_trial":false,"path_per_floor":["M","M","$","?","$","E","R","E","T","M","R","E","R","M","R","B",null,"M","M","M","?","$","E","R","E","T","E","M","$","M","M","R_BF","B",null,"M","?","$","M","?","E","R","E","T","M","R","$","R","E","R","B",null],"character_chosen":"SHADE","items_purchased":["Mummified Hand","Shade:OpenGraves","Shade:Carnophage","ReplayFunnel","Vajra","Golden Egg","Shade:Frenzy","Letter Opener","Shade:StitchTogether","Lantern","ReplayTheSpireMod:CursedCoin","Shade:Carnophage","Toxic Egg 2","Shade:CallWraith+1","Membership Card","PrismaticShard","Shade:Frenzy+1","Mercury Hourglass","Shade:SensePrey+1","Bottled Flame"],"campfire_rested":0,"item_purchase_floors":[0,0,0,0,0,0,0,0,3,22,22,22,29,29,37,37,37,37,46,46],"current_hp_per_floor":[59,59,59,65,65,65,65,54,54,60,60,65,65,65,65,65,65,65,63,65,75,75,75,75,75,75,75,75,75,75,75,75,75,75,75,75,75,75,75,60,60,71,71,75,75,75,75,75,75,75],"gold":100,"neow_bonus":"","is_daily":false,"chose_seed":false,"campfire_upgraded":9,"win_rate":0.0,"timestamp":1610004941,"path_taken":["M","M","?","?","?","E","R","E","T","M","R","E","R","M","R","BOSS","M","M","M","?","$","E","R","E","T","E","M","$","M","M","R_BF","BOSS","M","?","$","?","?","E","R","E","T","M","R","?","R","E","R","BOSS"],"items_purchased_type":["Relic","Card","Card","Relic","Relic","Relic","Card","Relic","Card","Relic","Relic","Card","Relic","Card","Relic","Relic","Card","Relic","Card","Relic"],"build_version":"2020-12-22","purchased_purges":0,"victory":true,"max_hp_per_floor":[65,65,65,65,65,65,65,65,65,65,65,65,65,65,65,65,65,65,65,65,75,75,75,75,75,75,75,75,75,75,75,75,75,75,75,75,75,75,75,75,75,75,75,75,75,75,75,75,75,75],"card_choices":[{"not_picked":["Shade:RitualOffering","Shade:FreshBones"],"picked":"Shade:ScuttlingHand","floor":1},{"not_picked":["Shade:ClawBack","Shade:FuneraryArmor"],"picked":"Shade:PoundOfFlesh","floor":2},{"not_picked":["Shade:AblativeArmor","Shade:CallOfTheGrave"],"picked":"Shade:DangerousRitual","floor":6},{"not_picked":["Shade:Excise","Shade:OneIsEnough"],"picked":"Shade:Bonestorm","floor":8},{"not_picked":["Shade:Premonition","Shade:BoneShards"],"picked":"Shade:ScuttlingHand","floor":10},{"not_picked":["Shade:FingerOfDeath","Shade:Trample"],"picked":"Shade:Carnophage","floor":12},{"not_picked":["Shade:SpontaneousRitual","Shade:FleshToFlesh"],"picked":"Shade:TouchOfTheGrave","floor":14},{"not_picked":["Shade:MadHubris","Shade:OminousRitual"],"picked":"Shade:DarkOfNight","floor":16},{"not_picked":["Shade:FleshLikeOak","Shade:Patience"],"picked":"Shade:Trample+1","floor":18},{"not_picked":["Shade:FingerOfDeath","Shade:FuneraryArmor+1"],"picked":"Shade:CommandSoldier","floor":19},{"not_picked":["Shade:FeralStrike","Shade:FuneraryArmor+1"],"picked":"Shade:Bonestorm+1","floor":20},{"not_picked":["Shade:CoffinDance","Shade:SoulToxin+1"],"picked":"Shade:WallOfFlesh","floor":23},{"not_picked":["Shade:CloudOfShrapnel+1","Shade:CommandSoldier"],"picked":"Shade:Bonestorm+1","floor":25},{"not_picked":["Shade:FingerOfDeath","Shade:RavenousHorde"],"picked":"Shade:OminousRitual","floor":27},{"not_picked":["Shade:FuneraryArmor","Shade:FeralStrike"],"picked":"Shade:Premonition","floor":28},{"not_picked":["Shade:Bite_Shade+1","Shade:SkeletonHug"],"picked":"Shade:FeralStrike+1","floor":30},{"not_picked":["Shade:Bonestorm+1","Shade:AncientSpear"],"picked":"Shade:Premonition+1","floor":31},{"not_picked":["Shade:DarkOfNight+1","Shade:OminousRitual"],"picked":"Shade:Putrefaction","floor":33},{"not_picked":["Shade:AblativeArmor+1","Shade:GoDigging+1"],"picked":"Shade:Doomsay+1","floor":35},{"not_picked":["EscortCommand+1","HandsUpB+1"],"picked":"Shade:Brains+1","floor":38},{"not_picked":["theSenshi:MoonPrincessHalation+1","TheCursedMod:SpitefulStrike+1"],"picked":"Shade:FleshToFlesh+1","floor":39},{"not_picked":["Shade:Doomsay","Wild Strike"],"picked":"CarveReality","floor":40},{"not_picked":["FloweringNight","Crescendo+1"],"picked":"Shade:CommandSoldier+1","floor":42},{"not_picked":["Starlight+1","Fusion+1"],"picked":"WindUp+1","floor":44},{"not_picked":["SoulSculpture","theSenshi:MoonPunch+1"],"picked":"Replace+1","floor":48}],"player_experience":291767,"relics_obtained":[{"floor":6,"key":"Onion Ring"},{"floor":8,"key":"CeramicFish"},{"floor":9,"key":"theSenshi:FeatherClipsRelic"},{"floor":12,"key":"Gambling Chip"},{"floor":17,"key":"Replay:Baseball"},{"floor":17,"key":"Kunai"},{"floor":17,"key":"Replay:Towering Pillar of Hats"},{"floor":23,"key":"Replay:WaspNest"},{"floor":25,"key":"FossilizedHelix"},{"floor":26,"key":"Gremlin Food"},{"floor":27,"key":"Snack Pack"},{"floor":39,"key":"Bird Faced Urn"},{"floor":40,"key":"Whetstone"},{"floor":42,"key":"Quantum Egg"},{"floor":43,"key":"Gremlin Horn"},{"floor":48,"key":"Divine Protection"}],"event_choices":[{"damage_healed":16,"gold_gain":0,"player_choice":"Healed","damage_taken":0,"max_hp_gain":0,"max_hp_loss":0,"event_name":"The Cleric","floor":4,"gold_loss":35},{"cards_removed":["Shade:DarkOfNight"],"damage_healed":0,"gold_gain":0,"player_choice":"Offered Rare","damage_taken":0,"max_hp_gain":10,"max_hp_loss":0,"event_name":"Bonfire Elementals","floor":21,"gold_loss":0},{"damage_healed":0,"gold_gain":0,"player_choice":"Bought 0 Potions","damage_taken":0,"max_hp_gain":0,"max_hp_loss":0,"event_name":"The Woman in Blue","floor":36,"gold_loss":0},{"damage_healed":0,"gold_gain":0,"player_choice":"Fight","damage_taken":0,"max_hp_gain":0,"max_hp_loss":0,"event_name":"Mysterious Sphere","floor":39,"gold_loss":0}],"is_beta":false,"boss_relics":[{"not_picked":["Runic Pyramid","Replay:Bronze Core"],"picked":"Replay:Grab Bag"},{"not_picked":["Abe\u0027s Treasure","Runic Dome"],"picked":"Coffee Dripper"},{"not_picked":["Cursed Key","ReplayTheSpireMod:DimensionalGlitch"],"picked":"Philosopher\u0027s Stone"},{"not_picked":["Empty Cage","Snecko Eye"],"picked":"Calling Bell"},{"not_picked":["Honey Jar","Pandora\u0027s Box"],"picked":"Shade:YorickPolishedSkull"}],"items_purged_floors":[],"is_endless":false,"potions_floor_spawned":[6,8,12,16,19,23,27,28,30,35,40,48],"ascension_level":6}}