{"host":"l60rmjjsfi0fipmi","time":1610055738,"event":{"mods":["BaseMod","Colored Map","DeckTracker","Highlight Path","Minty Spire (QoL Compilation)"],"gold_per_floor":[117,117,128,139,152,152,169,196,196,211,230,245,262,262,262,262,262],"floor_reached":16,"playtime":976,"items_purged":[],"score":108,"play_id":"6d329b7d-84ee-430d-8f3b-5a4bd0da9746","local_time":"20210107164218","is_ascension_mode":false,"campfire_choices":[{"data":"Bash","floor":6,"key":"SMITH"},{"floor":15,"key":"REST"}],"circlet_count":0,"master_deck":["Strike_R","Strike_R","Strike_R","Strike_R","Strike_R","Defend_R","Defend_R","Defend_R","Defend_R","Bash+1","Madness","Reckless Charge","Searing Blow","Second Wind","Dark Embrace","Immolate","Warcry","Headbutt","Clothesline","Armaments+1","Anger"],"relics":["Burning Blood","Self Forming Clay","Darkstone Periapt"],"acts_visited":["Exordium"],"potions_floor_usage":[12,16,16],"damage_taken":[{"damage":5,"enemies":"Cultist","floor":1,"turns":5},{"damage":12,"enemies":"Small Slimes","floor":3,"turns":5},{"damage":8,"enemies":"Jaw Worm","floor":4,"turns":3},{"damage":11,"enemies":"Red Slaver","floor":5,"turns":3},{"damage":11,"enemies":"Blue Slaver","floor":7,"turns":5},{"damage":26,"enemies":"3 Sentries","floor":8,"turns":5},{"damage":5,"enemies":"3 Louse","floor":10,"turns":4},{"damage":26,"enemies":"Exordium Thugs","floor":11,"turns":3},{"damage":18,"enemies":"Large Slime","floor":12,"turns":8},{"damage":0,"enemies":"Exordium Wildlife","floor":13,"turns":2},{"damage":44,"enemies":"The Guardian","floor":16,"turns":9}],"seed_played":"-8663300747003495853","potions_obtained":[{"floor":3,"key":"SkillPotion"},{"floor":5,"key":"SteroidPotion"},{"floor":7,"key":"Explosive Potion"},{"floor":12,"key":"ColorlessPotion"}],"is_trial":false,"path_per_floor":["M","$","M","M","M","R","M","E","T","M","M","M","M","?","R","B"],"character_chosen":"IRONCLAD","items_purchased":[],"campfire_rested":1,"item_purchase_floors":[],"current_hp_per_floor":[80,80,74,72,67,67,62,42,42,43,23,11,17,17,41,0,0],"gold":262,"neow_bonus":"RANDOM_COLORLESS","is_daily":false,"chose_seed":false,"campfire_upgraded":1,"win_rate":0.0,"timestamp":1610055738,"path_taken":["M","?","M","M","M","R","M","E","T","M","M","M","?","?","R","BOSS"],"items_purchased_type":[],"build_version":"2020-12-22","purchased_purges":0,"victory":false,"max_hp_per_floor":[80,80,80,80,80,80,80,80,80,80,80,80,80,80,80,80,80],"card_choices":[{"not_picked":["Trip","Dramatic Entrance"],"picked":"Madness","floor":0},{"not_picked":["Sword Boomerang","Flex"],"picked":"Reckless Charge","floor":1},{"not_picked":["Perfected Strike","Clash"],"picked":"Searing Blow","floor":3},{"not_picked":["Flame Barrier","Uppercut"],"picked":"Second Wind","floor":4},{"not_picked":["Dual Wield","Body Slam"],"picked":"Dark Embrace","floor":5},{"not_picked":["Power Through","Disarm"],"picked":"Immolate","floor":7},{"not_picked":["Fire Breathing","Clash"],"picked":"Warcry","floor":8},{"not_picked":["Blood for Blood","Cleave"],"picked":"Headbutt","floor":10},{"not_picked":["Cleave","Pommel Strike"],"picked":"Clothesline","floor":11},{"not_picked":["Blood for Blood","Second Wind"],"picked":"Armaments","floor":12},{"not_picked":["Headbutt","Clothesline"],"picked":"Anger","floor":13}],"player_experience":262754,"relics_obtained":[{"floor":8,"key":"Self Forming Clay"},{"floor":9,"key":"Darkstone Periapt"}],"event_choices":[{"damage_healed":0,"gold_gain":0,"player_choice":"Grow","damage_taken":0,"max_hp_gain":0,"max_hp_loss":0,"event_name":"Living Wall","floor":14,"gold_loss":0,"cards_upgraded":["Armaments"]}],"is_beta":false,"boss_relics":[],"items_purged_floors":[],"is_endless":false,"potions_floor_spawned":[3,5,7,11,12],"killed_by":"The Guardian","ascension_level":0}}