{"host":"qm4rv4rkpk76sbxu","time":1610041181,"event":{"mods":["BaseMod","Bestiary","Block Reminder","Dark Map","DeckTracker","Filter the Spire","Keyboard Shortcuts","Minty Spire (QoL Compilation)","MonsterHotkey","Potion Indicator Mod","Quick Restart","Relic Stats","Slay-I","StSLib","ojb\u0027s Better Paths Mod"],"gold_per_floor":[115,265,315,19,39,69,69,86,86,125,152,176,201,201,201,281,281,308,233,242,251,271,285,294,294,294,305,305,337,41,67,67,67,67],"floor_reached":33,"playtime":1515,"items_purged":["Pain","Writhe"],"score":690,"play_id":"345fcc34-6075-4141-b0ab-26cc0d06fd5f","local_time":"20210107183941","is_ascension_mode":true,"campfire_choices":[{"data":"Glass Knife","floor":7.0,"key":"SMITH"},{"data":"Wraith Form v2","floor":15.0,"key":"SMITH"},{"data":"Footwork","floor":25.0,"key":"SMITH"},{"data":"Adrenaline","floor":32.0,"key":"SMITH"}],"circlet_count":0,"master_deck":["AscendersBane","Strike_G","Strike_G","Strike_G","Strike_G","Strike_G","Defend_G","Defend_G","Defend_G","Defend_G","Defend_G","Survivor","Neutralize","Glass Knife+1","Choke","Sucker Punch","Poisoned Stab","Dagger Spray","Dash","Wraith Form v2+1","Deflect","Escape Plan","Adrenaline+1","Acrobatics+1","Footwork+1","Pain","Blur"],"relics":["Ring of the Snake","Bag of Marbles","TungstenRod","HornCleat","CeramicFish","Potion Belt","Velvet Choker","WarpedTongs","Toy Ornithopter","The Courier","Paper Crane","Oddly Smooth Stone","Omamori","Anchor"],"acts_visited":["Exordium","TheCity"],"potions_floor_usage":[33,33,33],"damage_taken":[{"damage":5.0,"enemies":"Jaw Worm","floor":1.0,"turns":6.0},{"damage":3.0,"enemies":"2 Louse","floor":5.0,"turns":3.0},{"damage":6.0,"enemies":"Gremlin Nob","floor":6.0,"turns":3.0},{"damage":0.0,"enemies":"Cultist","floor":8.0,"turns":1.0},{"damage":14.0,"enemies":"Lagavulin","floor":10.0,"turns":5.0},{"damage":11.0,"enemies":"Exordium Wildlife","floor":11.0,"turns":2.0},{"damage":5.0,"enemies":"3 Louse","floor":12.0,"turns":3.0},{"damage":0.0,"enemies":"Looter","floor":13.0,"turns":2.0},{"damage":0.0,"enemies":"Slime Boss","floor":16.0,"turns":10.0},{"damage":1.0,"enemies":"2 Thieves","floor":18.0,"turns":3.0},{"damage":0.0,"enemies":"Spheric Guardian","floor":22.0,"turns":6.0},{"damage":0.0,"enemies":"Cultist and Chosen","floor":23.0,"turns":5.0},{"damage":0.0,"enemies":"Centurion and Healer","floor":27.0,"turns":8.0},{"damage":3.0,"enemies":"Gremlin Leader","floor":29.0,"turns":8.0},{"damage":2.0,"enemies":"Book of Stabbing","floor":31.0,"turns":5.0},{"damage":71,"enemies":"Champ","floor":33,"turns":15}],"seed_played":"-3444293561980550302","potions_obtained":[{"floor":5.0,"key":"Swift Potion"},{"floor":6.0,"key":"ColorlessPotion"},{"floor":12.0,"key":"CunningPotion"},{"floor":13.0,"key":"BlessingOfTheForge"},{"floor":23.0,"key":"SneckoOil"},{"floor":27.0,"key":"SkillPotion"},{"floor":31.0,"key":"BlessingOfTheForge"}],"is_trial":false,"path_per_floor":["M","?","?","$","M","E","R","M","T","E","M","M","M","T","R","B",null,"M","?","?","?","M","M","?","R","T","M","T","E","$","E","R","B"],"character_chosen":"THE_SILENT","items_purchased":["Bag of Marbles","Energy Potion","Omamori","Swift Potion","Dexterity Potion"],"campfire_rested":0,"item_purchase_floors":[4,4,30,30,30],"current_hp_per_floor":[54,54,54,54,51,45,45,45,45,31,20,15,15,15,15,15,53,52,52,52,52,52,52,52,52,52,57,57,54,54,62,62,0,0],"gold":67,"neow_bonus":"THREE_RARE_CARDS","is_daily":false,"chose_seed":false,"campfire_upgraded":4,"win_rate":0.0,"timestamp":1610041181,"path_taken":["M","?","?","$","M","E","R","M","T","E","?","M","M","?","R","BOSS","M","?","?","?","?","M","?","R","T","M","?","E","$","E","R","BOSS"],"items_purchased_type":["Relic","Potion","Relic","Potion","Potion"],"build_version":"2020-12-22","purchased_purges":2,"victory":false,"max_hp_per_floor":[66,66,66,66,66,66,66,66,66,66,66,66,66,66,66,66,66,66,66,66,66,66,66,66,66,66,66,66,66,66,66,66,66,66],"relic_stats":{"counters":[16,85],"CeramicFish":90,"obtain_stats":[{"Potion Belt":14,"CeramicFish":10,"Velvet Choker":17,"Oddly Smooth Stone":29,"The Courier":26,"Omamori":30,"Paper Crane":28,"WarpedTongs":21,"Anchor":31,"HornCleat":9,"Bag of Marbles":4,"TungstenRod":6,"Toy Ornithopter":24,"Ring of the Snake":0},{"Potion Belt":8,"CeramicFish":5,"Velvet Choker":9,"Oddly Smooth Stone":14,"The Courier":12,"Omamori":14,"Paper Crane":13,"WarpedTongs":10,"Anchor":15,"HornCleat":4,"Bag of Marbles":1,"TungstenRod":3,"Toy Ornithopter":12,"Ring of the Snake":0},{"Potion Belt":25,"CeramicFish":18,"Velvet Choker":35,"Oddly Smooth Stone":65,"The Courier":49,"Omamori":65,"Paper Crane":57,"WarpedTongs":38,"Anchor":70,"HornCleat":13,"Bag of Marbles":6,"TungstenRod":12,"Toy Ornithopter":49,"Ring of the Snake":0}],"TungstenRod":51,"Toy Ornithopter":19,"Ring of the Snake":[32],"WarpedTongs":[45]},"card_choices":[{"not_picked":["After Image","Adrenaline"],"picked":"Glass Knife","floor":0.0},{"not_picked":["Concentrate","Blade Dance"],"picked":"Choke","floor":1.0},{"not_picked":["Predator","Deadly Poison"],"picked":"Sucker Punch","floor":5.0},{"not_picked":["Underhanded Strike","Accuracy"],"picked":"Poisoned Stab","floor":6.0},{"not_picked":["Outmaneuver","Eviscerate"],"picked":"Dagger Spray","floor":8.0},{"not_picked":["Accuracy","Bane"],"picked":"Dash","floor":10.0},{"not_picked":["Predator","All Out Attack"],"picked":"Wraith Form v2","floor":11.0},{"not_picked":["Choke","Poisoned Stab"],"picked":"Deflect","floor":12.0},{"not_picked":["Bane","Dagger Spray"],"picked":"Escape Plan","floor":13.0},{"not_picked":["Bullet Time","Tools of the Trade"],"picked":"Adrenaline","floor":16.0},{"not_picked":["Dagger Spray","PiercingWail"],"picked":"Acrobatics+1","floor":18.0},{"not_picked":["Setup","Choke"],"picked":"Blur","floor":22.0},{"not_picked":["Heel Hook","Infinite Blades","Finisher+1"],"picked":"SKIP","floor":23.0},{"not_picked":["Deadly Poison","Noxious Fumes","Heel Hook"],"picked":"SKIP","floor":27.0},{"not_picked":["Dodge and Roll","Expertise","Slice"],"picked":"SKIP","floor":29.0},{"not_picked":["Bane","Sucker Punch","Flying Knee"],"picked":"SKIP","floor":31.0}],"player_experience":1234076,"relics_obtained":[{"floor":6.0,"key":"TungstenRod"},{"floor":9.0,"key":"HornCleat"},{"floor":10.0,"key":"CeramicFish"},{"floor":14.0,"key":"Potion Belt"},{"floor":26.0,"key":"The Courier"},{"floor":28.0,"key":"Paper Crane"},{"floor":29.0,"key":"Oddly Smooth Stone"},{"floor":31.0,"key":"Anchor"}],"event_choices":[{"damage_healed":0.0,"max_hp_gain":0.0,"max_hp_loss":0.0,"gold_gain":150.0,"event_name":"Liars Game","player_choice":"AGREE","floor":2.0,"gold_loss":0.0,"damage_taken":0.0,"cards_obtained":["Doubt"]},{"damage_healed":0.0,"max_hp_gain":0.0,"max_hp_loss":0.0,"gold_gain":50.0,"event_name":"Golden Shrine","player_choice":"Pray","floor":3.0,"gold_loss":0.0,"damage_taken":0.0},{"cards_removed":["Doubt"],"damage_healed":0.0,"max_hp_gain":0.0,"max_hp_loss":0.0,"gold_gain":0.0,"event_name":"Beggar","player_choice":"Gave Gold","floor":19.0,"gold_loss":75.0,"damage_taken":0.0},{"damage_healed":0.0,"max_hp_gain":0.0,"max_hp_loss":0.0,"gold_gain":0.0,"event_name":"The Library","player_choice":"Read","floor":20.0,"gold_loss":0.0,"damage_taken":0.0,"cards_obtained":["Footwork"]},{"damage_healed":0.0,"max_hp_gain":0.0,"max_hp_loss":0.0,"gold_gain":0.0,"event_name":"Accursed Blacksmith","player_choice":"Rummage","floor":21.0,"gold_loss":0.0,"damage_taken":0.0,"relics_obtained":["WarpedTongs"],"cards_obtained":["Pain"]},{"damage_healed":0.0,"max_hp_gain":0.0,"max_hp_loss":0.0,"gold_gain":0.0,"event_name":"The Mausoleum","player_choice":"Opened","floor":24.0,"gold_loss":0.0,"damage_taken":0.0,"relics_obtained":["Toy Ornithopter"],"cards_obtained":["Writhe"]}],"is_beta":false,"boss_relics":[{"not_picked":["Ectoplasm","Sozu"],"picked":"Velvet Choker"}],"items_purged_floors":[4,30],"is_endless":false,"potions_floor_spawned":[5,6,12,13,23,27,31],"killed_by":"Champ","ascension_level":20}}