{"host":"r6da5kb9dzaaglw2","time":1610018712,"event":{"mods":["AchievementEnabler","BaseMod","Colored Powertips","Duelist Mod","GifTheSpireLib","Minty Spire (QoL Compilation)","StSLib"],"gold_per_floor":[236,79,79,95,95,121,135,160,206,206,224,255,255,269,269,372,372,389,0,0,0],"floor_reached":20,"playtime":3337,"items_purged":["theDuelist:ZombieCorpse"],"score":192,"play_id":"e5d3610a-1d60-4a9c-9c50-5b639ba8d844","local_time":"20210107122512","is_ascension_mode":false,"campfire_choices":[{"data":"theDuelist:ShallowGrave","floor":10,"key":"SMITH"},{"data":"theDuelist:CustomResummonCard","floor":13,"key":"SMITH"},{"data":"theDuelist:OverpoweringEye","floor":15,"key":"SMITH"}],"circlet_count":0,"master_deck":["theDuelist:ZombieCorpse","theDuelist:ZombieCorpse","theDuelist:ArchfiendZombieSkull","theDuelist:ArmoredZombie","theDuelist:ArmoredZombie","theDuelist:ClownZombie","theDuelist:PatricianDarkness","theDuelist:ShallowGrave+1","theDuelist:TutanMask","theDuelist:VendreadCore","theDuelist:OverpoweringEye+1","theDuelist:GlowUpBloom","theDuelist:Zombina","theDuelist:CustomResummonCard+1","theDuelist:NecroFusion+1","theDuelist:VampireKingdom","theDuelist:VendreadNightmare+1","theDuelist:GhostrickSpecter+1"],"relics":["theDuelist:MillenniumPuzzle","theDuelist:CardPoolRelic","theDuelist:CardPoolBasicRelic","theDuelist:BoosterPackPoolRelic","theDuelist:CardPoolAddRelic","theDuelist:CardPoolMinusRelic","theDuelist:CardPoolSaveRelic","theDuelist:CardPoolOptionsRelic","theDuelist:GhostToken","Omamori","Toxic Egg 2","Coffee Dripper","Calipers"],"acts_visited":["Exordium","TheCity"],"potions_floor_usage":[16],"damage_taken":[{"damage":5,"enemies":"Jaw Worm","floor":1,"turns":4},{"damage":0,"enemies":"Small Slimes","floor":4,"turns":3},{"damage":26,"enemies":"Lagavulin","floor":6,"turns":8},{"damage":0,"enemies":"Cultist","floor":7,"turns":3},{"damage":12,"enemies":"3 Sentries","floor":8,"turns":11},{"damage":2,"enemies":"3 Louse","floor":11,"turns":2},{"damage":14,"enemies":"Gremlin Nob","floor":12,"turns":4},{"damage":3,"enemies":"2 Fungi Beasts","floor":14,"turns":3},{"damage":6,"enemies":"Slime Boss","floor":16,"turns":8},{"damage":6,"enemies":"Shell Parasite","floor":18,"turns":3},{"damage":10,"enemies":"3 Byrds","floor":20,"turns":3}],"seed_played":"-1942124175644690174","potions_obtained":[{"floor":1,"key":"GamblersBrew"},{"floor":8,"key":"LiquidBronze"},{"floor":14,"key":"theDuelist:FlamingBottle"},{"floor":16,"key":"theDuelist:VoidBottle"}],"is_trial":false,"path_per_floor":["M","?","?","M","?","E","M","E","T","R","M","E","R","M","R","B",null,"M","$","M"],"character_chosen":"THE_DUELIST","items_purchased":["Calipers"],"campfire_rested":0,"item_purchase_floors":[19],"current_hp_per_floor":[75,75,75,75,75,49,49,37,37,37,35,21,21,18,18,12,80,74,74,64,64],"gold":0,"neow_bonus":"HUNDRED_GOLD","is_daily":false,"chose_seed":false,"campfire_upgraded":3,"win_rate":0.0,"timestamp":1610018712,"path_taken":["M","?","?","M","?","E","M","E","T","R","M","E","R","?","R","BOSS","M","$","M"],"items_purchased_type":["Relic"],"build_version":"2020-12-22","purchased_purges":1,"victory":false,"max_hp_per_floor":[80,80,80,80,80,80,80,80,80,80,80,80,80,80,80,80,80,80,80,80,80],"card_choices":[{"not_picked":["theDuelist:VampireLady","theDuelist:FusionTag"],"picked":"theDuelist:VendreadCore","floor":1},{"not_picked":["theDuelist:ShiranuiSpectralswordShade","theDuelist:ShiranuiSwordmaster"],"picked":"theDuelist:GlowUpBloom","floor":4},{"not_picked":["theDuelist:FossilSkullknight","theDuelist:GhostrickParade"],"picked":"theDuelist:FireReaper","floor":6},{"not_picked":["theDuelist:VampireScarletScourge","theDuelist:MammothGraveyard"],"picked":"theDuelist:Zombina","floor":7},{"not_picked":["theDuelist:VendreadNights+1","theDuelist:VampireHunter+1","theDuelist:GiantAxeMummy+1"],"picked":"SKIP","floor":8},{"not_picked":["theDuelist:ZombieMaster","theDuelist:OverpoweringEye"],"picked":"theDuelist:BookLife","floor":11},{"not_picked":["theDuelist:GhostrickVanish+1","theDuelist:FragmentFusion+1"],"picked":"theDuelist:NecroFusion+1","floor":12},{"not_picked":["theDuelist:EndlessDecay","theDuelist:BookMoon"],"picked":"theDuelist:VampireKingdom","floor":14},{"not_picked":["theDuelist:ZombieMaster","theDuelist:OverpoweringEye+1"],"picked":"theDuelist:VendreadNightmare+1","floor":16},{"not_picked":["theDuelist:VampireGrace","theDuelist:VendreadChimera"],"picked":"theDuelist:GhostrickSpecter+1","floor":18}],"player_experience":468306,"relics_obtained":[{"floor":6,"key":"theDuelist:GhostToken"},{"floor":8,"key":"Omamori"},{"floor":12,"key":"Toxic Egg 2"}],"event_choices":[{"damage_healed":0,"gold_gain":0,"player_choice":"Purchased Overpowering Eye for 157 Gold.","duelist":true,"damage_taken":0,"max_hp_gain":0,"max_hp_loss":0,"event_name":"Card Trader","floor":2,"gold_loss":0},{"damage_healed":0,"gold_gain":0,"player_choice":"Leave","duelist":true,"damage_taken":0,"max_hp_gain":0,"max_hp_loss":0,"event_name":"Egyptian Village","floor":3,"gold_loss":0},{"damage_healed":0,"gold_gain":0,"player_choice":"Bought 0 Potions","damage_taken":0,"max_hp_gain":0,"max_hp_loss":0,"event_name":"The Woman in Blue","floor":5,"gold_loss":0}],"is_beta":false,"boss_relics":[{"not_picked":["SacredBark","Mark of Pain"],"picked":"Coffee Dripper"}],"items_purged_floors":[19],"is_endless":false,"potions_floor_spawned":[1,8,14,16,18],"killed_by":"3 Byrds","ascension_level":0}}