{"host":"vknm03unwrfz4wfe","time":1610030717,"event":{"mods":["Act Like it!","BaseMod","CapriCore","Downfall","Friendly Minions","Lobotomy","Minty Spire (QoL Compilation)","Prisma Mod","Reimu¡]³Õ???¡^","Remilia¡]Á¢¦Ì²ú?¡^","StSLib","SuperFastMode","The Animator","The Cursed","The Hayseed","The Runesmith","The Servant 0.9.4","WarShipGirlsR/??¤Ö¤kR mod","Yakumo Yukari mod","Yuyuko"],"gold_per_floor":[119,119,79,93,168,203,203,203,203,215,232,86,119,99,99,199,199,209,220,24,39,39,39],"floor_reached":22,"playtime":992,"items_purged":["Decay"],"score":194,"play_id":"59b9f22d-7ef1-4701-b0b8-9347bfb9150b","local_time":"20210107224517","is_ascension_mode":false,"campfire_choices":[{"data":"TheSimpletonMod:Spinach","floor":7,"key":"SMITH"},{"floor":15,"key":"REST"}],"circlet_count":0,"master_deck":["TheSimpletonMod:Strike_TheSimpleton","TheSimpletonMod:Strike_TheSimpleton","TheSimpletonMod:Strike_TheSimpleton","TheSimpletonMod:Strike_TheSimpleton","TheSimpletonMod:Defend_TheSimpleton","TheSimpletonMod:Defend_TheSimpleton","TheSimpletonMod:Defend_TheSimpleton","TheSimpletonMod:Defend_TheSimpleton","TheSimpletonMod:Haymaker","TheSimpletonMod:ReapAndSow+1","TheSimpletonMod:BumperCrop","TheSimpletonMod:Spinach+1","TheSimpletonMod:StockTheCellar","TheSimpletonMod:Swelter","TheSimpletonMod:SoilSample","TheSimpletonMod:SlashAndBurn","TheSimpletonMod:Potatoes","TheSimpletonMod:CloseScrape","TheSimpletonMod:Spinach","TheSimpletonMod:BuzzBomb","TheSimpletonMod:GoToMarket","TheSimpletonMod:CloseScrape","TheSimpletonMod:CloseScrape","TheSimpletonMod:Pruning"],"relics":["TheSimpletonMod:SpudOfTheInnocent","TheSimpletonMod:NightSoil","TheSimpletonMod:TheHarvester","PaintedHorse:ReiMu","Runesmith:Nanobots","Eternal Feather","Lantern","Sozu","Runesmith:AutoHammer"],"acts_visited":["Exordium","TheCity"],"potions_floor_usage":[19,19,21],"damage_taken":[{"damage":0,"enemies":"2 Louse","floor":1,"turns":2},{"damage":2,"enemies":"Small Slimes","floor":4,"turns":3},{"damage":20,"enemies":"Gremlin Nob","floor":6,"turns":4},{"damage":0,"enemies":"Cultist","floor":10,"turns":3},{"damage":14,"enemies":"Blue Slaver","floor":11,"turns":3},{"damage":31,"enemies":"3 Sentries","floor":13,"turns":8},{"damage":34,"enemies":"Slime Boss","floor":16,"turns":7},{"damage":16,"enemies":"Spheric Guardian","floor":18,"turns":4},{"damage":17,"enemies":"3 Byrds","floor":19,"turns":5},{"damage":36,"enemies":"3 Cultists","floor":21,"turns":5},{"damage":14,"enemies":"Snake Plant","floor":22,"turns":1}],"seed_played":"2888141272251162817","potions_obtained":[{"floor":4,"key":"TheSimpletonMod:MoonshinePotion"},{"floor":10,"key":"SpeedPotion"},{"floor":16,"key":"SpeedPotion"}],"is_trial":false,"path_per_floor":["M","?","?","M","?","E","R","?","T","M","M","$","E","?","R","B",null,"M","M","$","M","M"],"character_chosen":"THE_SIMPLETON","items_purchased":["TheSimpletonMod:SlashAndBurn","TheSimpletonMod:Potatoes","Runesmith:AutoHammer","TheSimpletonMod:CloseScrape"],"campfire_rested":1,"item_purchase_floors":[12,12,20,20],"current_hp_per_floor":[75,75,75,75,64,48,48,48,48,52,42,42,15,15,46,12,75,59,46,46,14,0,0],"gold":39,"neow_bonus":"UPGRADE_CARD","is_daily":false,"chose_seed":false,"campfire_upgraded":1,"win_rate":0.0,"timestamp":1610030717,"path_taken":["M","?","?","M","?","E","R","?","T","?","M","$","E","?","R","BOSS","M","?","$","?","M"],"items_purchased_type":["Card","Card","Relic","Card"],"build_version":"2020-12-22","purchased_purges":1,"victory":false,"max_hp_per_floor":[75,75,75,75,75,75,75,75,75,75,75,75,75,75,75,75,75,75,75,75,75,75,75],"card_choices":[{"not_picked":["TheSimpletonMod:Aerate","TheSimpletonMod:Fertilaser"],"picked":"TheSimpletonMod:BumperCrop","floor":1},{"not_picked":["TheSimpletonMod:ToughenUp","TheSimpletonMod:SpiceUp"],"picked":"TheSimpletonMod:Spinach","floor":4},{"not_picked":["TheSimpletonMod:Rake","TheSimpletonMod:CloseScrape"],"picked":"TheSimpletonMod:StockTheCellar","floor":6},{"not_picked":["TheSimpletonMod:Sunchoke","TheSimpletonMod:DoubleBarrel"],"picked":"TheSimpletonMod:Swelter","floor":10},{"not_picked":["TheSimpletonMod:Rototilling","TheSimpletonMod:Ferment"],"picked":"TheSimpletonMod:SoilSample","floor":11},{"not_picked":["TheSimpletonMod:Pruning","TheSimpletonMod:BumperCrop"],"picked":"TheSimpletonMod:CloseScrape","floor":13},{"not_picked":[],"picked":"TheSimpletonMod:Spinach","floor":14},{"not_picked":["TheSimpletonMod:ErosionControl","TheSimpletonMod:SaltTheEarth"],"picked":"TheSimpletonMod:BuzzBomb","floor":16},{"not_picked":["TheSimpletonMod:Aerate","TheSimpletonMod:OnionBloom"],"picked":"TheSimpletonMod:GoToMarket","floor":18},{"not_picked":["TheSimpletonMod:KeenEdge","TheSimpletonMod:RootDown"],"picked":"TheSimpletonMod:CloseScrape","floor":19},{"not_picked":["TheSimpletonMod:Mulch","TheSimpletonMod:ControlledBurn"],"picked":"TheSimpletonMod:Pruning","floor":21}],"player_experience":244308,"relics_obtained":[{"floor":6,"key":"Runesmith:Nanobots"},{"floor":9,"key":"Eternal Feather"},{"floor":13,"key":"Lantern"}],"event_choices":[{"damage_healed":0,"gold_gain":0,"player_choice":"Ignored","damage_taken":0,"max_hp_gain":0,"max_hp_loss":0,"event_name":"Golden Wing","floor":2,"gold_loss":0},{"damage_healed":0,"gold_gain":0,"player_choice":"¶ë?","damage_taken":0,"relics_obtained":["PaintedHorse:ReiMu"],"max_hp_gain":0,"max_hp_loss":0,"event_name":"yidonshenshe","floor":3,"gold_loss":40},{"damage_healed":0,"gold_gain":75,"player_choice":"Gather Gold","damage_taken":11,"max_hp_gain":0,"max_hp_loss":0,"event_name":"World of Goop","floor":5,"gold_loss":0},{"damage_healed":0,"gold_gain":0,"player_choice":"Cursed","damage_taken":0,"max_hp_gain":0,"max_hp_loss":0,"event_name":"Wheel of Change","floor":8,"gold_loss":0,"cards_obtained":["Decay"]}],"is_beta":false,"boss_relics":[{"not_picked":["Velvet Choker","Runesmith:UraniumAnvil"],"picked":"Sozu"}],"items_purged_floors":[12],"is_endless":false,"potions_floor_spawned":[4,10,16,18],"killed_by":"Snake Plant","ascension_level":0}}