{"host":"nzm1i0l8mrsm8hd2","time":1610017965,"event":{"mods":["Act Like it!","Aspiration","BaseMod","Better Third Choice","Challenge The Spire","Conspire","Gensokyo","Jedi Mod","Minty Spire (QoL Compilation)","Pale of the Ancients","Quick Restart","Robot Space Explorer","RumiaBox-露米娅的神秘盒子","Spicy Shops","StSLib","The Jungle","Yakumo Yukari mod"],"gold_per_floor":[117,130,205,219,16,16,45,60,86,125,152,152,152,194,194,305,305,315,315,274,318,68,141,141,183,183,192,192,192],"floor_reached":28,"playtime":1074,"items_purged":["RobotSpaceExplorer:Strike","RobotSpaceExplorer:Defend"],"score":313,"play_id":"26bbdd91-6e72-4cad-981b-cd04b4578cdf","local_time":"20210107191245","is_ascension_mode":true,"campfire_choices":[{"data":"RobotSpaceExplorer:LuckyStrike","floor":6.0,"key":"SMITH"},{"data":"RobotSpaceExplorer:Explosion","floor":13.0,"key":"SMITH"},{"data":"RobotSpaceExplorer:Scan","floor":15.0,"key":"SMITH"},{"data":"RobotSpaceExplorer:Fix","floor":24.0,"key":"SMITH"}],"circlet_count":0,"master_deck":["RobotSpaceExplorer:Defend","RobotSpaceExplorer:Defend","RobotSpaceExplorer:Defend","RobotSpaceExplorer:Scan+1","RobotSpaceExplorer:MiniLasers","RobotSpaceExplorer:LuckyStrike+1","RobotSpaceExplorer:ScrapMissile","RobotSpaceExplorer:ScrapMissile","RobotSpaceExplorer:Explosion+1","RobotSpaceExplorer:FrostMissile","RobotSpaceExplorer:FrostMissile","RobotSpaceExplorer:Accelerator","conspire:SpireCoStock","RobotSpaceExplorer:ScrapShield+1","RobotSpaceExplorer:Fix+1","RobotSpaceExplorer:ScrapToss","RobotSpaceExplorer:Scanner"],"relics":["aspiration:FutureDiary","Baka2","Question Card","Regal Pillow","Happy Flower","CeramicFish","Turnip","jedi:purplefairy","Empty Cage","RobotSpaceExplorer:SlideRule","conspire:BottledYoYo","Lantern","jedi:HeartOfTheCards","ZombieArmy"],"acts_visited":["Exordium","Exordium"],"potions_floor_usage":[25,25],"damage_taken":[{"damage":1.0,"enemies":"2 Louse","floor":1.0,"turns":2.0},{"damage":1.0,"enemies":"Cultist","floor":2.0,"turns":3.0},{"damage":1.0,"enemies":"Jaw Worm","floor":4.0,"turns":2.0},{"damage":16.0,"enemies":"Gremlin Nob","floor":7.0,"turns":4.0},{"damage":8.0,"enemies":"conspire:2 RoseBushes","floor":8.0,"turns":3.0},{"damage":4.0,"enemies":"Lagavulin","floor":10.0,"turns":5.0},{"damage":0.0,"enemies":"2 Fungi Beasts","floor":11.0,"turns":2.0},{"damage":5.0,"enemies":"3 Sentries","floor":14.0,"turns":3.0},{"damage":58.0,"enemies":"The Guardian","floor":16.0,"turns":6.0},{"damage":7.0,"enemies":"theJungle:MUSHROOMGANG","floor":18.0,"turns":3.0},{"damage":17.0,"enemies":"theJungle:Flameango_and_Byrd","floor":21.0,"turns":7.0},{"damage":18.0,"enemies":"theJungle:Cassacara","floor":23.0,"turns":4.0},{"damage":32,"enemies":"theJungle:2_Phrogs","floor":25,"turns":3},{"damage":7,"enemies":"Snake Plant","floor":28,"turns":1}],"seed_played":"-6300979608752682949","potions_obtained":[{"floor":2.0,"key":"Weak Potion"},{"floor":4.0,"key":"Block Potion"},{"floor":8.0,"key":"AttackPotion"},{"floor":14.0,"key":"jedi:wingpotion"},{"floor":16.0,"key":"BlessingOfTheForge"},{"floor":23.0,"key":"Block Potion"}],"is_trial":false,"path_per_floor":["M","M","?","M","$","R","E","M","T","E","M","T","R","E","R","B",null,"M","?","?","M","$","E","R","E","T","?","M"],"character_chosen":"RobotSpaceExplorer","items_purchased":["Question Card","RobotSpaceExplorer:SlideRule"],"campfire_rested":0,"item_purchase_floors":[5,22],"current_hp_per_floor":[74,73,66,65,65,65,49,41,41,39,45,45,45,40,81,23,81,74,69,69,52,52,34,39,5,5,5,0,0],"gold":192,"neow_bonus":"BOSS_RELIC","is_daily":false,"chose_seed":false,"campfire_upgraded":4,"win_rate":0.0,"timestamp":1610017965,"path_taken":["M","M","?","M","$","R","E","M","T","E","?","?","R","E","R","BOSS","M","?","?","?","?","E","R","E","T","?","?"],"items_purchased_type":["Relic","Relic"],"build_version":"2020-12-22","purchased_purges":2,"victory":false,"max_hp_per_floor":[75,75,75,75,75,75,75,75,75,75,81,81,81,81,81,81,81,81,86,86,86,86,86,86,95,95,95,95,95],"card_choices":[{"not_picked":["RobotSpaceExplorer:ScrapShield","RobotSpaceExplorer:RigExplosive"],"picked":"RobotSpaceExplorer:LuckyStrike","floor":1.0},{"not_picked":["RobotSpaceExplorer:Blitz","RobotSpaceExplorer:Electropulse","RobotSpaceExplorer:FrostMissile"],"picked":"SKIP","floor":2.0},{"not_picked":["RobotSpaceExplorer:SwiftStep","RobotSpaceExplorer:ImprovisedAttack","RobotSpaceExplorer:MakeshiftVolley"],"picked":"SKIP","floor":4.0},{"not_picked":["RobotSpaceExplorer:ImprovisedAttack","RobotSpaceExplorer:Ammunition","RobotSpaceExplorer:SlimeMissile"],"picked":"RobotSpaceExplorer:ScrapMissile","floor":7.0},{"not_picked":["RobotSpaceExplorer:SurgingStrike","RobotSpaceExplorer:LaserBurst","RobotSpaceExplorer:Calculate"],"picked":"RobotSpaceExplorer:ScrapMissile","floor":8.0},{"not_picked":["RobotSpaceExplorer:ShockKick","RobotSpaceExplorer:PowerCollector","RobotSpaceExplorer:SlimeMissile"],"picked":"RobotSpaceExplorer:Explosion","floor":10.0},{"not_picked":["RobotSpaceExplorer:SwiftStep","RobotSpaceExplorer:SlimeMissile","RobotSpaceExplorer:DoubleFind"],"picked":"RobotSpaceExplorer:FrostMissile","floor":11.0},{"not_picked":["RobotSpaceExplorer:MetalStrike","RobotSpaceExplorer:DoubleFind","RobotSpaceExplorer:StarLightning"],"picked":"RobotSpaceExplorer:FrostMissile","floor":14.0},{"not_picked":["RobotSpaceExplorer:Asteroid","RobotSpaceExplorer:Autoloader","RobotSpaceExplorer:Wormhole"],"picked":"RobotSpaceExplorer:Accelerator","floor":16.0},{"not_picked":["RobotSpaceExplorer:FrostMissile","RobotSpaceExplorer:PowerGlove","RobotSpaceExplorer:Electropulse","RobotSpaceExplorer:Calculate"],"picked":"SKIP","floor":18.0},{"not_picked":["RobotSpaceExplorer:SurgingShield","RobotSpaceExplorer:SwiftStep","RobotSpaceExplorer:FranticSearch"],"picked":"RobotSpaceExplorer:ScrapShield+1","floor":21.0},{"not_picked":["RobotSpaceExplorer:RigExplosive","RobotSpaceExplorer:Discharger","RobotSpaceExplorer:FrostMissile"],"picked":"RobotSpaceExplorer:Fix","floor":23.0},{"not_picked":["RobotSpaceExplorer:MetalStrike","RobotSpaceExplorer:SlimeMissile","RobotSpaceExplorer:Reload+1"],"picked":"RobotSpaceExplorer:ScrapToss","floor":25}],"player_experience":574338,"relics_obtained":[{"floor":1.0,"key":"Baka"},{"floor":2.0,"key":"Baka2"},{"floor":7.0,"key":"Regal Pillow"},{"floor":9.0,"key":"Happy Flower"},{"floor":10.0,"key":"CeramicFish"},{"floor":12.0,"key":"Turnip"},{"floor":14.0,"key":"jedi:purplefairy"},{"floor":23.0,"key":"conspire:BottledYoYo"},{"floor":25,"key":"Lantern"},{"floor":25,"key":"jedi:HeartOfTheCards"},{"floor":26,"key":"ZombieArmy"}],"event_choices":[{"damage_healed":0.0,"max_hp_gain":0.0,"max_hp_loss":0.0,"gold_gain":75.0,"event_name":"FaceTrader","player_choice":"Touch","floor":3.0,"gold_loss":0.0,"damage_taken":7.0},{"damage_healed":0.0,"max_hp_gain":0.0,"max_hp_loss":0.0,"gold_gain":0.0,"event_name":"conspire:Investor","player_choice":"Invest 1","floor":20.0,"gold_loss":0.0,"damage_taken":0.0},{"damage_healed":0,"gold_gain":0,"cards_transformed":["RobotSpaceExplorer:Strike"],"player_choice":"Transformed","damage_taken":0,"max_hp_gain":0,"max_hp_loss":0,"event_name":"Transmorgrifier","floor":27,"gold_loss":0,"cards_obtained":["RobotSpaceExplorer:Scanner"]}],"is_beta":false,"boss_relics":[{"not_picked":["conspire:SlowCooker","aspiration:DefectSkillbook"],"picked":"Empty Cage"}],"items_purged_floors":[5,22],"is_endless":false,"potions_floor_spawned":[2,4,8,14,16,23],"killed_by":"Snake Plant","ascension_level":1}}