{"host":"wj90f2q0h2omert0","time":1610060036,"event":{"mods":["BaseMod","Beaked The Cultist","Better Third Choice","ChefMod","Clawfect","Colored Map","DeckTracker","Downfall","Hubris","JesterMod","Minty Spire (QoL Compilation)","Relic Stats","Robot Space Explorer","Shade Mod","StSLib","The Blackbeard","The Caster","The Dragon Tamer","The Druid"],"gold_per_floor":[112,130,130,146,158,158,158,158,185,185,40,59,74,87,87,189,189,199,16,16,16,16,16,32,32,55,55,55,67,77,92,92,92,92],"floor_reached":33,"playtime":2112,"items_purged":["caster:strike"],"score":289,"play_id":"4ee6c0a4-7100-4825-a6c8-b3f95aec7e70","local_time":"20210107175356","is_ascension_mode":false,"campfire_choices":[{"data":"caster:PyroclasticTide","floor":6,"key":"SMITH"},{"data":"caster:BurnItDown","floor":15,"key":"SMITH"},{"data":"caster:PyroclasticTide","floor":23,"key":"SMITH"},{"floor":25,"key":"REST"},{"floor":28,"key":"REST"},{"floor":32,"key":"REST"}],"circlet_count":0,"master_deck":["caster:Meteor+1","caster:DivertFocus","caster:strike","caster:defend","caster:defend","caster:defend","caster:defend","caster:defend","caster:PyroclasticTide+1","caster:QuickCast","caster:MagicAttunement","caster:BurnItDown+1","caster:Fira+1","caster:MagicAttunement","caster:SpontaneousCombustion","caster:Ifrit","caster:GaiasBlessing","caster:MagicAttunement","caster:PyroclasticTide+1","caster:ShortenedChant","caster:Sleet","Decay","caster:NaturalChaos+1","caster:BurnItDown"],"relics":["caster:MagicBook","Art of War","Orichalcum","TheAbacus","hubris:ScarierMask","hubris:Icosahedron","Strawberry"],"acts_visited":["Exordium","TheCity"],"potions_floor_usage":[5,12,16,16,16,16,18,18,33,33],"damage_taken":[{"damage":0,"enemies":"2 Louse","floor":1,"turns":2},{"damage":2,"enemies":"Cultist","floor":2,"turns":4},{"damage":0,"enemies":"Small Slimes","floor":4,"turns":4},{"damage":0,"enemies":"2 Fungi Beasts","floor":5,"turns":4},{"damage":0,"enemies":"Lots of Slimes","floor":12,"turns":4},{"damage":2,"enemies":"3 Louse","floor":13,"turns":4},{"damage":0,"enemies":"2 Fungi Beasts","floor":14,"turns":3},{"damage":0,"enemies":"The Guardian","floor":16,"turns":8},{"damage":0,"enemies":"3 Byrds","floor":18,"turns":4},{"damage":49,"enemies":"Chosen","floor":24,"turns":8},{"damage":17,"enemies":"Centurion and Healer","floor":29,"turns":4},{"damage":15,"enemies":"Chosen and Byrds","floor":30,"turns":6},{"damage":23,"enemies":"3 Cultists","floor":31,"turns":5},{"damage":74,"enemies":"Automaton","floor":33,"turns":6}],"seed_played":"5424127164087517723","potions_obtained":[{"floor":0,"key":"LiquidMemories"},{"floor":0,"key":"SkillPotion"},{"floor":0,"key":"SteroidPotion"},{"floor":1,"key":"Block Potion"},{"floor":3,"key":"EntropicBrew"},{"floor":5,"key":"Energy Potion"},{"floor":12,"key":"EssenceOfSteel"},{"floor":29,"key":"Fire Potion"},{"floor":30,"key":"champ:CounterPotion"}],"is_trial":false,"path_per_floor":["M","M","?","M","M","R","?","?","T","?","$","M","M","M","R","B",null,"M","$","?","?","?","R","M","R","T","?","R","M","M","M","R","B"],"character_chosen":"THE_CASTER","items_purchased":["TheAbacus","caster:MagicAttunement","caster:PyroclasticTide"],"campfire_rested":3,"item_purchase_floors":[11,19,19],"current_hp_per_floor":[64,62,62,62,62,62,62,62,62,62,62,62,60,60,60,60,64,64,64,64,64,64,64,20,39,46,46,67,50,38,15,36,0,0],"gold":92,"neow_bonus":"THREE_SMALL_POTIONS","is_daily":false,"chose_seed":false,"campfire_upgraded":3,"win_rate":0.0,"timestamp":1610060036,"path_taken":["M","M","?","?","M","R","?","?","T","?","$","M","M","M","R","BOSS","M","$","?","?","?","R","M","R","T","?","R","M","M","?","R","BOSS"],"items_purchased_type":["Relic","Card","Card"],"build_version":"2020-12-22","purchased_purges":1,"victory":false,"max_hp_per_floor":[64,64,64,64,64,64,64,64,64,64,64,64,64,64,64,64,64,64,64,64,64,64,64,64,64,71,71,71,71,71,71,71,71,71],"relic_stats":{"TheAbacus":[42],"counters":[14,66],"Art of War":[26],"Orichalcum":[84],"obtain_stats":[{"TheAbacus":11,"hubris:Icosahedron":21,"Strawberry":26,"hubris:ScarierMask":17,"Art of War":9,"Orichalcum":10,"caster:MagicBook":0},{"TheAbacus":4,"hubris:Icosahedron":9,"Strawberry":10,"hubris:ScarierMask":8,"Art of War":4,"Orichalcum":4,"caster:MagicBook":0},{"TheAbacus":14,"hubris:Icosahedron":37,"Strawberry":45,"hubris:ScarierMask":33,"Art of War":14,"Orichalcum":14,"caster:MagicBook":0}]},"card_choices":[{"not_picked":["caster:FrigidBeam","caster:Eruption"],"picked":"caster:PyroclasticTide","floor":1},{"not_picked":["caster:WallOfRocks","caster:Embers"],"picked":"caster:QuickCast","floor":2},{"not_picked":["caster:Illusion","caster:FrostDriver"],"picked":"caster:MagicAttunement","floor":4},{"not_picked":["caster:JupitelThunder","caster:Sleet"],"picked":"caster:BurnItDown","floor":5},{"not_picked":["caster:FrostDriver","caster:Enfeeble"],"picked":"caster:MagicAttunement","floor":12},{"not_picked":["caster:WallOfSwords","caster:Cryogenesis","caster:FlashFrost"],"picked":"SKIP","floor":13},{"not_picked":["caster:LAZER","caster:Sandstorm"],"picked":"caster:SpontaneousCombustion","floor":14},{"not_picked":["caster:Demi","caster:Focusyn"],"picked":"caster:Ifrit","floor":16},{"not_picked":["caster:Conflagrate","caster:FrigidBeam"],"picked":"caster:GaiasBlessing","floor":18},{"not_picked":["caster:ShivasGrace","caster:FlashSpeed","caster:DiablosFlame+1"],"picked":"SKIP","floor":24},{"not_picked":["caster:MagicResonance","caster:FlashFrost","caster:Enfeeble"],"picked":"SKIP","floor":29},{"not_picked":["caster:FireWall","caster:MegaloSpark"],"picked":"caster:NaturalChaos+1","floor":30},{"not_picked":["caster:StaticField","caster:Grimoire+1"],"picked":"caster:BurnItDown","floor":31}],"player_experience":691932,"relics_obtained":[{"floor":9,"key":"Art of War"},{"floor":10,"key":"Orichalcum"},{"floor":26,"key":"Strawberry"}],"event_choices":[{"damage_healed":0,"gold_gain":0,"player_choice":"Got Potions","damage_taken":0,"max_hp_gain":0,"max_hp_loss":0,"event_name":"Lab","floor":3,"gold_loss":0},{"damage_healed":0,"gold_gain":0,"player_choice":"Grow","damage_taken":0,"max_hp_gain":0,"max_hp_loss":0,"event_name":"Living Wall","floor":7,"gold_loss":0,"cards_upgraded":["caster:Meteor"]},{"damage_healed":0,"gold_gain":0,"player_choice":"Relic","damage_taken":0,"max_hp_gain":0,"max_hp_loss":0,"event_name":"Wheel of Change","floor":10,"gold_loss":0},{"damage_healed":0,"gold_gain":0,"cards_transformed":["caster:strike","caster:strike"],"player_choice":"Became Test Subject","damage_taken":0,"max_hp_gain":0,"max_hp_loss":0,"event_name":"Drug Dealer","floor":20,"gold_loss":0,"cards_obtained":["caster:ShortenedChant","caster:Sleet"]},{"damage_healed":0,"gold_gain":0,"player_choice":"Smashed Altar","damage_taken":0,"max_hp_gain":0,"max_hp_loss":0,"event_name":"Forgotten Altar","floor":22,"gold_loss":0,"cards_obtained":["Decay"]}],"is_beta":false,"boss_relics":[{"not_picked":["beaked:MawFillet","hubris:RunicObelisk"],"picked":"hubris:ScarierMask"}],"items_purged_floors":[19],"is_endless":false,"potions_floor_spawned":[1,2,5,12,29,30],"killed_by":"Automaton","ascension_level":0}}