{"host":"ks0rgj8xgppw8yky","time":1610054548,"event":{"mods":["BaseMod","Better Match","Better Note","Better Sensory Stone","Colored Powertips","Conspire","Downfall","GungeonMod","Hubris","Jorbs\u0027s Wanderer Trilogy","Marisa????????","Minty Spire (QoL Compilation)","StSLib","The Bug Knight","The Druid","The Forsaken","The Jungle","The Servant 0.9.4"],"gold_per_floor":[117,132,132,5,5,5,34,34,80,91,91,101,120,70,70,170,170,205,257,286,306,322,322],"floor_reached":22,"playtime":2009,"items_purged":["Defend_R"],"score":186,"play_id":"80ec41ee-dbb3-46ed-96db-527209dad048","local_time":"20210107162228","is_ascension_mode":false,"campfire_choices":[{"data":"Bash","floor":6,"key":"SMITH"},{"floor":8,"key":"REST"},{"data":"Inflame","floor":15,"key":"SMITH"}],"circlet_count":0,"master_deck":["Strike_R","Strike_R","Strike_R","Strike_R","Strike_R","Defend_R","Defend_R","Defend_R","Bash+1","Shrug It Off","Shrug It Off","Shrug It Off","Pommel Strike","True Grit","Inflame+1","conspire:SpireCoStock","Exhume","Wild Strike+1","Twin Strike+1","Sword Boomerang+1","Iron Wave"],"relics":["Burning Blood","Bag of Marbles","Bottled Lightning","DemoMod:JetPack","Ancient Tea Set","Sozu","Centennial Puzzle"],"acts_visited":["Exordium","TheCity"],"potions_floor_usage":[16,19,20],"damage_taken":[{"damage":0,"enemies":"conspire:RoseBush","floor":1,"turns":4},{"damage":4,"enemies":"Jaw Worm","floor":2,"turns":4},{"damage":48,"enemies":"HollowMod:MossKnight","floor":7,"turns":13},{"damage":0,"enemies":"2 Louse","floor":10,"turns":4},{"damage":1,"enemies":"Large Slime","floor":12,"turns":8},{"damage":6,"enemies":"3 Louse","floor":13,"turns":5},{"damage":66,"enemies":"Hexaghost","floor":16,"turns":10},{"damage":18,"enemies":"3 Byrds","floor":18,"turns":9},{"damage":56,"enemies":"conspire:MimicChest","floor":19,"turns":10},{"damage":0,"enemies":"conspire:FuzzyDice","floor":20,"turns":6},{"damage":3,"enemies":"Cultist and Chosen","floor":21,"turns":5},{"damage":31,"enemies":"Shelled Parasite and Fungi","floor":22,"turns":3}],"seed_played":"6855143658150953664","potions_obtained":[{"floor":1,"key":"EssenceOfSteel"},{"floor":10,"key":"ColorlessPotion"},{"floor":13,"key":"Dexterity Potion"}],"is_trial":false,"path_per_floor":["M","M","?","$","T","R","E","R","T","M","$","M","M","?","R","B",null,"M","?","M","M","M"],"character_chosen":"IRONCLAD","items_purchased":["Shrug It Off"],"campfire_rested":1,"item_purchase_floors":[4],"current_hp_per_floor":[80,80,80,80,80,80,38,62,62,68,68,73,73,73,73,13,80,68,18,24,27,0,0],"gold":322,"neow_bonus":"RANDOM_COMMON_RELIC","is_daily":false,"chose_seed":false,"campfire_upgraded":2,"win_rate":0.0,"timestamp":1610054548,"path_taken":["M","M","?","$","?","R","E","R","T","M","$","M","M","?","R","BOSS","M","?","M","M","M"],"items_purchased_type":["Card"],"build_version":"2020-12-22","purchased_purges":1,"victory":false,"max_hp_per_floor":[80,80,80,80,80,80,80,80,80,80,80,80,80,80,80,80,80,80,80,80,80,80,80],"card_choices":[{"not_picked":["Seeing Red","Twin Strike"],"picked":"Shrug It Off","floor":1},{"not_picked":["Clash","Thunderclap","Uppercut"],"picked":"SKIP","floor":2},{"not_picked":["Perfected Strike","Ghostly Armor"],"picked":"Shrug It Off","floor":7},{"not_picked":["Flex","Dropkick"],"picked":"Pommel Strike","floor":10},{"not_picked":["Blood for Blood","Havoc"],"picked":"True Grit","floor":12},{"not_picked":["Disarm","Twin Strike"],"picked":"Inflame","floor":13},{"not_picked":["Corruption","Brutality"],"picked":"Exhume","floor":16},{"not_picked":["Body Slam","Anger+1"],"picked":"Wild Strike+1","floor":18},{"not_picked":["Feel No Pain","Reckless Charge"],"picked":"Twin Strike+1","floor":19},{"not_picked":["Pommel Strike","hubris:SharpeningStone+1"],"picked":"Sword Boomerang+1","floor":20},{"not_picked":["Warcry+1","Flex"],"picked":"Iron Wave","floor":21}],"player_experience":960215,"relics_obtained":[{"floor":5,"key":"Bottled Lightning"},{"floor":7,"key":"DemoMod:JetPack"},{"floor":9,"key":"Ancient Tea Set"},{"floor":19,"key":"Centennial Puzzle"}],"event_choices":[{"cards_removed":["Strike_R"],"damage_healed":0,"gold_gain":0,"player_choice":"Give","damage_taken":0,"max_hp_gain":0,"max_hp_loss":0,"event_name":"betterNote:BetterNote","floor":3,"gold_loss":0,"cards_obtained":["conspire:GhostlyStrike"]},{"damage_healed":0,"gold_gain":0,"player_choice":"Invest 1","damage_taken":0,"max_hp_gain":0,"max_hp_loss":0,"event_name":"conspire:Investor","floor":14,"gold_loss":0}],"is_beta":false,"boss_relics":[{"not_picked":["Coffee Dripper","conspire:RunicOctahedron"],"picked":"Sozu"}],"items_purged_floors":[4],"is_endless":false,"potions_floor_spawned":[1,10,13,18,21],"killed_by":"Shelled Parasite and Fungi","ascension_level":0}}