{"host":"d61fcf2p3sjwe6yo","time":1610015485,"event":{"mods":["AchievementEnabler","BaseMod","Colored Map","Downfall","Minty Spire (QoL Compilation)","StSLib","SuperFastMode"],"gold_per_floor":[99,199,249,264,294,199,199,217,217,104,136,154,164,190,208,208,208,208],"floor_reached":16,"playtime":679,"items_purged":["Slimebound:Strike_Slimebound"],"score":160,"play_id":"481a24a5-e4e0-4708-ba7f-176975c15437","local_time":"20210107133125","is_ascension_mode":true,"campfire_choices":[{"data":"Slimebound:Split","floor":1,"key":"SMITH"},{"data":"Slimebound:LevelUp","floor":9,"key":"SMITH"}],"circlet_count":0,"master_deck":["Slimebound:Strike_Slimebound","Slimebound:Strike_Slimebound","Slimebound:Tackle","Slimebound:Defend_Slimebound","Slimebound:Defend_Slimebound","Slimebound:Defend_Slimebound","Slimebound:Defend_Slimebound","Slimebound:Split+1","Slimebound:CorrosiveSpit","Slimebound:MassRepurpose","Slimebound:LevelUp+1","Slimebound:SlimeBarrage","Slimebound:SplitMire","Slimebound:SpikyOuterGoop","Slimebound:Darklings","Slimebound:LevelUp"],"relics":["Slimebound:AbsorbEndCombat","Lantern","Mummified Hand","StoneCalendar","Ancient Tea Set","Unceasing Top"],"acts_visited":["Exordium"],"potions_floor_usage":[14,14,16],"damage_taken":[{"damage":8,"enemies":"2 Louse","floor":4,"turns":3},{"damage":13,"enemies":"downfall:FleeingMerchant","floor":6,"turns":4},{"damage":21,"enemies":"Jaw Worm","floor":8,"turns":4},{"damage":21,"enemies":"downfall:FleeingMerchant","floor":10,"turns":4},{"damage":48,"enemies":"Gremlin Nob","floor":11,"turns":4},{"damage":12,"enemies":"Cultist","floor":12,"turns":3},{"damage":12,"enemies":"2 Fungi Beasts","floor":13,"turns":2},{"damage":27,"enemies":"3 Sentries","floor":14,"turns":5},{"damage":30,"enemies":"Exordium Wildlife","floor":15,"turns":3},{"damage":46,"enemies":"downfall:Watcher","floor":16,"turns":8}],"seed_played":"1105703210455389957","potions_obtained":[{"floor":12,"key":"Explosive Potion"},{"floor":13,"key":"SkillPotion"},{"floor":15,"key":"Strength Potion"}],"is_trial":false,"path_per_floor":["R","?","T","M","?","$","T","M","R","$","E","M","M","E","M","B"],"character_chosen":"SLIMEBOUND","items_purchased":["Slimebound:LevelUp","Slimebound:SplitMire"],"campfire_rested":0,"item_purchase_floors":[6,10],"current_hp_per_floor":[54,54,54,60,60,60,60,51,51,46,14,20,20,25,17,0,0,0],"gold":208,"neow_bonus":"ONE_RANDOM_RARE_CARD","is_daily":false,"chose_seed":false,"campfire_upgraded":2,"win_rate":0.0,"timestamp":1610015485,"path_taken":["R","?","?","M","?","?","T","M","R","$","E","M","M","E","M","BOSS"],"items_purchased_type":["Card","Card"],"build_version":"2020-12-22","purchased_purges":1,"victory":false,"max_hp_per_floor":[60,60,60,60,60,60,60,60,60,60,60,60,60,60,60,60,60,60],"card_choices":[{"not_picked":["Slimebound:PressTheAttack","Slimebound:ViciousTackle","Slimebound:SamplingLick"],"picked":"SKIP","floor":4},{"not_picked":["Slimebound:Equalize","Slimebound:GrowthPunch","Slimebound:SplitAcid"],"picked":"SKIP","floor":6},{"not_picked":["Slimebound:SamplingLick","Slimebound:SplitAcid"],"picked":"Slimebound:SlimeBarrage","floor":8},{"not_picked":["Slimebound:Replication","Slimebound:SplitAcid","Slimebound:PressTheAttack"],"picked":"SKIP","floor":10},{"not_picked":["Slimebound:ComboTackle","Slimebound:SplitAcid","Slimebound:RainOfGoop"],"picked":"SKIP","floor":11},{"not_picked":["Slimebound:Gluttony","Slimebound:SamplingLick","Slimebound:SplitBruiser"],"picked":"SKIP","floor":12},{"not_picked":["Slimebound:SamplingLick","Slimebound:Repurpose"],"picked":"Slimebound:SpikyOuterGoop","floor":13},{"not_picked":["Slimebound:MegaLick","Slimebound:PressTheAttack"],"picked":"Slimebound:Darklings","floor":14},{"not_picked":["Slimebound:Gluttony","Slimebound:FinishingTackle"],"picked":"Slimebound:LevelUp","floor":15}],"player_experience":457731,"relics_obtained":[{"floor":3,"key":"Lantern"},{"floor":7,"key":"StoneCalendar"},{"floor":11,"key":"Ancient Tea Set"},{"floor":14,"key":"Unceasing Top"}],"event_choices":[],"is_beta":false,"boss_relics":[],"items_purged_floors":[10],"is_endless":false,"potions_floor_spawned":[12,13,15],"killed_by":"downfall:Watcher","ascension_level":9}}