{"host":"h8izngm1rsk9a7df","time":1610022308,"event":{"mods":["AchievementEnabler","BaseMod","Colored Map","Colored Powertips","DeckTracker","Downfall","Hubris","Minty Spire (QoL Compilation)","Relic Sorter","StSLib","The Bug Knight","The Disciple","The Necromancer"],"gold_per_floor":[113,125,140,7,7,34,34,51,77,88,88,99,130,147,147,247,297,308,323,323,323,323,323],"floor_reached":22,"playtime":1930,"items_purged":[],"score":200,"play_id":"50090910-3fa7-444a-9bfa-096e83214e91","local_time":"20210107042508","is_ascension_mode":false,"campfire_choices":[{"data":"Armaments","floor":7,"key":"SMITH"},{"data":"Thunderclap","floor":15,"key":"SMITH"}],"circlet_count":0,"master_deck":["Strike_R","Strike_R","Strike_R","Strike_R","Defend_R","Defend_R","Defend_R","Defend_R","Bash","Thunderclap+1","Shrug It Off","Clothesline","Armaments+1","Clash","Fire Breathing","Anger","Cleave","hubris:SharpeningStone","Perfected Strike","Barricade","Rage+1","Fiend Fire","Inflame","Carnage","Infernal Blade+1"],"relics":["Burning Blood","Art of War","Omamori","Potion Belt","Tiny House"],"acts_visited":["TheCity"],"potions_floor_usage":[16,16,19,21],"damage_taken":[{"damage":5,"enemies":"Cultist","floor":1,"turns":4},{"damage":7,"enemies":"2 Louse","floor":2,"turns":2},{"damage":0,"enemies":"Small Slimes","floor":3,"turns":3},{"damage":9,"enemies":"3 Sentries","floor":6,"turns":6},{"damage":7,"enemies":"2 Fungi Beasts","floor":8,"turns":5},{"damage":0,"enemies":"Lots of Slimes","floor":10,"turns":4},{"damage":0,"enemies":"Large Slime","floor":12,"turns":5},{"damage":28,"enemies":"Lagavulin","floor":13,"turns":7},{"damage":0,"enemies":"3 Louse","floor":14,"turns":2},{"damage":27,"enemies":"Slime Boss","floor":16,"turns":9},{"damage":23,"enemies":"Shell Parasite","floor":18,"turns":6},{"damage":74,"enemies":"Cultist and Chosen","floor":19,"turns":7},{"damage":0,"enemies":"Chosen and Byrds","floor":21,"turns":3},{"damage":9,"enemies":"Sentry and Sphere","floor":22,"turns":2}],"seed_played":"-8486176056624397009","potions_obtained":[{"floor":2,"key":"ElixirPotion"},{"floor":3,"key":"Strength Potion"},{"floor":11,"key":"Block Potion"},{"floor":14,"key":"Swift Potion"},{"floor":16,"key":"SmokeBomb"},{"floor":17,"key":"hexamod:EctoCoolerPotion"},{"floor":19,"key":"ElixirPotion"}],"is_trial":false,"path_per_floor":["M","M","M","$","?","E","R","M","T","M","?","M","E","M","R","B",null,"M","M","?","M","M"],"character_chosen":"IRONCLAD","items_purchased":["Armaments","Clash","Fire Breathing"],"campfire_rested":0,"item_purchase_floors":[4,4,4],"current_hp_per_floor":[88,87,88,88,81,78,78,77,77,83,83,88,66,72,72,51,93,76,8,2,8,0,0],"gold":323,"neow_bonus":"TEN_PERCENT_HP_BONUS","is_daily":false,"chose_seed":false,"campfire_upgraded":2,"win_rate":0.0,"timestamp":1610022308,"path_taken":["M","M","M","$","?","E","R","M","T","M","?","M","E","M","R","BOSS","M","M","?","M","M"],"items_purchased_type":["Card","Card","Card"],"build_version":"2020-12-22","purchased_purges":0,"victory":false,"max_hp_per_floor":[88,88,88,88,88,88,88,88,88,88,88,88,88,88,88,88,93,93,93,93,93,93,93],"card_choices":[{"not_picked":["Iron Wave","True Grit"],"picked":"Thunderclap","floor":1},{"not_picked":["Infernal Blade","Thunderclap"],"picked":"Shrug It Off","floor":2},{"not_picked":["Shrug It Off","Warcry"],"picked":"Clothesline","floor":3},{"not_picked":["Perfected Strike","Clothesline"],"picked":"Anger","floor":6},{"not_picked":["Dual Wield","Brutality"],"picked":"Cleave","floor":8},{"not_picked":["Armaments","Feel No Pain"],"picked":"hubris:SharpeningStone","floor":10},{"not_picked":["Body Slam","Pummel"],"picked":"Perfected Strike","floor":12},{"not_picked":["Disarm","Warcry"],"picked":"Barricade","floor":13},{"not_picked":["Anger","True Grit"],"picked":"Rage","floor":14},{"not_picked":["Berserk","Impervious"],"picked":"Fiend Fire","floor":16},{"not_picked":["Metallicize","Perfected Strike"],"picked":"Inflame","floor":17},{"not_picked":["Armaments","Ghostly Armor"],"picked":"Carnage","floor":18},{"not_picked":["Dark Embrace","Flex"],"picked":"Infernal Blade+1","floor":19}],"player_experience":85512,"relics_obtained":[{"floor":6,"key":"Art of War"},{"floor":9,"key":"Omamori"},{"floor":13,"key":"Potion Belt"}],"event_choices":[{"cards_removed":["Strike_R"],"damage_healed":0,"gold_gain":0,"player_choice":"Card Removal","damage_taken":7,"max_hp_gain":0,"max_hp_loss":0,"event_name":"Golden Wing","floor":5,"gold_loss":0},{"damage_healed":0,"gold_gain":0,"player_choice":"Got Potions","damage_taken":0,"max_hp_gain":0,"max_hp_loss":0,"event_name":"Lab","floor":11,"gold_loss":0}],"is_beta":false,"boss_relics":[{"not_picked":["Runic Pyramid","Busted Crown"],"picked":"Tiny House"}],"items_purged_floors":[],"is_endless":false,"potions_floor_spawned":[2,3,14,16,19],"killed_by":"Sentry and Sphere","ascension_level":0}}