{"host":"a5lz0e76zb3fcwkm","time":1610027661,"event":{"mods":["AchievementEnabler","BaseMod","Colored Map","Colored Powertips","Minty Spire (QoL Compilation)","StSLib","SuperFastMode"],"gold_per_floor":[113,133,58,58,71,71,100,0,24,99,99,99,118,136,136,215,215,235,246,73,73,73,73,93,143,143,161,36,70,70,70,70,144,144,160,50,69,84,104,104,116,149,149,160,190,190,206,56,56,56,56,56,56,3,32,32],"floor_reached":57,"playtime":2302,"items_purged":["Normality","Strike_R","Dual Wield","Bash"],"score":3064,"play_id":"78791068-fdf6-4ed4-98a7-6fbbfa0d5b1a","local_time":"20210107225421","is_ascension_mode":true,"campfire_choices":[{"data":"Uppercut","floor":6.0,"key":"SMITH"},{"data":"True Grit","floor":15.0,"key":"SMITH"},{"floor":23.0,"key":"REST"},{"data":"Burning Pact","floor":32.0,"key":"SMITH"},{"floor":40.0,"key":"REST"},{"floor":46.0,"key":"RECALL"},{"floor":49.0,"key":"REST"},{"floor":53.0,"key":"REST"}],"circlet_count":0,"master_deck":["AscendersBane","Defend_R+1","Defend_R","Defend_R+1","Dropkick+1","Uppercut+1","True Grit+1","Offering+1","Dropkick+1","Burning Pact+1","Bloodletting+1","Shrug It Off+1","Impervious"],"relics":["Burning Blood","Bronze Scales","War Paint","Anchor","Empty Cage","DollysMirror","Question Card","Pen Nib","Runic Cube","MealTicket","Prayer Wheel","Whetstone"],"acts_visited":["Exordium","TheCity","TheBeyond","TheEnding"],"potions_floor_usage":[56,56],"damage_taken":[{"damage":14.0,"enemies":"2 Louse","floor":1.0,"turns":3.0},{"damage":18.0,"enemies":"Cultist","floor":2.0,"turns":5.0},{"damage":10.0,"enemies":"Small Slimes","floor":5.0,"turns":5.0},{"damage":24.0,"enemies":"Gremlin Nob","floor":7.0,"turns":4.0},{"damage":1.0,"enemies":"2 Fungi Beasts","floor":13.0,"turns":3.0},{"damage":7.0,"enemies":"Exordium Thugs","floor":14.0,"turns":5.0},{"damage":25.0,"enemies":"The Guardian","floor":16.0,"turns":10.0},{"damage":21.0,"enemies":"3 Byrds","floor":18.0,"turns":3.0},{"damage":20.0,"enemies":"Spheric Guardian","floor":19.0,"turns":5.0},{"damage":21.0,"enemies":"3 Cultists","floor":24.0,"turns":5.0},{"damage":6.0,"enemies":"Centurion and Healer","floor":27.0,"turns":5.0},{"damage":6.0,"enemies":"Book of Stabbing","floor":29.0,"turns":1.0},{"damage":6.0,"enemies":"Champ","floor":33.0,"turns":1.0},{"damage":18.0,"enemies":"3 Shapes","floor":35.0,"turns":4.0},{"damage":12.0,"enemies":"3 Darklings","floor":37.0,"turns":1.0},{"damage":24.0,"enemies":"Sphere and 2 Shapes","floor":38.0,"turns":2.0},{"damage":9.0,"enemies":"Jaw Worm Horde","floor":39.0,"turns":2.0},{"damage":6.0,"enemies":"Spire Growth","floor":41.0,"turns":2.0},{"damage":9.0,"enemies":"Giant Head","floor":42.0,"turns":1.0},{"damage":9.0,"enemies":"Transient","floor":44.0,"turns":6.0},{"damage":9.0,"enemies":"Nemesis","floor":45.0,"turns":1.0},{"damage":21.0,"enemies":"4 Shapes","floor":47.0,"turns":1.0},{"damage":40.0,"enemies":"Time Eater","floor":50.0,"turns":10.0},{"damage":15.0,"enemies":"Donu and Deca","floor":51.0,"turns":1.0},{"damage":15.0,"enemies":"Shield and Spear","floor":55.0,"turns":2.0},{"damage":64,"enemies":"The Heart","floor":56,"turns":4}],"seed_played":"5723753232600972789","potions_obtained":[{"floor":2.0,"key":"Regen Potion"},{"floor":13.0,"key":"Block Potion"},{"floor":14.0,"key":"SkillPotion"},{"floor":18.0,"key":"HeartOfIron"},{"floor":19.0,"key":"LiquidMemories"}],"is_trial":false,"path_per_floor":["M","M","$","?","M","R","E","$","T","?","?","?","M","M","R","B",null,"M","M","$","?","$","R","M","?","T","M","$","E","?","$","R","B",null,"M","?","M","M","M","R","M","E","T","M","E","R","M","$","R","B","B",null,"R","$","E","B",null],"character_chosen":"IRONCLAD","items_purchased":["DollysMirror","Dexterity Potion"],"campfire_rested":4,"item_purchase_floors":[20,54],"current_hp_per_floor":[60,48,48,48,58,58,40,40,40,29,34,34,39,38,38,19,65,50,36,36,36,36,60,45,37,37,37,37,37,37,37,37,37,69,57,57,51,33,30,54,54,51,51,48,45,45,30,45,69,35,26,67,80,80,71,13],"gold":32,"neow_bonus":"TRANSFORM_TWO_CARDS","is_daily":false,"chose_seed":false,"campfire_upgraded":3,"win_rate":0.0,"timestamp":1610027661,"path_taken":["M","M","$","?","M","R","E","?","T","?","?","?","M","M","R","BOSS","M","M","$","?","?","R","M","?","T","?","?","E","?","$","R","BOSS","M","?","?","M","?","R","M","E","T","M","E","R","M","$","R","BOSS","BOSS","R","$","E","BOSS"],"items_purchased_type":["Relic","Potion"],"build_version":"2020-12-22","purchased_purges":4,"victory":true,"max_hp_per_floor":[75,75,75,75,75,75,75,75,75,75,80,80,80,80,80,80,80,80,80,80,80,80,80,80,80,80,80,80,80,80,80,80,80,80,80,80,80,80,80,80,80,80,80,80,80,80,80,80,80,80,80,80,80,80,80,80],"card_choices":[{"not_picked":["Rage","Havoc","Sword Boomerang"],"picked":"SKIP","floor":1.0},{"not_picked":["Pummel","Seeing Red","Twin Strike"],"picked":"SKIP","floor":2.0},{"not_picked":["Clothesline","Metallicize"],"picked":"Uppercut","floor":5.0},{"not_picked":["Juggernaut","True Grit","Dual Wield"],"picked":"SKIP","floor":7.0},{"not_picked":["Pummel","Evolve"],"picked":"True Grit","floor":13.0},{"not_picked":["Perfected Strike","Body Slam","Iron Wave"],"picked":"SKIP","floor":14.0},{"not_picked":["Corruption","Juggernaut"],"picked":"Offering","floor":16.0},{"not_picked":["Thunderclap","Whirlwind","Armaments"],"picked":"SKIP","floor":18.0},{"not_picked":["Perfected Strike+1","Body Slam+1"],"picked":"Dual Wield","floor":19.0},{"not_picked":["Wild Strike","Perfected Strike+1"],"picked":"Burning Pact","floor":24.0},{"not_picked":["Rupture","True Grit","Pommel Strike","Wild Strike"],"picked":"SKIP","floor":27.0},{"not_picked":["Pommel Strike","Flex","Wild Strike","Clothesline"],"picked":"SKIP","floor":29.0},{"not_picked":["Clash","Clothesline+1","Flame Barrier"],"picked":"Bloodletting","floor":35.0},{"not_picked":["Cleave","Sentinel+1","Headbutt","Double Tap"],"picked":"SKIP","floor":37.0},{"not_picked":["Wild Strike","Body Slam","Fire Breathing","Headbutt"],"picked":"SKIP","floor":38.0},{"not_picked":["Dual Wield+1","Sword Boomerang","Pommel Strike","Hemokinesis"],"picked":"SKIP","floor":39.0},{"not_picked":["Shrug It Off","Dropkick","Thunderclap","Pommel Strike"],"picked":"SKIP","floor":41.0},{"not_picked":["Perfected Strike+1","Sever Soul","Thunderclap","Body Slam+1"],"picked":"SKIP","floor":42.0},{"not_picked":["Cleave+1","Thunderclap","Warcry","Pummel"],"picked":"SKIP","floor":44.0},{"not_picked":["Flame Barrier","Offering","Searing Blow"],"picked":"Shrug It Off+1","floor":45.0},{"not_picked":["Wild Strike","Metallicize","Sever Soul","Cleave"],"picked":"SKIP","floor":47.0},{"not_picked":["Blood for Blood","Body Slam+1","Ghostly Armor","Clothesline"],"picked":"SKIP","floor":47.0},{"not_picked":["Pommel Strike","Combust+1","Warcry+1"],"picked":"Impervious","floor":55.0}],"player_experience":1691250,"relics_obtained":[{"floor":7.0,"key":"War Paint"},{"floor":9.0,"key":"Anchor"},{"floor":26.0,"key":"Question Card"},{"floor":29.0,"key":"Pen Nib"},{"floor":42.0,"key":"MealTicket"},{"floor":45.0,"key":"Prayer Wheel"},{"floor":55.0,"key":"Whetstone"}],"event_choices":[{"cards_removed":["Sentinel"],"damage_healed":0.0,"max_hp_gain":0.0,"max_hp_loss":0.0,"gold_gain":0.0,"event_name":"WeMeetAgain","player_choice":"Gave Card","floor":4.0,"gold_loss":0.0,"damage_taken":0.0,"relics_obtained":["Bronze Scales"]},{"damage_healed":0.0,"max_hp_gain":0.0,"max_hp_loss":0.0,"gold_gain":75.0,"event_name":"World of Goop","player_choice":"Gather Gold","floor":10.0,"gold_loss":0.0,"damage_taken":11.0},{"damage_healed":0.0,"max_hp_gain":5.0,"max_hp_loss":0.0,"gold_gain":0.0,"event_name":"Big Fish","player_choice":"Donut","floor":11.0,"gold_loss":0.0,"damage_taken":0.0},{"damage_healed":0.0,"max_hp_gain":0.0,"max_hp_loss":0.0,"gold_gain":0.0,"event_name":"Liars Game","player_choice":"Ignored","floor":12.0,"gold_loss":0.0,"damage_taken":0.0},{"damage_healed":0.0,"max_hp_gain":0.0,"max_hp_loss":0.0,"gold_gain":0.0,"event_name":"Accursed Blacksmith","player_choice":"Forge","floor":21.0,"gold_loss":0.0,"damage_taken":0.0,"cards_upgraded":["Offering"]},{"damage_healed":0.0,"max_hp_gain":0.0,"max_hp_loss":0.0,"gold_gain":50.0,"event_name":"FaceTrader","player_choice":"Touch","floor":25.0,"gold_loss":0.0,"damage_taken":8.0},{"damage_healed":0.0,"max_hp_gain":0.0,"max_hp_loss":0.0,"gold_gain":0.0,"event_name":"Vampires","player_choice":"Ignored","floor":30.0,"gold_loss":0.0,"damage_taken":0.0},{"cards_removed":["Defend_R"],"damage_healed":0.0,"max_hp_gain":0.0,"max_hp_loss":0.0,"gold_gain":0.0,"event_name":"Designer","player_choice":"Upgrade and Remove","floor":36.0,"gold_loss":110.0,"damage_taken":0.0,"cards_upgraded":["Bloodletting"]}],"is_beta":false,"boss_relics":[{"not_picked":["Ectoplasm","Snecko Eye"],"picked":"Empty Cage"},{"not_picked":["Pandora\u0027s Box","Black Star"],"picked":"Runic Cube"}],"items_purged_floors":[3,8,28,48],"is_endless":false,"potions_floor_spawned":[2,13,14,18,19,33,38,39,45,47],"ascension_level":20}}