{"host":"y1gy3vaohdji07z5","time":1610052439,"event":{"mods":["AchievementEnabler","BaseMod","Colored Map","Colored Powertips","Hermit","Minty Spire (QoL Compilation)","Random Character Button","Rare Cards Sparkle","StSLib"],"gold_per_floor":[113,125,142,61,61,86,105,134,134,150,150,150],"floor_reached":11,"playtime":783,"items_purged":[],"score":98,"play_id":"aec6199d-7beb-4347-a488-b57699da7e18","local_time":"20210107214719","is_ascension_mode":true,"campfire_choices":[],"circlet_count":0,"master_deck":["hermit:Strike_Hermit","hermit:Strike_Hermit","hermit:Strike_Hermit","hermit:Strike_Hermit","hermit:Defend_Hermit","hermit:Defend_Hermit","hermit:Defend_Hermit","hermit:Defend_Hermit","hermit:Snapshot","hermit:Covet","hermit:LuckOfTheDraw","hermit:Coalescence","hermit:FinalCanter","hermit:Malice","Regret","hermit:Maintenance+1","hermit:FullyLoaded+1","hermit:LuckOfTheDraw+1"],"relics":["Black Star","Molten Egg 2","The Courier","Toxic Egg 2","Matryoshka","Potion Belt","Eternal Feather"],"acts_visited":["Exordium"],"potions_floor_usage":[6,11],"damage_taken":[{"damage":0,"enemies":"Small Slimes","floor":1,"turns":3},{"damage":0,"enemies":"2 Louse","floor":2,"turns":2},{"damage":1,"enemies":"Jaw Worm","floor":3,"turns":5},{"damage":20,"enemies":"3 Sentries","floor":6,"turns":6},{"damage":6,"enemies":"Blue Slaver","floor":7,"turns":4},{"damage":27,"enemies":"Lagavulin","floor":8,"turns":7},{"damage":4,"enemies":"Red Slaver","floor":10,"turns":5},{"damage":17,"enemies":"3 Sentries","floor":11,"turns":4}],"seed_played":"1563174132198128094","potions_obtained":[{"floor":3,"key":"Fire Potion"},{"floor":6,"key":"ColorlessPotion"},{"floor":10,"key":"SteroidPotion"}],"is_trial":false,"path_per_floor":["M","M","M","$","?","E","M","E","T","M","E"],"character_chosen":"HERMIT","items_purchased":["hermit:Malice"],"campfire_rested":0,"item_purchase_floors":[4],"current_hp_per_floor":[75,75,74,74,74,54,48,21,21,17,0,0],"gold":150,"neow_bonus":"BOSS_RELIC","is_daily":false,"chose_seed":false,"campfire_upgraded":0,"win_rate":0.0,"timestamp":1610052439,"path_taken":["M","M","M","$","?","E","M","E","T","M","E"],"items_purchased_type":["Card"],"build_version":"2020-12-22","purchased_purges":0,"victory":false,"max_hp_per_floor":[75,75,75,75,75,75,75,75,75,75,75,75],"card_choices":[{"not_picked":["hermit:Vantage","hermit:Quickdraw"],"picked":"hermit:LuckOfTheDraw","floor":1},{"not_picked":["hermit:PistolWhip","hermit:TakeAim"],"picked":"hermit:Coalescence","floor":2},{"not_picked":["hermit:BigShot","hermit:Gestalt"],"picked":"hermit:FinalCanter","floor":3},{"not_picked":["hermit:Brawl","hermit:HighCaliber+1"],"picked":"hermit:Maintenance+1","floor":6},{"not_picked":["hermit:HoleUp+1","hermit:Misfire+1","hermit:Desperado+1"],"picked":"SKIP","floor":7},{"not_picked":["hermit:Horror+1","hermit:Virtue+1"],"picked":"hermit:FullyLoaded+1","floor":8},{"not_picked":["hermit:ShadowCloak","hermit:Determination"],"picked":"hermit:LuckOfTheDraw+1","floor":10}],"player_experience":410560,"relics_obtained":[{"floor":6,"key":"The Courier"},{"floor":6,"key":"Toxic Egg 2"},{"floor":8,"key":"Matryoshka"},{"floor":9,"key":"Potion Belt"},{"floor":9,"key":"Eternal Feather"}],"event_choices":[{"damage_healed":0,"gold_gain":0,"player_choice":"Box","damage_taken":0,"relics_obtained":["Molten Egg 2"],"max_hp_gain":0,"max_hp_loss":0,"event_name":"Big Fish","floor":5,"gold_loss":0,"cards_obtained":["Regret"]}],"is_beta":false,"boss_relics":[],"items_purged_floors":[],"is_endless":false,"potions_floor_spawned":[3,6,10],"killed_by":"3 Sentries","ascension_level":3}}