{"host":"ox77rn1xcurm2t5a","time":1610052670,"event":{"mods":["2.2 Compatiblity","AchievementEnabler","Act Like it!","Aspiration","BaseMod","Best Route Mod","Better Match","Better Note","Better Sensory Stone","Block Reminder","Colored Map","Colored Powertips","Conjunction","Conspire","Custom Start","Energized Spire","GifTheSpireLib","Gold Saver","Gremlin Skip","Halation","Highlight Path","Hubris","Infinite Spire","Minty Spire (QoL Compilation)","Pale of the Ancients","Quick Restart","Replay The Spire","Reworked Bosses","ShortenTheSpire","Spire Exporter","StSLib","Stuff the Spire","Wandering Minibosses","vexMod"],"gold_per_floor":[112,112,112,132,1662,1692,1708,1736,1736,1755,1755,1149,1149,1176,1176,1176,1176],"floor_reached":16,"playtime":548,"items_purged":["Zap+1","Strike_B"],"score":213,"play_id":"af3b5d42-46f3-41c5-8462-1772aab0cc4b","local_time":"20210107225110","is_ascension_mode":true,"campfire_choices":[{"floor":15.0,"key":"RECALL"}],"circlet_count":0,"master_deck":["AscendersBane","Strike_B","Strike_B","Strike_B","Defend_B+1","Defend_B","Defend_B","Defend_B","Dualcast","Cold Snap+1","Coolheaded","StuffTheSpire:Coldhearted","Capacitor","Capacitor"],"relics":["Cracked Core","NeowsBlessing","PreservedInsect","StuffTheSpire:BottledEssence","halation:SelfBoilingWater","Onion Ring","infinitespire:Freezer","halation:AfternoonTea","halation:NonexistentMirror","Replay:Antivirus Software"],"acts_visited":["Exordium"],"potions_floor_usage":[16],"damage_taken":[{"damage":0.0,"enemies":"Small Slimes","floor":1.0,"turns":1.0},{"damage":0.0,"enemies":"Jaw Worm","floor":4.0,"turns":1.0},{"damage":0.0,"enemies":"Lagavulin","floor":6.0,"turns":1.0},{"damage":6.0,"enemies":"2 Louse","floor":7.0,"turns":2.0},{"damage":24.0,"enemies":"Gremlin Nob","floor":8.0,"turns":5.0},{"damage":0.0,"enemies":"Blue Slaver","floor":10.0,"turns":4.0},{"damage":29,"enemies":"Slime Boss","floor":16,"turns":26}],"seed_played":"-7881826849699348102","potions_obtained":[{"floor":1.0,"key":"Strength Potion"},{"floor":4.0,"key":"Adrenaline Potion"},{"floor":8.0,"key":"SkillPotion"}],"is_trial":false,"path_per_floor":["M","?","?","M","$","E","M","E","T","M","?","$","?","T","R","B"],"character_chosen":"DEFECT","items_purchased":["Cold Snap","PreservedInsect","StuffTheSpire:BottledEssence","Coolheaded","halation:AfternoonTea","halation:NonexistentMirror","Capacitor","Replay:Antivirus Software"],"campfire_rested":0,"item_purchase_floors":[5,5,5,5,12,12,12,12],"current_hp_per_floor":[68,68,68,68,68,68,62,38,38,38,38,38,23,23,23,0,0],"gold":1176,"neow_bonus":"THREE_ENEMY_KILL","is_daily":false,"chose_seed":false,"campfire_upgraded":0,"win_rate":0.0,"timestamp":1610052670,"path_taken":["M","?","?","M","$","E","M","E","T","M","?","$","?","?","R","BOSS"],"items_purchased_type":["Card","Relic","Relic","Card","Relic","Relic","Card","Relic"],"build_version":"2020-12-22","purchased_purges":2,"victory":false,"max_hp_per_floor":[75,75,75,75,75,75,75,75,75,75,75,75,75,75,75,75,75],"card_choices":[{"not_picked":["Go for the Eyes","Beam Cell","Rebound"],"picked":"SKIP","floor":1.0},{"not_picked":["Conserve Battery","conspire:SharedLibrary","Compile Driver"],"picked":"SKIP","floor":4.0},{"not_picked":["Sweeping Beam","StuffTheSpire:SnapShoot"],"picked":"StuffTheSpire:Coldhearted","floor":6.0},{"not_picked":["StuffTheSpire:Synthwave","Hologram","ReplayTheSpireMod:Repulse"],"picked":"SKIP","floor":7.0},{"not_picked":["hubris:Prefetch","ReplayTheSpireMod:Dual Polarity","hubris:Ukulele"],"picked":"SKIP","floor":8.0},{"not_picked":["Double Energy","Heatsinks","Leap"],"picked":"SKIP","floor":10.0}],"player_experience":2950715,"relics_obtained":[{"floor":6.0,"key":"halation:SelfBoilingWater"},{"floor":8.0,"key":"Onion Ring"},{"floor":9.0,"key":"infinitespire:Freezer"}],"event_choices":[{"damage_healed":0.0,"max_hp_gain":0.0,"max_hp_loss":0.0,"gold_gain":1.0,"event_name":"betterStone:BetterStone","player_choice":"1","floor":3.0,"gold_loss":0.0,"damage_taken":0.0},{"damage_healed":0.0,"max_hp_gain":0.0,"max_hp_loss":0.0,"gold_gain":0.0,"event_name":"Shining Light","player_choice":"Entered Light","floor":13.0,"gold_loss":0.0,"damage_taken":15.0,"cards_upgraded":["Defend_B","Cold Snap"]}],"is_beta":false,"boss_relics":[],"items_purged_floors":[5,12],"is_endless":false,"potions_floor_spawned":[1,4,8],"killed_by":"Slime Boss","ascension_level":12}}