{"host":"ivg6uxy7auliciht","time":1610007373,"event":{"mods":["BaseMod","Bestiary","Googly Eyes","Hermit","Minty Spire (QoL Compilation)","Replay The Spire","Shop Mod","StSLib","The Cursed","The Dragon Tamer","The Gatherer","The Necromancer"],"gold_per_floor":[118,118,135,149,168,168,202,221,290,290,301,301,301,301,318,338,338,438,438,456,470,485,305,325,359,309,109,156,171,171,182,182,290,290,386,386,478,78,172,261,351,351,351,351,351,351,440,530,615,292,292,292,292,292],"floor_reached":52,"playtime":5752,"items_purged":[],"score":607,"play_id":"f926fb4c-f963-465f-a205-e9f102445c0d","local_time":"20210107031613","is_ascension_mode":false,"metric_token":787,"campfire_choices":[{"data":"DTMod:Training","floor":6.0,"key":"SMITH"},{"floor":10.0,"key":"REST"},{"floor":12.0,"key":"REST"},{"data":"DTMod:StunTrap","floor":17.0,"key":"SMITH"},{"floor":32,"key":"REST"},{"floor":34,"key":"REST"},{"floor":42,"key":"REST"},{"data":"DTMod:Training","floor":46,"key":"SMITH"},{"floor":51,"key":"REST"}],"dtmod_dragon_data":[0,50,3,4,14,1],"circlet_count":0,"master_deck":["DTMod:Strike","DTMod:Strike","DTMod:Strike","DTMod:DoubleHit","DTMod:TargetDefense","DTMod:TargetDefense","DTMod:TargetDefense","DTMod:TargetDefense","DTMod:SwitchingTactic","DTMod:Training+1","DTMod:Hide","DTMod:StunTrap+1","DTMod:Coolant","DTMod:Feint","DTMod:ComboAttack","DTMod:Training+1","DTMod:Shift","DTMod:TauntingStrike","DTMod:Harmonize","DTMod:MagiciansMark","DTMod:Feint","DTMod:Feint","DTMod:SneakAttack","DTMod:BuildUp","DTMod:TagTeam","DTMod:Hide","DTMod:Hide","DTMod:MagiciansMark","DTMod:WarmUp","DTMod:BreakAttack","DTMod:Cover","DTMod:CleansingStrike","DTMod:Inferno","DTMod:CrossStep","Swift Strike+1","DTMod:Feint","DTMod:Feint","DTMod:Training","DTMod:MasterPlan","DTMod:BurningEnergy","Survey Options","DTMod:BreakAttack+1","DTMod:TagTeam+1","DTMod:ShieldDrain"],"relics":["DTMod:PactStone","Tiny Chest","TungstenRod","Replay:Bottled Eggs","Velvet Choker","Strawberry","Blue Doll","DTMod:BasicTextbook","Simple Rune","Replay:Ringing Soul","ReplayTheSpireMod:CursedCoin","Replay:Drink Me","Thread and Needle","Meat on the Bone","Iron Hammer"],"acts_visited":["Exordium","TheCity","TheBeyond"],"potions_floor_usage":[25,25,35,41,52,52,52],"damage_taken":[{"damage":0.0,"enemies":"Cultist","floor":1.0,"turns":4.0},{"damage":0.0,"enemies":"Jaw Worm","floor":3.0,"turns":5.0},{"damage":0.0,"enemies":"Small Slimes","floor":4.0,"turns":4.0},{"damage":27.0,"enemies":"Gremlin Gang","floor":5.0,"turns":7.0},{"damage":16.0,"enemies":"3 Sentries","floor":7.0,"turns":11.0},{"damage":0.0,"enemies":"Lots of Slimes","floor":8.0,"turns":6.0},{"damage":0.0,"enemies":"Red Slaver","floor":11.0,"turns":5.0},{"damage":0.0,"enemies":"Exordium Thugs","floor":15.0,"turns":4.0},{"damage":0.0,"enemies":"Gremlin Gang","floor":16.0,"turns":5.0},{"damage":28.0,"enemies":"Fading Forest","floor":18.0,"turns":11.0},{"damage":4.0,"enemies":"Spheric Guardian","floor":20.0,"turns":4.0},{"damage":6.0,"enemies":"2 Thieves","floor":21.0,"turns":4.0},{"damage":0.0,"enemies":"Snake Plant","floor":22.0,"turns":6.0},{"damage":12,"enemies":"Shelled Parasite and Fungi","floor":24,"turns":6},{"damage":3,"enemies":"Replay:Snechameleon","floor":25,"turns":6},{"damage":4,"enemies":"3 Cultists","floor":29,"turns":5},{"damage":15,"enemies":"Centurion and Healer","floor":31,"turns":5},{"damage":50,"enemies":"Collector","floor":35,"turns":8},{"damage":0,"enemies":"3 Darklings","floor":37,"turns":6},{"damage":0,"enemies":"Orb Walker","floor":39,"turns":3},{"damage":6,"enemies":"Jaw Worm Horde","floor":40,"turns":4},{"damage":8,"enemies":"3 Darklings","floor":41,"turns":7},{"damage":0,"enemies":"4 Shapes","floor":47,"turns":3},{"damage":11,"enemies":"Transient","floor":48,"turns":5},{"damage":0,"enemies":"Spire Growth","floor":49,"turns":5},{"damage":98,"enemies":"Time Eater","floor":52,"turns":13}],"seed_played":"-5080028218340967459","potions_obtained":[{"floor":5.0,"key":"Dexterity Potion"},{"floor":7.0,"key":"DuplicationPotion"},{"floor":8.0,"key":"SpeedPotion"},{"floor":16.0,"key":"Ancient Potion"},{"floor":18.0,"key":"SteroidPotion"},{"floor":25,"key":"SmokeBomb"},{"floor":35,"key":"LifebloodPotion"},{"floor":39,"key":"Elixir"},{"floor":41,"key":"Elixir"},{"floor":44,"key":"SpeedPotion"},{"floor":44,"key":"LiquidBronze"},{"floor":49,"key":"PowerPotion"}],"is_trial":false,"path_per_floor":["M","?","M","M","M","R","E","M","T","R","M","R","PTL","PTL","M","M","R","B",null,"M","M","M","$","M","E","?","$","T","M","T","M","R","$","R","B",null,"M","$","M","M","M","R","?","?","T","R","M","M","M","$","R","B"],"character_chosen":"THE_DT","items_purchased":["DTMod:SneakAttack","Strawberry","DTMod:Hide","DTMod:MagiciansMark","DTMod:BasicTextbook","DTMod:Cover","DTMod:CleansingStrike","ReplayTheSpireMod:CursedCoin","Swift Strike+1","DTMod:Feint","Thread and Needle","Iron Hammer","DTMod:ShieldDrain"],"campfire_rested":6,"item_purchase_floors":[23,23,27,27,27,33,33,33,38,38,38,50,50],"current_hp_per_floor":[49,49,49,49,22,22,6,6,6,20,20,34,34,34,34,34,34,6,49,45,39,39,46,34,31,31,31,31,27,27,15,32,35,53,6,49,52,55,58,55,50,64,67,67,67,67,70,62,62,65,76,0,0,0],"gold":292,"neow_bonus":"TEN_PERCENT_HP_BONUS","is_daily":false,"chose_seed":false,"campfire_upgraded":3,"win_rate":0.0,"timestamp":1610007373,"path_taken":["M","?","M","M","M","R","E","?","T","R","M","R","PTL","PTL","M","M","R","BOSS","M","?","M","$","M","E","?","$","T","M","?","M","R","$","R","BOSS","M","$","M","M","M","R","?","?","T","R","M","M","?","$","R","BOSS"],"items_purchased_type":["Card","Relic","Card","Card","Relic","Card","Card","Relic","Card","Card","Relic","Relic","Card"],"build_version":"2020-12-22","purchased_purges":0,"victory":false,"max_hp_per_floor":[49,49,49,49,49,49,49,49,49,49,49,49,49,49,49,49,49,49,49,49,49,49,56,56,56,56,56,56,56,56,59,59,62,62,65,49,52,55,58,61,64,64,67,67,67,67,70,73,73,76,76,76,76,76],"card_choices":[{"not_picked":["DTMod:BlazingStrike","DTMod:Threaten"],"picked":"DTMod:Training","floor":1.0},{"not_picked":["DTMod:MaximumCharge","DTMod:Overwhelm"],"picked":"DTMod:Hide","floor":3.0},{"not_picked":["DTMod:Weaken","DTMod:HeatWave"],"picked":"DTMod:StunTrap","floor":4.0},{"not_picked":["DTMod:BlazingStrike","DTMod:RecklessFlurry"],"picked":"DTMod:Coolant","floor":5.0},{"not_picked":["DTMod:BuildUp","DTMod:MasterPlan"],"picked":"DTMod:Feint","floor":7.0},{"not_picked":["DTMod:MasterPlan","DTMod:MagicField"],"picked":"DTMod:ComboAttack","floor":8.0},{"not_picked":["DTMod:WarmUp","DTMod:QuickFly"],"picked":"DTMod:Training","floor":11.0},{"not_picked":["DTMod:Threaten","DTMod:BuildUp"],"picked":"DTMod:Shift","floor":15.0},{"not_picked":["DTMod:Shift","DTMod:Threaten"],"picked":"DTMod:TauntingStrike","floor":16.0},{"not_picked":["DTMod:ExcessFootwork","DTMod:HeadStart"],"picked":"DTMod:Harmonize","floor":18.0},{"not_picked":["DTMod:BuildUp","DTMod:Shift"],"picked":"DTMod:MagiciansMark","floor":20.0},{"not_picked":["DTMod:Threaten","DTMod:HeatWave"],"picked":"DTMod:Feint","floor":21.0},{"not_picked":["DTMod:WarmUp","DTMod:Adaptation+1"],"picked":"DTMod:Feint","floor":22.0},{"not_picked":["DTMod:Punisher","DTMod:FlameSlash"],"picked":"DTMod:BuildUp","floor":24},{"not_picked":["DTMod:FlameSlash","DTMod:PurifyingFlame"],"picked":"DTMod:TagTeam","floor":25},{"not_picked":["DTMod:RunningTactic","DTMod:ComboAttack+1"],"picked":"DTMod:WarmUp","floor":29},{"not_picked":["DTMod:BizarreTactic+1","DTMod:CleansingStrike"],"picked":"DTMod:BreakAttack","floor":31},{"not_picked":["DTMod:StunTrap","DTMod:TriAttack"],"picked":"DTMod:Inferno","floor":35},{"not_picked":["DTMod:CleansingStrike+1","DTMod:Adaptation"],"picked":"DTMod:CrossStep","floor":37},{"not_picked":["DTMod:BlazingStrike","DTMod:RecklessFlurry+1"],"picked":"DTMod:Training","floor":39},{"not_picked":["DTMod:WarmUp","DTMod:TagTeam"],"picked":"DTMod:MasterPlan","floor":40},{"not_picked":["DTMod:Threaten","DTMod:Conduct+1"],"picked":"DTMod:BurningEnergy","floor":41},{"not_picked":["Replay:Parry","Forethought"],"picked":"Survey Options","floor":43},{"not_picked":["DTMod:BlazingStrike+1","DTMod:TauntingStrike"],"picked":"DTMod:BreakAttack+1","floor":47},{"not_picked":["DTMod:Haste","DTMod:Feint+1"],"picked":"DTMod:TagTeam+1","floor":48},{"not_picked":["DTMod:CleansingStrike","DTMod:FlameSlash","DTMod:Punisher+1"],"picked":"SKIP","floor":49}],"player_experience":29379,"relics_obtained":[{"floor":2.0,"key":"Tiny Chest"},{"floor":7.0,"key":"TungstenRod"},{"floor":9.0,"key":"Replay:Bottled Eggs"},{"floor":25,"key":"Blue Doll"},{"floor":28,"key":"Simple Rune"},{"floor":30,"key":"Replay:Ringing Soul"},{"floor":45,"key":"Meat on the Bone"}],"event_choices":[{"damage_healed":0.0,"max_hp_gain":0.0,"max_hp_loss":0.0,"gold_gain":0.0,"event_name":"Wheel of Change","player_choice":"Relic","floor":2.0,"gold_loss":0.0,"damage_taken":0.0},{"damage_healed":0,"gold_gain":0,"player_choice":"Bet on Owner","damage_taken":0,"max_hp_gain":0,"max_hp_loss":0,"event_name":"The Joust","floor":26,"gold_loss":50},{"damage_healed":0,"gold_gain":0,"player_choice":"Memory 1","damage_taken":0,"max_hp_gain":0,"max_hp_loss":0,"event_name":"SensoryStone","floor":43,"gold_loss":0},{"damage_healed":0,"gold_gain":0,"player_choice":"Got Potions","damage_taken":0,"max_hp_gain":0,"max_hp_loss":0,"event_name":"Lab","floor":44,"gold_loss":0}],"is_beta":false,"boss_relics":[{"not_picked":["SacredBark","Kintsugi"],"picked":"Velvet Choker"},{"not_picked":["Replay:Bronze Core","ReplayTheSpireMod:DimensionalGlitch"],"picked":"Replay:Drink Me"}],"items_purged_floors":[],"is_endless":false,"potions_floor_spawned":[5,7,8,16,18,21,25,35,39,41,49],"killed_by":"Time Eater","ascension_level":0}}