{"host":"8i4doyxqctgl5qb0","time":1610031541,"event":{"mods":["AchievementEnabler","BaseMod","Block Reminder","Colored Powertips","Downfall","Marisa£®ÏF”Í°°ƒß¿Ì…≥£©","Minty Spire (QoL Compilation)","Permanent Neow","Potion Indicator Mod","Rare Cards Sparkle","StSLib","SuperFastMode"],"gold_per_floor":[115,135,310,210,222,252,252,268,268,278,278,294,294,305,305,404,404,424,444,444,461,461,494,494,165,210,223,257,267,267,37,37,134,134,145,145,159,209,59,87,87,87,87,134,134,144,158,380,380,380,380],"floor_reached":50,"playtime":2734,"items_purged":["Doubt","Regret","Decay","Wraith"],"score":592,"play_id":"e5db1665-a5ba-43e4-9a60-e47064d5f719","local_time":"20210107225901","is_ascension_mode":false,"campfire_choices":[{"data":"Wish","floor":7.0,"key":"SMITH"},{"floor":13.0,"key":"RECALL"},{"floor":15.0,"key":"REST"},{"floor":30.0,"key":"REST"},{"floor":32.0,"key":"REST"},{"floor":41.0,"key":"REST"},{"floor":45.0,"key":"REST"},{"floor":49.0,"key":"REST"}],"circlet_count":0,"master_deck":["Strike_P+1","Strike_P+1","Strike_P+1","Strike_P","Defend_P","Defend_P","Defend_P","Defend_P","Eruption","Vigilance","Decay","Wish+1","Wallop","BattleHymn","FlyingSleeves","EmptyBody","ThirdEye","FollowUp","Collect","Crescendo","LessonLearned+1","Omniscience","FollowUp","Halt+1","ClearTheMind","Writhe","Study","JustLucky","Fasting2","Prostrate+1","MentalFortress+1","Wireheading","InnerPeace","Establishment","CurseOfTheBell","Prostrate+1","ForeignInfluence+1","ClearTheMind+1","Evaluate+1","Worship","CarveReality+1","FollowUp+1","DeusExMachina","Perseverance+1","Crescendo+1","SignatureMove+1"],"relics":["PureWater","Mango","Lizard Tail","SacredBark","Prayer Wheel","Red Mask","Lee\u0027s Waffle","Vajra","Whetstone","Calling Bell","MealTicket","Letter Opener","FossilizedHelix","Unceasing Top","Molten Egg 2","Bag of Preparation","Calipers"],"acts_visited":["Exordium","TheCity","TheBeyond"],"potions_floor_usage":[],"damage_taken":[{"damage":0.0,"enemies":"2 Louse","floor":1.0,"turns":6.0},{"damage":0.0,"enemies":"Small Slimes","floor":2.0,"turns":2.0},{"damage":5.0,"enemies":"Jaw Worm","floor":5.0,"turns":4.0},{"damage":12.0,"enemies":"Gremlin Nob","floor":6.0,"turns":4.0},{"damage":10.0,"enemies":"3 Louse","floor":8.0,"turns":4.0},{"damage":0.0,"enemies":"2 Fungi Beasts","floor":10.0,"turns":2.0},{"damage":3.0,"enemies":"Exordium Wildlife","floor":12.0,"turns":3.0},{"damage":4.0,"enemies":"Large Slime","floor":14.0,"turns":3.0},{"damage":28.0,"enemies":"The Guardian","floor":16.0,"turns":11.0},{"damage":5.0,"enemies":"Chosen","floor":18.0,"turns":4.0},{"damage":8.0,"enemies":"Spheric Guardian","floor":19.0,"turns":5.0},{"damage":40.0,"enemies":"Shelled Parasite and Fungi","floor":21.0,"turns":9.0},{"damage":25.0,"enemies":"Masked Bandits","floor":23.0,"turns":6.0},{"damage":24.0,"enemies":"Snecko","floor":27.0,"turns":5.0},{"damage":77.0,"enemies":"Book of Stabbing","floor":28.0,"turns":7.0},{"damage":24.0,"enemies":"3 Cultists","floor":29.0,"turns":5.0},{"damage":40.0,"enemies":"Champ","floor":33.0,"turns":14.0},{"damage":0.0,"enemies":"Orb Walker","floor":35.0,"turns":3.0},{"damage":19.0,"enemies":"3 Darklings","floor":37.0,"turns":4.0},{"damage":36.0,"enemies":"Mind Bloom Boss Battle","floor":38.0,"turns":8.0},{"damage":77.0,"enemies":"Giant Head","floor":40.0,"turns":10.0},{"damage":40.0,"enemies":"2 Orb Walkers","floor":44.0,"turns":4.0},{"damage":27.0,"enemies":"4 Shapes","floor":46.0,"turns":9.0},{"damage":17.0,"enemies":"Transient","floor":47.0,"turns":5.0},{"damage":94,"enemies":"Awakened One","floor":50,"turns":8}],"seed_played":"8578059191343250279","potions_obtained":[{"floor":1.0,"key":"Weak Potion"},{"floor":6.0,"key":"Dexterity Potion"},{"floor":10.0,"key":"FairyPotion"},{"floor":14.0,"key":"Swift Potion"},{"floor":28.0,"key":"hexamod:EctoCoolerPotion"},{"floor":29.0,"key":"Strength Potion"},{"floor":33.0,"key":"Fire Potion"},{"floor":40.0,"key":"BottledMiracle"},{"floor":44.0,"key":"AttackPotion"},{"floor":47.0,"key":"LiquidBronze"}],"is_trial":false,"path_per_floor":["M","M","?","$","M","E","R","M","T","M","?","M","R","M","R","B",null,"M","M","?","M","?","?","?","$","T","M","E","M","R","$","R","B",null,"M","?","M","?","$","E","R","$","T","?","R","M","M","?","R","B"],"character_chosen":"WATCHER","items_purchased":["FlyingSleeves","Lee\u0027s Waffle","Regen Potion","Wireheading","InnerPeace"],"campfire_rested":6,"item_purchase_floors":[4,25,25,31,31],"current_hp_per_floor":[72,72,72,72,67,69,69,59,59,59,59,56,56,52,77,49,86,81,73,73,33,33,8,8,93,93,69,55,31,58,58,85,45,93,93,93,74,38,53,30,57,72,72,32,59,32,15,15,42,0,0],"gold":380,"neow_bonus":"THREE_RARE_CARDS","is_daily":false,"chose_seed":false,"campfire_upgraded":1,"win_rate":0.0,"timestamp":1610031541,"path_taken":["M","M","?","$","M","E","R","M","T","M","?","M","R","M","R","BOSS","M","M","?","M","?","?","?","$","T","M","E","M","R","$","R","BOSS","M","?","M","?","?","E","R","$","T","?","R","M","M","?","R","BOSS"],"items_purchased_type":["Card","Relic","Potion","Card","Card"],"build_version":"2020-12-22","purchased_purges":4,"victory":false,"max_hp_per_floor":[72,72,72,72,72,86,86,86,86,86,86,86,86,86,86,86,86,86,86,86,86,86,86,86,93,93,93,93,93,93,93,93,93,93,93,93,93,93,93,93,93,93,93,93,93,93,93,93,93,93,93],"card_choices":[{"not_picked":["ConjureBlade","Blasphemy"],"picked":"Wish","floor":0.0},{"not_picked":["Indignation","BowlingBash"],"picked":"Wallop","floor":1.0},{"not_picked":["EmptyBody","Nirvana"],"picked":"BattleHymn","floor":2.0},{"not_picked":["FlurryOfBlows","CrushJoints"],"picked":"EmptyBody","floor":5.0},{"not_picked":["Protect","EmptyMind"],"picked":"ThirdEye","floor":6.0},{"not_picked":["Consecrate","WaveOfTheHand"],"picked":"FollowUp","floor":8.0},{"not_picked":["Nirvana","ThirdEye"],"picked":"Collect","floor":10.0},{"not_picked":["EmptyMind","FlyingSleeves"],"picked":"Crescendo","floor":12.0},{"not_picked":["Adaptation","Nirvana"],"picked":"LessonLearned","floor":14.0},{"not_picked":["SpiritShield","Alpha"],"picked":"Omniscience","floor":16.0},{"not_picked":["ClearTheMind","BattleHymn"],"picked":"FollowUp","floor":18.0},{"not_picked":["EmptyFist+1","ClearTheMind"],"picked":"Halt+1","floor":19.0},{"not_picked":["FlyingSleeves","TalkToTheHand"],"picked":"ClearTheMind","floor":21.0},{"not_picked":["TalkToTheHand+1","Omniscience"],"picked":"Study","floor":27.0},{"not_picked":["Protect","BowlingBash"],"picked":"JustLucky","floor":27.0},{"not_picked":["CarveReality+1","BowlingBash"],"picked":"Fasting2","floor":28.0},{"not_picked":["JustLucky","ClearTheMind"],"picked":"Prostrate+1","floor":29.0},{"not_picked":["SandsOfTime+1","Evaluate"],"picked":"MentalFortress+1","floor":29.0},{"not_picked":["DeusExMachina","Ragnarok"],"picked":"Establishment","floor":33.0},{"not_picked":["Swivel+1","Sanctity+1"],"picked":"Prostrate+1","floor":35.0},{"not_picked":["BowlingBash+1","JustLucky+1"],"picked":"ForeignInfluence+1","floor":35.0},{"not_picked":["SashWhip+1","CrushJoints"],"picked":"ClearTheMind+1","floor":37.0},{"not_picked":["Consecrate","Wireheading+1"],"picked":"Evaluate+1","floor":37.0},{"not_picked":["FlyingSleeves","EmptyFist+1"],"picked":"Worship","floor":38.0},{"not_picked":["EmptyBody+1","Collect+1"],"picked":"CarveReality+1","floor":40.0},{"not_picked":["FlyingSleeves+1","FlurryOfBlows+1"],"picked":"FollowUp+1","floor":44.0},{"not_picked":["BowlingBash+1","JustLucky+1"],"picked":"DeusExMachina","floor":46.0},{"not_picked":["JustLucky+1","Weave+1"],"picked":"Perseverance+1","floor":46.0},{"not_picked":["Halt","EmptyBody"],"picked":"Crescendo+1","floor":47.0},{"not_picked":["Wallop+1","CarveReality+1"],"picked":"SignatureMove+1","floor":47.0}],"player_experience":110247,"relics_obtained":[{"floor":6.0,"key":"Mango"},{"floor":23.0,"key":"Red Mask"},{"floor":26.0,"key":"Vajra"},{"floor":28.0,"key":"Whetstone"},{"floor":34.0,"key":"MealTicket"},{"floor":34.0,"key":"Letter Opener"},{"floor":34.0,"key":"FossilizedHelix"},{"floor":38.0,"key":"Unceasing Top"},{"floor":40.0,"key":"Molten Egg 2"},{"floor":43.0,"key":"Bag of Preparation"},{"floor":44.0,"key":"Calipers"}],"event_choices":[{"damage_healed":0.0,"max_hp_gain":0.0,"max_hp_loss":0.0,"gold_gain":175.0,"event_name":"Liars Game","player_choice":"AGREE","floor":3.0,"gold_loss":0.0,"damage_taken":0.0,"cards_obtained":["Doubt"]},{"damage_healed":0.0,"max_hp_gain":0.0,"max_hp_loss":0.0,"gold_gain":0.0,"event_name":"Big Fish","player_choice":"Box","floor":11.0,"gold_loss":0.0,"damage_taken":0.0,"relics_obtained":["Lizard Tail"],"cards_obtained":["Regret"]},{"damage_healed":0.0,"max_hp_gain":0.0,"max_hp_loss":0.0,"gold_gain":0.0,"event_name":"Ghosts","player_choice":"Ignored","floor":20.0,"gold_loss":0.0,"damage_taken":0.0},{"damage_healed":0.0,"max_hp_gain":0.0,"max_hp_loss":0.0,"gold_gain":0.0,"event_name":"The Mausoleum","player_choice":"Opened","floor":22.0,"gold_loss":0.0,"damage_taken":0.0,"relics_obtained":["Prayer Wheel"],"cards_obtained":["Writhe"]},{"damage_healed":0.0,"max_hp_gain":0.0,"max_hp_loss":0.0,"gold_gain":0.0,"event_name":"Masked Bandits","player_choice":"Fought Bandits","floor":23.0,"gold_loss":0.0,"damage_taken":0.0},{"damage_healed":0.0,"max_hp_gain":0.0,"max_hp_loss":0.0,"gold_gain":0.0,"event_name":"Forgotten Altar","player_choice":"Smashed Altar","floor":24.0,"gold_loss":0.0,"damage_taken":0.0,"cards_obtained":["Decay"]},{"damage_healed":0.0,"max_hp_gain":0.0,"max_hp_loss":0.0,"gold_gain":0.0,"event_name":"OrinTheCat","player_choice":"Ignored","floor":36.0,"gold_loss":0.0,"damage_taken":0.0},{"damage_healed":0.0,"max_hp_gain":0.0,"max_hp_loss":0.0,"gold_gain":0.0,"event_name":"MindBloom","player_choice":"Fight","floor":38.0,"gold_loss":0.0,"damage_taken":0.0},{"damage_healed":0.0,"max_hp_gain":0.0,"max_hp_loss":0.0,"gold_gain":0.0,"event_name":"Mysterious Sphere","player_choice":"Fight","floor":44.0,"gold_loss":0.0,"damage_taken":0.0},{"damage_healed":0.0,"max_hp_gain":0.0,"max_hp_loss":0.0,"gold_gain":222.0,"event_name":"Tomb of Lord Red Mask","player_choice":"Wore Mask","floor":48.0,"gold_loss":0.0,"damage_taken":0.0}],"is_beta":false,"boss_relics":[{"not_picked":["Cursed Key","Coffee Dripper"],"picked":"SacredBark"},{"not_picked":["Fusion Hammer","HolyWater"],"picked":"Calling Bell"}],"items_purged_floors":[4,25,31,39],"is_endless":false,"potions_floor_spawned":[1,6,10,14,18,28,29,33,35,40,44,47],"killed_by":"Awakened One","ascension_level":0}}