{"host":"g01l53quoe6lrer0","time":1610016569,"event":{"mods":["2.2 Compatiblity","AchievementEnabler","BaseMod","Colored Map","Highlight Path","Keyboard Shortcuts","Minty Spire (QoL Compilation)","Permanent Neow","StSLib","SuperFastMode","everything is the same but u backflip on backflip"],"gold_per_floor":[117,72,147,159,159,194,212,212,212,160,172,192,206,240,240,345,345,363,380,52,52,63,63,89,14,14,32,32,47,75,107,119,226,238,269,183,183,198,218,218,218,246,246,264,284,21,21,39,39,39],"floor_reached":51,"playtime":1350,"items_purged":["Apotheosis+1"],"score":856,"play_id":"5de4480f-9d61-4c30-a59f-4a6395f4e099","local_time":"20210107194929","is_ascension_mode":false,"campfire_choices":[{"data":"Perfected Strike","floor":8.0,"key":"SMITH"},{"data":"Perfected Strike","floor":15,"key":"SMITH"},{"data":"Apotheosis","floor":23,"key":"SMITH"},{"data":"Bash","floor":28,"key":"SMITH"},{"floor":32,"key":"REST"},{"floor":49,"key":"REST"}],"circlet_count":0,"master_deck":["Strike_R","Strike_R","Strike_R","Strike_R","Defend_R","Defend_R","Defend_R","Defend_R","Bash+1","Perfected Strike+1","Perfected Strike+1","Twin Strike","Pommel Strike","Headbutt","Pommel Strike","Warcry","Wild Strike","Perfected Strike+1","Flex","Sword Boomerang","Twin Strike","Shrug It Off","Havoc+1","Pommel Strike","Headbutt","Pommel Strike","Pommel Strike","Headbutt+1","Warcry+1","Perfected Strike+1","Wild Strike"],"relics":["Burning Blood","NeowsBlessing","White Beast Statue","Bag of Marbles","MealTicket","Black Star","ClockworkSouvenir","MutagenicStrength","Orichalcum","Kunai","Calipers","Dream Catcher","MawBank","SacredBark","Strawberry","Vajra","The Courier","DollysMirror"],"acts_visited":["Exordium","TheCity","TheBeyond"],"potions_floor_usage":[16,16,18,24,24,38,39,42,42,45,50,50,50,50,50,50,50],"damage_taken":[{"damage":0.0,"enemies":"Jaw Worm","floor":1.0,"turns":1.0},{"damage":0.0,"enemies":"Cultist","floor":4.0,"turns":1.0},{"damage":0.0,"enemies":"Lagavulin","floor":6.0,"turns":1.0},{"damage":2.0,"enemies":"Small Slimes","floor":7.0,"turns":3.0},{"damage":5.0,"enemies":"3 Louse","floor":11.0,"turns":3.0},{"damage":0.0,"enemies":"2 Fungi Beasts","floor":12.0,"turns":2.0},{"damage":16.0,"enemies":"Exordium Thugs","floor":13.0,"turns":3.0},{"damage":9,"enemies":"3 Sentries","floor":14,"turns":4},{"damage":48,"enemies":"Hexaghost","floor":16,"turns":5},{"damage":10,"enemies":"Shell Parasite","floor":18,"turns":3},{"damage":0,"enemies":"Spheric Guardian","floor":19,"turns":2},{"damage":0,"enemies":"Snecko","floor":22,"turns":2},{"damage":28,"enemies":"Slavers","floor":24,"turns":4},{"damage":0,"enemies":"Shelled Parasite and Fungi","floor":27,"turns":2},{"damage":4,"enemies":"Chosen and Byrds","floor":29,"turns":3},{"damage":11,"enemies":"Gremlin Leader","floor":30,"turns":4},{"damage":14,"enemies":"Centurion and Healer","floor":31,"turns":3},{"damage":62,"enemies":"Automaton","floor":33,"turns":8},{"damage":1,"enemies":"3 Shapes","floor":35,"turns":3},{"damage":6,"enemies":"3 Darklings","floor":38,"turns":6},{"damage":9,"enemies":"4 Shapes","floor":39,"turns":3},{"damage":62,"enemies":"Giant Head","floor":42,"turns":8},{"damage":4,"enemies":"Sphere and 2 Shapes","floor":44,"turns":3},{"damage":2,"enemies":"Writhing Mass","floor":45,"turns":2},{"damage":10,"enemies":"Maw","floor":48,"turns":5},{"damage":58,"enemies":"Donu and Deca","floor":50,"turns":6}],"seed_played":"-1144925085510773765","potions_obtained":[{"floor":4.0,"key":"Fire Potion"},{"floor":7.0,"key":"DistilledChaos"},{"floor":11.0,"key":"AttackPotion"},{"floor":16,"key":"Explosive Potion"},{"floor":18,"key":"ColorlessPotion"},{"floor":19,"key":"DistilledChaos"},{"floor":24,"key":"Fruit Juice"},{"floor":27,"key":"PowerPotion"},{"floor":30,"key":"EssenceOfSteel"},{"floor":33,"key":"SkillPotion"},{"floor":35,"key":"Explosive Potion"},{"floor":38,"key":"HeartOfIron"},{"floor":39,"key":"Dexterity Potion"},{"floor":42,"key":"AttackPotion"},{"floor":44,"key":"EntropicBrew"},{"floor":45,"key":"FearPotion"}],"is_trial":false,"path_per_floor":["M","$","?","M","?","E","M","R","T","$","M","M","M","E","R","B",null,"M","M","$","?","M","R","E","?","T","M","R","M","E","M","R","B",null,"M","$","?","M","M","?","?","E","T","M","M","$","?","M","R","B",null],"character_chosen":"IRONCLAD","items_purchased":["Perfected Strike","Headbutt","Apotheosis","ClockworkSouvenir","Headbutt","Fire Potion","DollysMirror","EntropicBrew"],"campfire_rested":2,"item_purchase_floors":[2,10,20,20,36,36,46,46],"current_hp_per_floor":[80,80,72,78,83,85,85,85,85,85,85,85,75,72,72,30,85,81,85,85,85,85,85,68,68,68,74,74,76,71,63,90,34,90,90,90,90,90,87,85,85,36,36,38,42,57,57,53,80,28],"gold":39,"neow_bonus":"THREE_ENEMY_KILL","is_daily":false,"chose_seed":false,"campfire_upgraded":4,"win_rate":0.0,"timestamp":1610016569,"path_taken":["M","$","?","?","?","E","M","R","T","$","M","M","M","E","R","BOSS","M","M","$","?","M","R","E","?","T","M","R","M","E","M","R","BOSS","M","$","?","M","M","?","?","E","T","M","M","$","?","M","R","BOSS"],"items_purchased_type":["Card","Card","Card","Relic","Card","Potion","Relic","Potion"],"build_version":"2020-12-22","purchased_purges":1,"victory":true,"max_hp_per_floor":[80,80,80,80,85,85,85,85,85,85,85,85,85,85,85,85,85,85,85,85,85,85,85,90,90,90,90,90,90,90,90,90,90,90,90,90,90,90,90,85,85,92,92,92,92,92,92,92,92,92],"card_choices":[{"not_picked":["Iron Wave","Flex"],"picked":"Perfected Strike","floor":1.0},{"not_picked":["Heavy Blade","Rupture"],"picked":"Twin Strike","floor":4.0},{"not_picked":["Feel No Pain","Armaments"],"picked":"Pommel Strike","floor":6.0},{"not_picked":["Body Slam","Burning Pact","True Grit"],"picked":"SKIP","floor":7.0},{"not_picked":["Thunderclap","Searing Blow","Shockwave"],"picked":"SKIP","floor":11.0},{"not_picked":["Havoc","Sentinel","Iron Wave"],"picked":"SKIP","floor":12.0},{"not_picked":["Warcry","Sword Boomerang"],"picked":"Pommel Strike","floor":13.0},{"not_picked":["True Grit","Immolate"],"picked":"Warcry","floor":14},{"not_picked":["Clash","Shockwave"],"picked":"Wild Strike","floor":18},{"not_picked":["Clash","Armaments"],"picked":"Perfected Strike+1","floor":19},{"not_picked":["Cleave","Metallicize"],"picked":"Flex","floor":22},{"not_picked":["Iron Wave","Inflame"],"picked":"Sword Boomerang","floor":24},{"not_picked":["Disarm","Flex"],"picked":"Twin Strike","floor":27},{"not_picked":["Limit Break","Infernal Blade","Iron Wave+1"],"picked":"SKIP","floor":29},{"not_picked":["Reckless Charge","Infernal Blade"],"picked":"Shrug It Off","floor":30},{"not_picked":["Inflame","Body Slam"],"picked":"Shrug It Off+1","floor":31},{"not_picked":["Burning Pact","Shrug It Off+1"],"picked":"Havoc+1","floor":32},{"not_picked":["Flex+1","Wild Strike+1"],"picked":"Pommel Strike","floor":35},{"not_picked":["Anger+1","Shrug It Off+1"],"picked":"Pommel Strike","floor":38},{"not_picked":["Bludgeon","Rage","Cleave"],"picked":"SKIP","floor":39},{"not_picked":["Bludgeon","Rage","Cleave"],"picked":"SKIP","floor":39},{"not_picked":["Carnage+1","Disarm+1"],"picked":"Pommel Strike","floor":42},{"not_picked":["Rampage+1","Sword Boomerang"],"picked":"Headbutt+1","floor":44},{"not_picked":["Seeing Red+1","Sword Boomerang"],"picked":"Warcry+1","floor":45},{"not_picked":["Infernal Blade+1","Iron Wave"],"picked":"Wild Strike","floor":48}],"player_experience":54413,"relics_obtained":[{"floor":6.0,"key":"White Beast Statue"},{"floor":9.0,"key":"Bag of Marbles"},{"floor":14,"key":"MealTicket"},{"floor":24,"key":"Orichalcum"},{"floor":24,"key":"Kunai"},{"floor":26,"key":"Calipers"},{"floor":30,"key":"Dream Catcher"},{"floor":30,"key":"MawBank"},{"floor":42,"key":"Strawberry"},{"floor":42,"key":"Vajra"},{"floor":43,"key":"The Courier"}],"event_choices":[{"damage_healed":0.0,"max_hp_gain":0.0,"max_hp_loss":0.0,"gold_gain":75.0,"event_name":"FaceTrader","player_choice":"Touch","floor":3.0,"gold_loss":0.0,"damage_taken":8.0},{"damage_healed":0.0,"max_hp_gain":5.0,"max_hp_loss":0.0,"gold_gain":0.0,"event_name":"Big Fish","player_choice":"Donut","floor":5.0,"gold_loss":0.0,"damage_taken":0.0},{"damage_healed":0,"gold_gain":0,"player_choice":"Inject Mutagens","damage_taken":0,"relics_obtained":["MutagenicStrength"],"max_hp_gain":0,"max_hp_loss":0,"event_name":"Drug Dealer","floor":21,"gold_loss":0},{"cards_removed":["Strike_R"],"damage_healed":0,"gold_gain":0,"player_choice":"Gave Gold","damage_taken":0,"max_hp_gain":0,"max_hp_loss":0,"event_name":"Beggar","floor":25,"gold_loss":75},{"cards_removed":["Shrug It Off"],"damage_healed":0,"gold_gain":0,"player_choice":"Removed Skill","damage_taken":0,"max_hp_gain":0,"max_hp_loss":0,"event_name":"Falling","floor":37,"gold_loss":0},{"damage_healed":0,"gold_gain":0,"player_choice":"Max HP","damage_taken":0,"max_hp_gain":0,"max_hp_loss":5,"event_name":"Winding Halls","floor":40,"gold_loss":0},{"damage_healed":0,"gold_gain":0,"player_choice":"Memory 1","damage_taken":0,"max_hp_gain":0,"max_hp_loss":0,"event_name":"SensoryStone","floor":41,"gold_loss":0},{"damage_healed":0,"gold_gain":0,"player_choice":"0 cards matched","damage_taken":0,"max_hp_gain":0,"max_hp_loss":0,"event_name":"Match and Keep!","floor":47,"gold_loss":0,"cards_obtained":[]}],"is_beta":false,"boss_relics":[{"not_picked":["Empty Cage","Pandora\u0027s Box"],"picked":"Black Star"},{"not_picked":["Sozu","Busted Crown"],"picked":"SacredBark"}],"items_purged_floors":[46],"is_endless":false,"potions_floor_spawned":[4,7,11,12,13,14,16,18,19,22,24,27,29,30,31,33,35,38,39,42,44,45,48],"ascension_level":0}}