{"host":"4hhgf71pxvqwkagf","time":1610025368,"event":{"mods":["2.2 Compatiblity","AchievementEnabler","BaseMod","Minty Spire (QoL Compilation)","Permanent Neow","Quick Restart","StSLib","SuperFastMode","The Bug Knight","everything is the same but u backflip on backflip"],"gold_per_floor":[117,129,144,158,17,17,52,52,52,127,127,139,165,184,184,288,288,304,304,214,230,85,85,118,118,118,118,134,144,156,189,189,189,189],"floor_reached":33,"playtime":1052,"items_purged":["Strike_R"],"score":429,"play_id":"0bf79c20-f368-405f-aba0-e10f500bdc6a","local_time":"20210107221608","is_ascension_mode":true,"campfire_choices":[{"data":"Armaments","floor":6,"key":"SMITH"},{"data":"Searing Blow","floor":8,"key":"SMITH"},{"data":"Searing Blow+1","floor":11,"key":"SMITH"},{"data":"True Grit","floor":15,"key":"SMITH"},{"data":"Searing Blow+2","floor":23,"key":"SMITH"},{"data":"Fire Breathing","floor":25,"key":"SMITH"},{"data":"Searing Blow+3","floor":32,"key":"SMITH"}],"circlet_count":0,"master_deck":["AscendersBane","Strike_R","Strike_R","Strike_R","Defend_R","Defend_R","Defend_R","Defend_R","Bash","Offering","Pommel Strike","Shrug It Off","Armaments+1","Searing Blow+4","Rage","Headbutt+1","True Grit+1","Immolate","Fire Breathing+1","Impervious"],"relics":["Burning Blood","Regal Pillow","Mercury Hourglass","Pantograph","Coffee Dripper","CaptainsWheel","Meat on the Bone","Red Mask"],"acts_visited":["Exordium","TheCity"],"potions_floor_usage":[4,7,16,31,33],"damage_taken":[{"damage":5,"enemies":"Small Slimes","floor":1,"turns":4},{"damage":9,"enemies":"Jaw Worm","floor":2,"turns":4},{"damage":6,"enemies":"Cultist","floor":3,"turns":2},{"damage":12,"enemies":"Looter","floor":4,"turns":4},{"damage":10,"enemies":"Gremlin Nob","floor":7,"turns":3},{"damage":1,"enemies":"Lots of Slimes","floor":12,"turns":4},{"damage":25,"enemies":"HollowMod:MossKnight","floor":13,"turns":5},{"damage":12,"enemies":"3 Louse","floor":14,"turns":4},{"damage":34,"enemies":"Hexaghost","floor":16,"turns":9},{"damage":11,"enemies":"3 Byrds","floor":18,"turns":4},{"damage":12,"enemies":"Spheric Guardian","floor":21,"turns":3},{"damage":24,"enemies":"HollowMod:Nosk","floor":24,"turns":6},{"damage":7,"enemies":"Centurion and Healer","floor":28,"turns":3},{"damage":6,"enemies":"Cultist and Chosen","floor":29,"turns":4},{"damage":20,"enemies":"Snake Plant","floor":30,"turns":4},{"damage":6,"enemies":"Masked Bandits","floor":31,"turns":2},{"damage":74,"enemies":"Champ","floor":33,"turns":9}],"seed_played":"-8905761204822956917","potions_obtained":[{"floor":3,"key":"EntropicBrew"},{"floor":7,"key":"GamblersBrew"},{"floor":13,"key":"LiquidMemories"},{"floor":29,"key":"Ancient Potion"}],"is_trial":false,"path_per_floor":["M","M","M","M","$","R","E","R","T","?","R","M","E","M","R","B",null,"M","?","?","M","$","R","E","R","T","?","M","M","M","?","R","B"],"character_chosen":"IRONCLAD","items_purchased":["Searing Blow","Rage","Fire Breathing"],"campfire_rested":0,"item_purchase_floors":[5,5,22],"current_hp_per_floor":[73,70,70,64,64,64,60,60,60,49,49,54,35,29,29,26,67,62,62,62,56,56,56,38,38,38,38,49,49,47,47,47,0,0],"gold":189,"neow_bonus":"ONE_RANDOM_RARE_CARD","is_daily":false,"chose_seed":false,"campfire_upgraded":7,"win_rate":0.0,"timestamp":1610025368,"path_taken":["M","M","M","M","$","R","E","R","T","?","R","M","E","M","R","BOSS","M","?","?","?","$","R","E","R","T","?","M","?","M","?","R","BOSS"],"items_purchased_type":["Card","Card","Card"],"build_version":"2020-12-22","purchased_purges":1,"victory":false,"max_hp_per_floor":[80,80,80,80,80,80,80,80,80,80,80,80,80,80,80,80,80,80,80,80,80,80,80,80,80,80,80,80,80,80,80,80,80,80],"card_choices":[{"not_picked":["Thunderclap","Heavy Blade"],"picked":"Pommel Strike","floor":1},{"not_picked":["Wild Strike","Clash"],"picked":"Shrug It Off","floor":2},{"not_picked":["Headbutt","Clash"],"picked":"Armaments","floor":3},{"not_picked":["Rampage","Armaments","Iron Wave"],"picked":"SKIP","floor":4},{"not_picked":["Body Slam","Carnage"],"picked":"Headbutt","floor":7},{"not_picked":["Warcry","Thunderclap","Havoc"],"picked":"SKIP","floor":12},{"not_picked":["Wild Strike","Rampage"],"picked":"True Grit","floor":13},{"not_picked":["Pummel","Armaments","Iron Wave"],"picked":"SKIP","floor":14},{"not_picked":["Offering","Impervious"],"picked":"Immolate","floor":16},{"not_picked":["Dual Wield","Headbutt","Flex"],"picked":"SKIP","floor":18},{"not_picked":["Bloodletting","Anger","Wild Strike"],"picked":"SKIP","floor":21},{"not_picked":["Warcry","Havoc","Cleave+1"],"picked":"SKIP","floor":24},{"not_picked":["Dual Wield","Sever Soul+1","Anger"],"picked":"SKIP","floor":28},{"not_picked":["Wild Strike+1","Clothesline"],"picked":"Impervious","floor":29},{"not_picked":["Anger","Thunderclap","Headbutt"],"picked":"SKIP","floor":30}],"player_experience":382067,"relics_obtained":[{"floor":7,"key":"Regal Pillow"},{"floor":9,"key":"Mercury Hourglass"},{"floor":13,"key":"Pantograph"},{"floor":24,"key":"CaptainsWheel"},{"floor":26,"key":"Meat on the Bone"},{"floor":31,"key":"Red Mask"}],"event_choices":[{"damage_healed":0,"gold_gain":75,"player_choice":"Gather Gold","damage_taken":11,"max_hp_gain":0,"max_hp_loss":0,"event_name":"World of Goop","floor":10,"gold_loss":0},{"damage_healed":0,"gold_gain":0,"player_choice":"Ignored","damage_taken":0,"max_hp_gain":0,"max_hp_loss":0,"event_name":"Vampires","floor":19,"gold_loss":0},{"cards_removed":["Strike_R"],"damage_healed":0,"gold_gain":0,"player_choice":"Upgrade and Remove","damage_taken":0,"max_hp_gain":0,"max_hp_loss":0,"event_name":"Designer","floor":20,"gold_loss":90,"cards_upgraded":["Headbutt"]},{"damage_healed":0,"gold_gain":0,"player_choice":"0 cards matched","damage_taken":0,"max_hp_gain":0,"max_hp_loss":0,"event_name":"Match and Keep!","floor":27,"gold_loss":0,"cards_obtained":[]},{"damage_healed":0,"gold_gain":0,"player_choice":"Fought Bandits","damage_taken":0,"max_hp_gain":0,"max_hp_loss":0,"event_name":"Masked Bandits","floor":31,"gold_loss":0}],"is_beta":false,"boss_relics":[{"not_picked":["Snecko Eye","SlaversCollar"],"picked":"Coffee Dripper"}],"items_purged_floors":[22],"is_endless":false,"potions_floor_spawned":[3,7,13,14,29],"killed_by":"Champ","ascension_level":11}}