{"host":"hzinic87vu8p95wn","time":1610026321,"event":{"mods":["BaseMod","Minty Spire (QoL Compilation)"],"gold_per_floor":[10,10,10,30,47,47,57,92,92,92,102,102,48,64,64,138,138,151,34,84,101,113,113,113,113,113],"floor_reached":25,"playtime":824,"items_purged":["Strike_B"],"score":386,"play_id":"ddb25015-80f3-408b-8f28-3996ff9e0ebe","local_time":"20210108003201","is_ascension_mode":true,"campfire_choices":[{"data":"Zap","floor":6.0,"key":"SMITH"},{"floor":12.0,"key":"REST"},{"floor":15.0,"key":"REST"},{"floor":23,"key":"REST"},{"floor":24,"key":"REST"}],"circlet_count":0,"master_deck":["AscendersBane","Strike_B","Strike_B","Strike_B","Defend_B","Defend_B","Defend_B","Defend_B","Zap+1","Dualcast","Streamline+1","Seek","Capacitor","Ball Lightning","Go for the Eyes","Loop","Sweeping Beam","Rebound","Amplify","Self Repair","Conserve Battery"],"relics":["Cracked Core","WingedGreaves","Bag of Preparation","Toy Ornithopter","White Beast Statue","Busted Crown"],"acts_visited":["Exordium","TheCity"],"potions_floor_usage":[22,25],"damage_taken":[{"damage":6.0,"enemies":"Cultist","floor":1.0,"turns":3.0},{"damage":3.0,"enemies":"2 Louse","floor":4.0,"turns":3.0},{"damage":5.0,"enemies":"Jaw Worm","floor":5.0,"turns":3.0},{"damage":0.0,"enemies":"Large Slime","floor":7.0,"turns":4.0},{"damage":15.0,"enemies":"Lagavulin","floor":8.0,"turns":4.0},{"damage":0.0,"enemies":"Red Slaver","floor":11.0,"turns":2.0},{"damage":1.0,"enemies":"2 Fungi Beasts","floor":14.0,"turns":3.0},{"damage":39.0,"enemies":"Hexaghost","floor":16.0,"turns":8.0},{"damage":20.0,"enemies":"2 Thieves","floor":18.0,"turns":3.0},{"damage":15.0,"enemies":"Chosen","floor":21.0,"turns":4.0},{"damage":54,"enemies":"Sentry and Sphere","floor":22,"turns":6},{"damage":52,"enemies":"Slavers","floor":25,"turns":3}],"seed_played":"751395030707480914","potions_obtained":[{"floor":4.0,"key":"LiquidMemories"},{"floor":7.0,"key":"EntropicBrew"},{"floor":11.0,"key":"CultistPotion"},{"floor":16.0,"key":"SteroidPotion"},{"floor":18.0,"key":"Regen Potion"},{"floor":21.0,"key":"Dexterity Potion"},{"floor":22,"key":"LiquidBronze"}],"is_trial":false,"path_per_floor":["M","?","?","M","M","R","M","E","T","?","M","R","?","M","R","B",null,"M","$","?","M","M","R","R","E"],"character_chosen":"DEFECT","items_purchased":["Self Repair"],"campfire_rested":4,"item_purchase_floors":[19],"current_hp_per_floor":[58,58,58,55,50,50,50,35,35,17,22,43,43,42,63,29,61,46,46,39,53,11,32,53,6,6],"gold":113,"neow_bonus":"ONE_RARE_RELIC","is_daily":false,"chose_seed":false,"campfire_upgraded":1,"win_rate":0.0,"timestamp":1610026321,"path_taken":["M","?","?","M","?","R","M","E","T","?","M","R","?","M","R","BOSS","M","$","?","?","M","R","R","E"],"items_purchased_type":["Card"],"build_version":"2020-12-22","purchased_purges":1,"victory":false,"max_hp_per_floor":[71,71,71,71,71,71,71,71,71,71,71,71,71,71,71,71,71,71,71,71,71,71,71,71,71,71],"card_choices":[{"not_picked":["Redo","Gash"],"picked":"Streamline","floor":1.0},{"not_picked":["Streamline","Beam Cell"],"picked":"Go for the Eyes","floor":4.0},{"not_picked":["BootSequence","Go for the Eyes","Leap"],"picked":"SKIP","floor":5.0},{"not_picked":["Darkness","Barrage"],"picked":"Loop","floor":7.0},{"not_picked":["Darkness","BootSequence","Leap"],"picked":"SKIP","floor":8.0},{"not_picked":["Redo","Turbo"],"picked":"Sweeping Beam","floor":11.0},{"not_picked":["Tempest","Sweeping Beam"],"picked":"Rebound","floor":14.0},{"not_picked":["Fission","Seek"],"picked":"Amplify","floor":16.0},{"not_picked":["Doom and Gloom"],"picked":"SKIP","floor":18.0},{"not_picked":["Leap"],"picked":"SKIP","floor":21.0},{"not_picked":[],"picked":"Conserve Battery","floor":22}],"player_experience":1554428,"relics_obtained":[{"floor":8.0,"key":"Bag of Preparation"},{"floor":9.0,"key":"Toy Ornithopter"}],"event_choices":[{"damage_healed":0.0,"max_hp_gain":0.0,"max_hp_loss":0.0,"gold_gain":0.0,"event_name":"Living Wall","player_choice":"Grow","floor":2.0,"gold_loss":0.0,"damage_taken":0.0,"cards_upgraded":["Streamline"]},{"damage_healed":0.0,"max_hp_gain":0.0,"max_hp_loss":0.0,"gold_gain":0.0,"event_name":"Match and Keep!","player_choice":"3 cards matched","floor":3.0,"gold_loss":0.0,"damage_taken":0.0,"cards_obtained":["Seek","Capacitor","Ball Lightning"]},{"damage_healed":0.0,"max_hp_gain":0.0,"max_hp_loss":0.0,"gold_gain":0.0,"event_name":"Scrap Ooze","player_choice":"Success","floor":10.0,"gold_loss":0.0,"damage_taken":18.0,"relics_obtained":["White Beast Statue"]},{"damage_healed":0.0,"max_hp_gain":0.0,"max_hp_loss":0.0,"gold_gain":0.0,"event_name":"World of Goop","player_choice":"Left Gold","floor":13.0,"gold_loss":54.0,"damage_taken":0.0},{"damage_healed":0.0,"max_hp_gain":0.0,"max_hp_loss":0.0,"gold_gain":50.0,"event_name":"FaceTrader","player_choice":"Touch","floor":20.0,"gold_loss":0.0,"damage_taken":7.0}],"is_beta":false,"boss_relics":[{"not_picked":["Ectoplasm","Philosopher\u0027s Stone"],"picked":"Busted Crown"}],"items_purged_floors":[19],"is_endless":false,"potions_floor_spawned":[4,7,8,11,14,16,18,21,22],"killed_by":"Slavers","ascension_level":18}}