{"host":"dggv68wkny48rw0j","time":1610032105,"event":{"mods":["AchievementEnabler","BaseMod","Better Altar","Better Match","Better Note","Better Sensory Stone","Better Skull","Better Third Choice","Colored Map","Colored Powertips","Downfall","Highlight Path","Minty Spire (QoL Compilation)","Practice Mode","Rare Cards Sparkle","Relic Sorter","Replay The Spire","StSLib"],"gold_per_floor":[111,122,122,141,14,14,32,48,48,61,74,172,184,231,243,383,495,526,554,580,592,604,616,652,664,695,707,719,746,783,755,349,389,502,623,623,638,701,760,760,760],"floor_reached":40,"playtime":3113,"items_purged":[],"score":483,"play_id":"2a12c8d2-37fc-43ca-807b-a38535c8125e","local_time":"20210107160825","is_ascension_mode":false,"campfire_choices":[{"data":"Apotheosis","floor":6.0,"key":"SMITH"},{"floor":13.0,"key":"REST"},{"floor":25.0,"key":"REST"},{"floor":27.0,"key":"REST"}],"circlet_count":0,"master_deck":["Strike_R","Strike_R","Strike_R","Strike_R","Strike_R","Defend_R","Defend_R","Defend_R","Defend_R","Bash","Apotheosis+1","Body Slam","Clothesline","Injury","Anger","Cleave","Metallicize+1","Anger","Dropkick+1","Twin Strike","Twin Strike","Thunderclap","Armaments","Barricade","Pommel Strike+1","Flame Barrier+1","ReplayTheSpireMod:Limb From Limb","Intimidate","Spot Weakness+1","Anger+1","ReplayUltimateDefense","Rupture","Juggernaut+1","Life Link+1","Second Wind+1","Feel No Pain+1"],"relics":["Burning Blood","Golden Idol","MawBank","Thread and Needle","Replay:Wanted Poster","Blood Vial","Iron Hammer","Snack Pack","Golden Egg","Philosopher\u0027s Stone","Peace Pipe","Calipers"],"acts_visited":["Exordium","TheCity","TheBeyond"],"potions_floor_usage":[39,40],"damage_taken":[{"damage":3.0,"enemies":"Small Slimes","floor":1.0,"turns":4.0},{"damage":6.0,"enemies":"Jaw Worm","floor":2.0,"turns":4.0},{"damage":6.0,"enemies":"2 Louse","floor":4.0,"turns":3.0},{"damage":10.0,"enemies":"Blue Slaver","floor":7.0,"turns":4.0},{"damage":1.0,"enemies":"Exordium Wildlife","floor":8.0,"turns":5.0},{"damage":17.0,"enemies":"2 Fungi Beasts","floor":10.0,"turns":4.0},{"damage":11.0,"enemies":"Blue Slaver","floor":11.0,"turns":3.0},{"damage":20.0,"enemies":"3 Sentries","floor":14.0,"turns":7.0},{"damage":15.0,"enemies":"Fading Forest","floor":16.0,"turns":11.0},{"damage":10.0,"enemies":"Shell Parasite","floor":18.0,"turns":7.0},{"damage":0.0,"enemies":"Chosen","floor":19.0,"turns":4.0},{"damage":14.0,"enemies":"Centurion and Healer","floor":20.0,"turns":6.0},{"damage":19.0,"enemies":"Snecko","floor":26.0,"turns":7.0},{"damage":13.0,"enemies":"Snake Plant","floor":29.0,"turns":5.0},{"damage":5.0,"enemies":"3 Cultists","floor":30.0,"turns":4.0},{"damage":0.0,"enemies":"Book of Stabbing","floor":33.0,"turns":5.0},{"damage":19.0,"enemies":"Champ","floor":35.0,"turns":13.0},{"damage":19.0,"enemies":"3 Shapes","floor":37.0,"turns":3.0},{"damage":23,"enemies":"Mind Bloom Boss Battle","floor":38,"turns":6},{"damage":51,"enemies":"2 Orb Walkers","floor":39,"turns":4},{"damage":17,"enemies":"Orb Walker","floor":40,"turns":2}],"seed_played":"7161528225902129656","potions_obtained":[{"floor":4.0,"key":"LiquidMemories"},{"floor":7.0,"key":"Block Potion"},{"floor":8.0,"key":"Explosive Potion"},{"floor":18.0,"key":"Milkshake"},{"floor":39,"key":"Ancient Potion"}],"is_trial":false,"path_per_floor":["M","M","?","M","$","R","M","M","T","M","M","?","R","E","R_BF","B",null,"M","M","M","PTL","PTL","?","T","R","M","R","T","M","M","?","$","E","R_BF","B",null,"M","?","?","M"],"character_chosen":"IRONCLAD","items_purchased":["Cleave","Metallicize","Snack Pack","ReplayUltimateDefense"],"campfire_rested":3,"item_purchase_floors":[5,5,32,32],"current_hp_per_floor":[72,72,72,72,72,72,68,72,72,61,56,38,59,45,66,63,72,68,72,64,64,64,64,64,72,59,72,72,65,68,68,68,72,72,72,72,61,52,11,0,0],"gold":760,"neow_bonus":"RANDOM_COLORLESS_2","is_daily":false,"chose_seed":false,"campfire_upgraded":1,"win_rate":0.0,"timestamp":1610032105,"path_taken":["M","M","?","M","$","R","M","M","T","M","M","?","R","E","R_BF","BOSS","M","M","M","PTL","PTL","?","?","R","M","R","T","M","M","?","?","E","R_BF","BOSS","M","?","?","M"],"items_purchased_type":["Card","Card","Relic","Card"],"build_version":"2020-12-22","purchased_purges":0,"victory":false,"max_hp_per_floor":[72,72,72,72,72,72,72,72,72,72,72,72,72,72,72,72,72,72,72,72,72,72,72,72,72,72,72,72,72,72,72,72,72,72,72,72,72,72,72,72,72],"card_choices":[{"not_picked":["Transmutation","Mayhem"],"picked":"Apotheosis","floor":0.0},{"not_picked":["True Grit","Iron Wave"],"picked":"Body Slam","floor":1.0},{"not_picked":["Inflame","Armaments"],"picked":"Clothesline","floor":2.0},{"not_picked":["Burning Pact","Run Through"],"picked":"Anger","floor":4.0},{"not_picked":["Headbutt","ReplayTheSpireMod:LeadingStrike"],"picked":"Anger","floor":7.0},{"not_picked":["ReplayTheSpireMod:Corrosion Curse","Battle Trance"],"picked":"Dropkick","floor":8.0},{"not_picked":["Fire Breathing","Perfected Strike","Bludgeon"],"picked":"SKIP","floor":10.0},{"not_picked":["ReplayReversal","Uppercut"],"picked":"Twin Strike","floor":11.0},{"not_picked":["ReplayTheSpireMod:Strike From Hell","ReplayTheSpireMod:LeadingStrike"],"picked":"Twin Strike","floor":12.0},{"not_picked":["Dropkick","Sword Boomerang"],"picked":"Thunderclap","floor":12.0},{"not_picked":["Defy Death","Battle Trance"],"picked":"Armaments","floor":14.0},{"not_picked":["Offering","Berserk"],"picked":"Barricade","floor":16.0},{"not_picked":["Dropkick","ReplayTheSpireMod:Strike From Hell"],"picked":"Pommel Strike+1","floor":18.0},{"not_picked":["Pommel Strike+1","Warcry"],"picked":"Flame Barrier","floor":19.0},{"not_picked":["Headbutt","Anger+1"],"picked":"ReplayTheSpireMod:Limb From Limb","floor":20.0},{"not_picked":["Uppercut","Power Through"],"picked":"Intimidate","floor":26.0},{"not_picked":["Anger","ReplayTheSpireMod:Corrosion Curse"],"picked":"Spot Weakness+1","floor":29.0},{"not_picked":["Eclipse","Pommel Strike"],"picked":"Anger+1","floor":30.0},{"not_picked":["Brutality","Armaments"],"picked":"Rupture","floor":33.0},{"not_picked":["Barricade","Bludgeon"],"picked":"Juggernaut","floor":35.0},{"not_picked":["Uppercut","Massacre+1"],"picked":"Life Link+1","floor":37.0},{"not_picked":["Replay:Undeath\u0027s Touch+1","Warcry+1"],"picked":"Second Wind+1","floor":38},{"not_picked":["Second Wind","Clash"],"picked":"Feel No Pain+1","floor":39}],"player_experience":4862,"relics_obtained":[{"floor":12.0,"key":"MawBank"},{"floor":14.0,"key":"Thread and Needle"},{"floor":24.0,"key":"Blood Vial"},{"floor":28.0,"key":"Iron Hammer"},{"floor":33.0,"key":"Golden Egg"},{"floor":38,"key":"Peace Pipe"},{"floor":39,"key":"Calipers"}],"event_choices":[{"damage_healed":0.0,"max_hp_gain":0.0,"max_hp_loss":0.0,"gold_gain":0.0,"event_name":"Golden Idol","player_choice":"Take Wound","floor":3.0,"gold_loss":0.0,"damage_taken":0.0,"relics_obtained":["Golden Idol"],"cards_obtained":["Injury"]},{"damage_healed":0.0,"max_hp_gain":0.0,"max_hp_loss":0.0,"gold_gain":0.0,"event_name":"Upgrade Shrine","player_choice":"Upgraded","floor":23.0,"gold_loss":0.0,"damage_taken":0.0,"cards_upgraded":["Metallicize"]},{"damage_healed":0.0,"max_hp_gain":0.0,"max_hp_loss":0.0,"gold_gain":0.0,"event_name":"Designer","player_choice":"Upgrade","floor":31.0,"gold_loss":40.0,"damage_taken":0.0,"cards_upgraded":["Flame Barrier"]},{"damage_healed":0,"gold_gain":0,"player_choice":"Fight","damage_taken":0,"max_hp_gain":0,"max_hp_loss":0,"event_name":"MindBloom","floor":38,"gold_loss":0},{"damage_healed":0,"gold_gain":0,"player_choice":"Fight","damage_taken":0,"max_hp_gain":0,"max_hp_loss":0,"event_name":"Mysterious Sphere","floor":39,"gold_loss":0}],"is_beta":false,"boss_relics":[{"not_picked":["Runic Pyramid","Ooze Armor"],"picked":"Replay:Wanted Poster"},{"not_picked":["Replay:Ancient Bell","ChewingGum"],"picked":"Philosopher\u0027s Stone"}],"items_purged_floors":[],"is_endless":false,"potions_floor_spawned":[4,7,8,10,18,29,33,37,39],"killed_by":"Orb Walker","ascension_level":0}}