{"host":"zjc1tzo4ovig5lll","time":1610026308,"event":{"mods":["AchievementEnabler","Aspiration","BaseMod","Beaked The Cultist","Better Altar","Better Match","Better Note","Better Sensory Stone","Colored Map","Colored Powertips","Conspire","Energized Spire","Friendly Minions","GifTheSpireLib","Halation","Hermit","Hubris","Minty Spire (QoL Compilation)","Rare Cards Sparkle","Replay The Spire","StSLib","The Blue Laboratory","The Bug Knight","The Construct","The Jungle","everything is the same but u backflip on backflip","vexMod"],"gold_per_floor":[216,191,210,221,31,31,64,64,64,64,64,64,64,75,75,192,192,228,105,127,127,156,191,191,191,191,240,290,290,290,323,323,429,429,459,39,39,39,66,117,117,165,165,200,125,135,135],"floor_reached":46,"playtime":2463,"items_purged":["Injury"],"score":593,"play_id":"ae71940a-790c-459a-b169-8d6ce9b76381","local_time":"20210107153148","is_ascension_mode":true,"campfire_choices":[{"data":"beaked:Ceremony","floor":6.0,"key":"SMITH"},{"data":"beaked:VigorBurst","floor":8.0,"key":"SMITH"},{"data":"beaked:Hexing","floor":15.0,"key":"SMITH"},{"floor":24.0,"key":"RECALL"},{"data":"Machine Learning","floor":32.0,"key":"SMITH"},{"data":"Caltrops","floor":41.0,"key":"SMITH"}],"circlet_count":0,"master_deck":["beaked:Strike_Y","beaked:Strike_Y","beaked:Strike_Y","beaked:Defend_Y","beaked:Defend_Y","beaked:Defend_Y","beaked:Defend_Y","beaked:Ceremony+1","beaked:Ceremony","beaked:Struggle","beaked:VigorBurst+1","beaked:Insight","beaked:Insight","Inflame","beaked:Hexing+1","beaked:AwakenedForm","beaked:Foresight+1","beaked:Insight","beaked:Insight","Shame","beaked:MachineSpirit+1","beaked:Foresight+1","beaked:Poke","Pot Of Greed+1","Pot Of Greed+1","Pot Of Greed+1","Machine Learning+1","Devotion","beaked:TuckingFeathers+1","All Out Attack","Sucker Punch","Finisher","Caltrops+1","beaked:TuckingFeathers+1","beaked:Poke"],"relics":["conspire:TopHat","halation:IllGainedPizza","m_ByrdBlood","Toxic Egg 2","beaked:BlessedCoat","theJungle:SneckoAutograph","halation:EternalFortune","HollowMod:LifeEnderRelic","Grinning Jar","PrismaticShard","Anchor","conspire:SlowCooker","Question Card","aspiration:Nostalgia","Ring of the Snake","Replay:Bandana","conspire:Dentures","CeramicFish"],"acts_visited":["Exordium","Exordium","TheBeyond"],"potions_floor_usage":[],"damage_taken":[{"damage":13.0,"enemies":"Jaw Worm","floor":1.0,"turns":5.0},{"damage":7.0,"enemies":"conspire:RoseBush","floor":3.0,"turns":6.0},{"damage":5.0,"enemies":"2 Louse","floor":4.0,"turns":4.0},{"damage":43.0,"enemies":"Gremlin Nob","floor":7.0,"turns":6.0},{"damage":0.0,"enemies":"Large Slime","floor":14.0,"turns":4.0},{"damage":69.0,"enemies":"The Guardian","floor":16.0,"turns":11.0},{"damage":61.0,"enemies":"theJungle:5_Spyders","floor":18.0,"turns":7.0},{"damage":58.0,"enemies":"theJungle:MUSHROOMGANG","floor":20.0,"turns":6.0},{"damage":86.0,"enemies":"theJungle:Lyon","floor":22.0,"turns":8.0},{"damage":97.0,"enemies":"theJungle:2_Flameangoes","floor":23.0,"turns":9.0},{"damage":72.0,"enemies":"theJungle:JungleHuntersEncounter","floor":27.0,"turns":9.0},{"damage":106.0,"enemies":"theJungle:MamaSnecko","floor":31.0,"turns":7.0},{"damage":25.0,"enemies":"theJungle:QueenSpyder","floor":33.0,"turns":8.0},{"damage":46.0,"enemies":"3 Darklings","floor":35.0,"turns":6.0},{"damage":60.0,"enemies":"Orb Walker","floor":39.0,"turns":6.0},{"damage":73.0,"enemies":"Nemesis","floor":40.0,"turns":9.0},{"damage":39.0,"enemies":"HollowMod:StalkingDevout","floor":42.0,"turns":6.0},{"damage":76.0,"enemies":"Spire Growth","floor":44.0,"turns":7.0},{"damage":138,"enemies":"Transient","floor":46,"turns":4}],"seed_played":"4501132344490648717","potions_obtained":[{"floor":7.0,"key":"SmokeBomb"}],"is_trial":false,"path_per_floor":["M","?","M","M","$","R","E","R","T","?","?","?","?","M","R","B",null,"M","$","M","?","M","M","R","?","T","M","?","T","$","E","R","B",null,"M","$","?","?","M","E","R","E","T","M","$","M"],"character_chosen":"BEAKED_THE_CULTIST","items_purchased":["beaked:Insight","conspire:TopHat","beaked:Insight","beaked:TuckingFeathers+1","Question Card","aspiration:Nostalgia","beaked:TuckingFeathers+1","beaked:Poke"],"campfire_rested":0,"item_purchase_floors":[5,5,19,36,36,36,45,45],"current_hp_per_floor":[46,46,55,55,55,55,29,29,29,34,34,34,34,60,60,45,60,60,60,60,60,31,60,60,63,63,63,55,55,55,63,63,63,63,63,63,63,63,63,63,63,63,63,63,63,0,0],"gold":135,"neow_bonus":"HUNDRED_GOLD","is_daily":false,"chose_seed":false,"campfire_upgraded":5,"win_rate":0.0,"timestamp":1610026308,"path_taken":["M","?","M","M","$","R","E","R","T","?","?","?","?","M","R","BOSS","M","$","M","?","M","M","R","?","T","M","?","?","?","E","R","BOSS","M","$","?","?","?","E","R","E","T","M","$","M"],"items_purchased_type":["Card","Relic","Card","Card","Relic","Relic","Card","Card"],"build_version":"2020-12-22","purchased_purges":1,"victory":false,"max_hp_per_floor":[50,50,55,55,55,55,55,55,55,60,60,60,60,60,60,60,60,60,60,60,60,60,60,60,63,63,63,63,63,63,63,63,63,63,63,63,63,63,63,63,63,63,63,63,63,63,63],"card_choices":[{"not_picked":["beaked:FeelMyPain","beaked:Negation"],"picked":"beaked:Struggle","floor":1.0},{"not_picked":["beaked:Roost","beaked:CrazyRituals"],"picked":"beaked:VigorBurst","floor":3.0},{"not_picked":["beaked:SacrificialAttack","beaked:WarriorEssence","beaked:Poke"],"picked":"SKIP","floor":4.0},{"not_picked":["beaked:VigorBurst","beaked:Windmill","beaked:DigDeep"],"picked":"SKIP","floor":7.0},{"not_picked":["beaked:HuntressEssence+1","beaked:TuckingFeathers+1"],"picked":"beaked:Hexing","floor":14.0},{"not_picked":["ReplayTheSpireMod:Owlgaze+1","beaked:Brainwash+1"],"picked":"beaked:AwakenedForm","floor":16.0},{"not_picked":["beaked:SacrificialDive+1","beaked:Roost+1"],"picked":"beaked:Foresight+1","floor":18.0},{"not_picked":["beaked:Tweet+1","beaked:Tradeoff+1"],"picked":"beaked:Insight","floor":20.0},{"not_picked":["beaked:FeelMyPain+1","beaked:MaddeningMurmurs"],"picked":"beaked:MachineSpirit+1","floor":22.0},{"not_picked":["beaked:CrazyRituals","beaked:StickSmack"],"picked":"beaked:Foresight+1","floor":23.0},{"not_picked":["beaked:FeelMyPain+1","beaked:Poke","beaked:WarriorEssence"],"picked":"SKIP","floor":27.0},{"not_picked":["beaked:FeelMyPain+1","beaked:WarriorEssence"],"picked":"beaked:Poke","floor":27.0},{"not_picked":["Sword Boomerang","Sweeping Beam+1"],"picked":"Machine Learning","floor":31.0},{"not_picked":["construct:HammerDown","HollowMod:NewInfectedGuardian+1"],"picked":"Devotion","floor":33.0},{"not_picked":["hermit:Cheat+1","Discovery+1","Consecrate"],"picked":"SKIP","floor":35.0},{"not_picked":["Massacre","construct:Versatility+1","CutThroughFate+1","HollowMod:ShadowDash+1"],"picked":"SKIP","floor":39.0},{"not_picked":["HollowMod:MothsMistake","HollowMod:LifebloodCocoon+1","construct:UnbalancingBlast"],"picked":"Caltrops","floor":40.0},{"not_picked":["Beam Cell","beaked:Foresight+1","HollowMod:WraithStrike+1","Rebound+1"],"picked":"SKIP","floor":42.0},{"not_picked":["hermit:Cheat+1","All Out Attack+1","HollowMod:InfectedAttack+1","beaked:StunningBlow+1"],"picked":"SKIP","floor":44.0}],"player_experience":624716,"relics_obtained":[{"floor":7.0,"key":"halation:IllGainedPizza"},{"floor":26.0,"key":"HollowMod:LifeEnderRelic"},{"floor":29.0,"key":"Grinning Jar"},{"floor":31.0,"key":"Anchor"},{"floor":40.0,"key":"Replay:Bandana"},{"floor":42.0,"key":"conspire:Dentures"},{"floor":43.0,"key":"CeramicFish"}],"event_choices":[{"damage_healed":0.0,"max_hp_gain":5.0,"max_hp_loss":0.0,"gold_gain":0.0,"event_name":"Big Fish","player_choice":"Donut","floor":10.0,"gold_loss":0.0,"damage_taken":0.0},{"damage_healed":0.0,"max_hp_gain":0.0,"max_hp_loss":0.0,"gold_gain":0.0,"event_name":"conspire:Investor","player_choice":"Leave","floor":11.0,"gold_loss":0.0,"damage_taken":0.0},{"damage_healed":0.0,"max_hp_gain":0.0,"max_hp_loss":0.0,"gold_gain":0.0,"event_name":"Upgrade Shrine","player_choice":"Upgraded","floor":38.0,"gold_loss":0.0,"damage_taken":0.0,"cards_upgraded":["beaked:Ceremony"]}],"is_beta":false,"boss_relics":[{"not_picked":["energizedSpire:MagnifyingGlass","halation:HeavySnake"],"picked":"beaked:BlessedCoat"},{"not_picked":["hubris:Stopwatch","Runic Pyramid"],"picked":"conspire:SlowCooker"}],"items_purged_floors":[19],"is_endless":false,"potions_floor_spawned":[4,7,14,18,33,35,39],"killed_by":"Transient","ascension_level":2}}