{"host":"zjc1tzo4ovig5lll","time":1610037444,"event":{"mods":["AchievementEnabler","Aspiration","BaseMod","Beaked The Cultist","Better Altar","Better Match","Better Note","Better Sensory Stone","Colored Map","Colored Powertips","Conspire","Energized Spire","Friendly Minions","GifTheSpireLib","Halation","Hermit","Hubris","Minty Spire (QoL Compilation)","Rare Cards Sparkle","Replay The Spire","StSLib","The Blue Laboratory","The Bug Knight","The Construct","The Jungle","everything is the same but u backflip on backflip","vexMod"],"gold_per_floor":[110,185,185,203,90,121,139,149,149,149,168,48,74,91,91,195,195,207,81,81,101,101,101,119,152,152,152,165,183,141,141,141,237,237,251,251,262,276,294,294,321,78,78,78,78,89,102,115,115,115,115,115,15,43,43],"floor_reached":56,"playtime":3734,"items_purged":["Pain","Strike_G"],"score":1467,"play_id":"7626dfa4-d0f5-4d64-bc1d-7601bdce8ec7","local_time":"20210107183724","is_ascension_mode":true,"campfire_choices":[{"data":"After Image","floor":10,"key":"SMITH"},{"floor":15,"key":"DIG"},{"data":"ReplayUltimateDefense","floor":23,"key":"SMITH"},{"floor":27,"key":"REST"},{"floor":32,"key":"RECALL"},{"floor":40,"key":"REST"},{"data":"A Thousand Cuts","floor":44,"key":"SMITH"},{"data":"Replay:Bag of Tricks","floor":49,"key":"SMITH"},{"data":"Specialist","floor":52,"key":"SMITH"}],"circlet_count":0,"master_deck":["Strike_G","Strike_G+1","Strike_G","Defend_G","Defend_G","Defend_G","Defend_G","Defend_G","Survivor","Neutralize+1","Noxious Fumes","Bane","Fluid Movement","After Image+1","Blur","Caltrops","Dodge and Roll","Footwork","Malaise","ReplayUltimateDefense+1","hubris:Insight","Finesse","Prepared","Fluid Movement+1","A Thousand Cuts+1","Backflip+1","Caltrops","Fluid Movement","Fluid Movement","Backflip","Outmaneuver","Backflip+1","ReplayTheSpireMod:Speed Training","Fluid Movement","Specialist+1","Prepared+1","Replay:Bag of Tricks+1","ReplayTheSpireMod:Tripwire+1"],"relics":["Ring of the Snake","NeowsBlessing","WarpedTongs","HollowMod:LifeEnderRelic","aspiration:HummingbirdHeart","Blue Doll","aspiration:VileToxins","aspiration:FutureDiary","ReplayTheSpireMod:ShopPack","Prayer Wheel","Replay:WaspNest","construct:ClawGrip","halation:PapillonHeart","StrikeDummy","Lee\u0027s Waffle","Whetstone"],"acts_visited":["Exordium","Exordium","TheBeyond","TheEnding"],"potions_floor_usage":[55,55,55],"damage_taken":[{"damage":0,"enemies":"Cultist","floor":1,"turns":1},{"damage":2,"enemies":"2 Louse","floor":4,"turns":1},{"damage":0,"enemies":"Gremlin Nob","floor":6,"turns":1},{"damage":2,"enemies":"Small Slimes","floor":7,"turns":3},{"damage":1,"enemies":"Red Slaver","floor":8,"turns":5},{"damage":0,"enemies":"2 Fungi Beasts","floor":11,"turns":5},{"damage":3,"enemies":"3 Sentries","floor":13,"turns":8},{"damage":2,"enemies":"Exordium Wildlife","floor":14,"turns":5},{"damage":1,"enemies":"Slime Boss","floor":16,"turns":15},{"damage":12,"enemies":"theJungle:MUSHROOMGANG","floor":18,"turns":7},{"damage":0,"enemies":"theJungle:Flameango_and_Byrd","floor":21,"turns":7},{"damage":0,"enemies":"theJungle:2_Flameangoes","floor":24,"turns":8},{"damage":35,"enemies":"theJungle:MamaSnecko","floor":25,"turns":12},{"damage":0,"enemies":"theJungle:Snecko_Cultist_And_Trap","floor":28,"turns":12},{"damage":0,"enemies":"Snake Plant","floor":29,"turns":8},{"damage":0,"enemies":"theJungle:QueenSpyder","floor":33,"turns":22},{"damage":9,"enemies":"3 Darklings","floor":35,"turns":6},{"damage":0,"enemies":"3 Shapes","floor":37,"turns":4},{"damage":7,"enemies":"Sphere and 2 Shapes","floor":38,"turns":10},{"damage":17,"enemies":"Transient","floor":39,"turns":5},{"damage":0,"enemies":"HollowMod:StalkingDevout","floor":41,"turns":14},{"damage":0,"enemies":"Sphere and 2 Shapes","floor":46,"turns":7},{"damage":19,"enemies":"4 Shapes","floor":47,"turns":6},{"damage":0,"enemies":"Maw","floor":48,"turns":9},{"damage":0,"enemies":"conspire:OrnateMirror","floor":50,"turns":14},{"damage":0,"enemies":"Shield and Spear","floor":54,"turns":11},{"damage":34,"enemies":"The Heart","floor":55,"turns":8}],"seed_played":"3838370408837358982","potions_obtained":[{"floor":1,"key":"Dexterity Potion"},{"floor":7,"key":"Block Potion"},{"floor":21,"key":"Fire Potion"},{"floor":33,"key":"blueLaboratory:FruitPunch"}],"is_trial":false,"path_per_floor":["M","?","?","M","$","E","M","M","T","R","M","$","E","M","R_BF","B",null,"M","$","?","M","?","R","M","E","T","R","M","M","$","?","R_BF","B",null,"M","?","M","M","M","R","E","$","T","R","?","M","M","M","R","B",null,"R","$","E","B",null],"character_chosen":"THE_SILENT","items_purchased":["Fluid Movement","Caltrops","Dodge and Roll","ReplayTheSpireMod:ShopPack","Fluid Movement","Specialist","Lee\u0027s Waffle"],"campfire_rested":2,"item_purchase_floors":[5,12,12,19,30,42,42],"current_hp_per_floor":[70,59,59,57,57,57,55,54,54,54,54,54,51,49,49,48,70,58,58,58,58,58,58,58,23,23,44,44,44,44,44,44,44,70,61,61,61,54,37,56,56,73,73,73,73,73,54,54,54,54,73,73,73,73,41],"gold":43,"neow_bonus":"THREE_ENEMY_KILL","is_daily":false,"chose_seed":false,"campfire_upgraded":5,"win_rate":0.0,"timestamp":1610037444,"path_taken":["M","?","?","?","?","E","M","M","T","R","M","$","E","M","R_BF","BOSS","M","$","?","?","?","R","?","E","T","R","?","M","?","?","R_BF","BOSS","M","?","M","M","M","R","E","$","T","R","?","M","M","?","R","BOSS","R","$","E","BOSS"],"items_purchased_type":["Card","Card","Card","Relic","Card","Card","Relic"],"build_version":"2020-12-22","purchased_purges":2,"victory":true,"max_hp_per_floor":[70,70,70,70,70,70,70,70,70,70,70,70,70,70,70,70,70,70,70,70,70,70,70,70,70,70,70,70,70,70,70,70,70,70,70,66,66,66,66,66,66,73,73,73,73,73,73,73,73,73,73,73,73,73,75],"card_choices":[{"not_picked":["Setup","Flying Knee"],"picked":"Noxious Fumes","floor":1},{"not_picked":["Masterful Stab","Dodge and Roll"],"picked":"Bane","floor":4},{"not_picked":["Footwork","Prepared"],"picked":"After Image","floor":6},{"not_picked":["Blade Dance","Acrobatics","Dagger Spray"],"picked":"SKIP","floor":7},{"not_picked":["All Out Attack","Cloak And Dagger"],"picked":"Blur","floor":8},{"not_picked":["Flying Knee","Deadly Poison","Concentrate"],"picked":"SKIP","floor":11},{"not_picked":["Bullet Time","Cloak And Dagger","Quick Slash"],"picked":"SKIP","floor":13},{"not_picked":["Noxious Fumes","Deadly Poison"],"picked":"Footwork","floor":14},{"not_picked":["Adrenaline","Glass Knife"],"picked":"Malaise","floor":16},{"not_picked":["Poisoned Stab+1","Cloak And Dagger","Crippling Poison"],"picked":"SKIP","floor":18},{"not_picked":["Midas Touch","Chrysalis"],"picked":"ReplayUltimateDefense","floor":19},{"not_picked":["Purity","PanicButton"],"picked":"hubris:Insight","floor":19},{"not_picked":["Chrysalis","Replay:Parry"],"picked":"Finesse","floor":19},{"not_picked":["Slice","Blade Dance+1","Concentrate"],"picked":"SKIP","floor":21},{"not_picked":["Concentrate","Tactician+1","Slice"],"picked":"SKIP","floor":24},{"not_picked":["Reflex","Toxin Wave"],"picked":"Prepared","floor":25},{"not_picked":["ReplayTheSpireMod:Exploit Weakness","Quick Slash"],"picked":"Fluid Movement+1","floor":28},{"not_picked":["Quick Slash+1","Acrobatics"],"picked":"A Thousand Cuts","floor":28},{"not_picked":["Quick Slash","ReplayTheSpireMod:Scrap Shanks"],"picked":"Backflip+1","floor":29},{"not_picked":["hubris:SlightOfHand+1","Flechettes+1"],"picked":"Caltrops","floor":29},{"not_picked":["hubris:SlightOfHand+1","Flying Knee"],"picked":"Backflip","floor":35},{"not_picked":["Expertise","Flying Knee+1","Bane"],"picked":"SKIP","floor":35},{"not_picked":["Dagger Throw+1","ReplayTheSpireMod:Exploit Weakness+1"],"picked":"Outmaneuver","floor":37},{"not_picked":["Accuracy+1","Deadly Poison"],"picked":"Backflip+1","floor":37},{"not_picked":["Dagger Throw+1","Accuracy","Die Die Die"],"picked":"SKIP","floor":38},{"not_picked":["Underhanded Strike+1","Concentrate","conspire:PoisonWeapons"],"picked":"SKIP","floor":38},{"not_picked":["All Out Attack","Quick Slash"],"picked":"ReplayTheSpireMod:Speed Training","floor":39},{"not_picked":["Dagger Spray+1","Outmaneuver","Endless Agony+1"],"picked":"SKIP","floor":39},{"not_picked":["Replay:Poison Smokescreen+1","Cloak And Dagger+1"],"picked":"Fluid Movement","floor":41},{"not_picked":["Underhanded Strike+1","Deadly Poison"],"picked":"Prepared+1","floor":46},{"not_picked":["Distraction+1","Dagger Spray+1"],"picked":"Replay:Bag of Tricks","floor":46},{"not_picked":["Deflect","Quick Slash+1","Deadly Poison"],"picked":"SKIP","floor":47},{"not_picked":["Blade Dance+1","Well Laid Plans","Poisoned Stab+1"],"picked":"SKIP","floor":47},{"not_picked":["Underhanded Strike","Crippling Poison+1","Slice"],"picked":"SKIP","floor":48},{"not_picked":["Bane","ReplayTheSpireMod:The Works+1","Tactician"],"picked":"SKIP","floor":48},{"not_picked":["Quick Slash+1","Malaise"],"picked":"ReplayTheSpireMod:Tripwire+1","floor":54}],"player_experience":627205,"relics_obtained":[{"floor":6,"key":"HollowMod:LifeEnderRelic"},{"floor":9,"key":"aspiration:HummingbirdHeart"},{"floor":13,"key":"Blue Doll"},{"floor":15,"key":"aspiration:VileToxins"},{"floor":25,"key":"Prayer Wheel"},{"floor":26,"key":"Replay:WaspNest"},{"floor":41,"key":"StrikeDummy"},{"floor":54,"key":"Whetstone"}],"event_choices":[{"damage_healed":0,"gold_gain":75,"player_choice":"Gather Gold","damage_taken":11,"max_hp_gain":0,"max_hp_loss":0,"event_name":"World of Goop","floor":2,"gold_loss":0},{"damage_healed":0,"gold_gain":0,"player_choice":"Rummage","damage_taken":0,"relics_obtained":["WarpedTongs"],"max_hp_gain":0,"max_hp_loss":0,"event_name":"Accursed Blacksmith","floor":3,"gold_loss":0,"cards_obtained":["Pain"]},{"damage_healed":0,"gold_gain":0,"player_choice":"Bought 0 Potions","damage_taken":0,"max_hp_gain":0,"max_hp_loss":0,"event_name":"The Woman in Blue","floor":20,"gold_loss":0},{"cards_removed":["Strike_G"],"damage_healed":0,"gold_gain":0,"player_choice":"Offered Basic","damage_taken":0,"max_hp_gain":0,"max_hp_loss":0,"event_name":"Bonfire Elementals","floor":22,"gold_loss":0},{"damage_healed":0,"gold_gain":0,"player_choice":"Leave","damage_taken":0,"max_hp_gain":0,"max_hp_loss":0,"event_name":"conspire:Investor","floor":45,"gold_loss":0}],"is_beta":false,"boss_relics":[{"not_picked":["hubris:BlackHole","aspiration:RunicSpoon"],"picked":"aspiration:FutureDiary"},{"not_picked":["halation:Risk","Snecko Eye"],"picked":"construct:ClawGrip"}],"items_purged_floors":[5,53],"is_endless":false,"potions_floor_spawned":[1,7,14,21,24,28,33,37,41,47],"ascension_level":2}}