{"host":"ig7tc0uedzltt2sr","time":1610055245,"event":{"mods":["BaseMod","Better Twitch Integration","Block Reminder","Colored Map","Colored Powertips","Communication Mod","Current Relic Mod","GifTheSpireLib","HexUI Lib","Minty Spire (QoL Compilation)","Quick Restart","Random Character Button","Rare Cards Sparkle","Relic Sorter","Relic Stats","Slay the Relics Exporter","StSLib","SuperFastMode","Synergy Search","Twitch Decklist","Twitch Utils","everything is the same but u backflip on backflip","slay the spire mod where everything is the same but ironclad has a cowboy hat"],"gold_per_floor":[119,119,119,137,150,150,40,55,137,137,137],"floor_reached":10,"playtime":48,"items_purged":["Strike_R"],"score":58,"play_id":"a39df843-6319-438b-82e6-19e4b7b3873d","local_time":"20210107133405","is_ascension_mode":false,"campfire_choices":[{"floor":6,"key":"REST"}],"circlet_count":0,"master_deck":["Strike_R","Strike_R","Strike_R","Strike_R","Defend_R","Defend_R","Defend_R","Defend_R","Bash","Thunderclap","Regret","Dual Wield","Rampage","Infernal Blade","Cleave"],"relics":["Burning Blood","NeowsBlessing","White Beast Statue","Bottled Lightning"],"acts_visited":["Exordium"],"potions_floor_usage":[],"damage_taken":[{"damage":0,"enemies":"Cultist","floor":1,"turns":1},{"damage":0,"enemies":"Jaw Worm","floor":4,"turns":1},{"damage":0,"enemies":"Small Slimes","floor":5,"turns":1},{"damage":66,"enemies":"Gremlin Gang","floor":8,"turns":8},{"damage":52,"enemies":"Lagavulin","floor":10,"turns":8}],"seed_played":"-8514998463537577643","potions_obtained":[{"floor":4,"key":"DistilledChaos"},{"floor":5,"key":"FairyPotion"},{"floor":8,"key":"SpeedPotion"}],"is_trial":false,"path_per_floor":["M","T","?","M","M","R","$","M","T","E"],"character_chosen":"IRONCLAD","items_purchased":["Infernal Blade"],"campfire_rested":1,"item_purchase_floors":[7],"current_hp_per_floor":[80,80,80,80,80,80,80,20,20,0,0],"gold":137,"neow_bonus":"THREE_ENEMY_KILL","is_daily":false,"chose_seed":false,"campfire_upgraded":0,"win_rate":0.0,"timestamp":1610055245,"path_taken":["M","?","?","M","M","R","$","?","T","E"],"items_purchased_type":["Card"],"build_version":"2020-12-22","purchased_purges":1,"victory":false,"max_hp_per_floor":[80,80,80,80,80,80,80,80,80,80,80],"relic_stats":{"counters":[5,19],"obtain_stats":[{"NeowsBlessing":0,"Bottled Lightning":9,"Burning Blood":0,"White Beast Statue":3},{"NeowsBlessing":0,"Bottled Lightning":4,"Burning Blood":0,"White Beast Statue":1},{"NeowsBlessing":0,"Bottled Lightning":11,"Burning Blood":0,"White Beast Statue":1}],"Burning Blood":6},"card_choices":[{"not_picked":["True Grit","Wild Strike"],"picked":"Thunderclap","floor":1},{"not_picked":["Body Slam","Flex"],"picked":"Dual Wield","floor":4},{"not_picked":["Seeing Red","Metallicize"],"picked":"Rampage","floor":5},{"not_picked":["Heavy Blade","Pommel Strike"],"picked":"Cleave","floor":8}],"player_experience":1455490,"relics_obtained":[{"floor":9,"key":"Bottled Lightning"}],"event_choices":[{"damage_healed":0,"gold_gain":0,"player_choice":"Box","damage_taken":0,"relics_obtained":["White Beast Statue"],"max_hp_gain":0,"max_hp_loss":0,"event_name":"Big Fish","floor":3,"gold_loss":0,"cards_obtained":["Regret"]}],"is_beta":false,"boss_relics":[],"items_purged_floors":[7],"is_endless":false,"potions_floor_spawned":[4,5,8],"killed_by":"Lagavulin","ascension_level":0}}