{"host":"ig7tc0uedzltt2sr","time":1610056271,"event":{"mods":["BaseMod","Better Twitch Integration","Block Reminder","Colored Map","Colored Powertips","Communication Mod","Current Relic Mod","GifTheSpireLib","HexUI Lib","Minty Spire (QoL Compilation)","Quick Restart","Random Character Button","Rare Cards Sparkle","Relic Sorter","Relic Stats","Slay the Relics Exporter","StSLib","SuperFastMode","Synergy Search","Twitch Decklist","Twitch Utils","everything is the same but u backflip on backflip","slay the spire mod where everything is the same but ironclad has a cowboy hat"],"gold_per_floor":[111,123,96,116,134,169,169,179,206,220,220,239,239,253,253,253,253],"floor_reached":16,"playtime":128,"items_purged":[],"score":106,"play_id":"132e8ef8-ac1d-49ce-b6df-8a5550412c74","local_time":"20210107135111","is_ascension_mode":false,"campfire_choices":[{"floor":7,"key":"RECALL"},{"floor":15,"key":"REST"}],"circlet_count":0,"master_deck":["Strike_R+1","Strike_R","Strike_R","Strike_R","Strike_R","Defend_R","Defend_R","Defend_R","Defend_R","Bash","Twin Strike","Searing Blow","Heavy Blade","Armaments","Clash","Offering","Cleave+1","Hemokinesis+1","Thunderclap+1","Pommel Strike+1"],"relics":["Burning Blood","Molten Egg 2"],"acts_visited":["Exordium"],"potions_floor_usage":[],"damage_taken":[{"damage":10,"enemies":"Small Slimes","floor":1,"turns":9},{"damage":20,"enemies":"Cultist","floor":2,"turns":7},{"damage":9,"enemies":"2 Louse","floor":4,"turns":3},{"damage":7,"enemies":"2 Fungi Beasts","floor":5,"turns":4},{"damage":44,"enemies":"Lagavulin","floor":6,"turns":8},{"damage":13,"enemies":"3 Louse","floor":8,"turns":4},{"damage":17,"enemies":"Blue Slaver","floor":10,"turns":4},{"damage":16,"enemies":"Lots of Slimes","floor":12,"turns":4},{"damage":3,"enemies":"3 Louse","floor":14,"turns":4},{"damage":44,"enemies":"Hexaghost","floor":16,"turns":7}],"seed_played":"-3752202886720718382","potions_obtained":[{"floor":4,"key":"AttackPotion"},{"floor":5,"key":"EntropicBrew"},{"floor":6,"key":"Ancient Potion"},{"floor":10,"key":"AttackPotion"},{"floor":12,"key":"GamblersBrew"},{"floor":13,"key":"FearPotion"},{"floor":13,"key":"Energy Potion"}],"is_trial":false,"path_per_floor":["M","M","$","M","M","E","R","M","T","M","?","M","?","M","R","B"],"character_chosen":"IRONCLAD","items_purchased":["Heavy Blade"],"campfire_rested":1,"item_purchase_floors":[3],"current_hp_per_floor":[76,62,62,59,58,42,42,35,35,24,24,14,14,17,41,0,0],"gold":253,"neow_bonus":"UPGRADE_CARD","is_daily":false,"chose_seed":false,"campfire_upgraded":0,"win_rate":0.0,"timestamp":1610056271,"path_taken":["M","M","$","M","M","E","R","M","T","M","?","M","?","M","R","BOSS"],"items_purchased_type":["Card"],"build_version":"2020-12-22","purchased_purges":0,"victory":false,"max_hp_per_floor":[80,80,80,80,80,80,80,80,80,80,80,80,80,80,80,80,80],"relic_stats":{"counters":[10,54],"obtain_stats":[{"Molten Egg 2":6,"Burning Blood":0},{"Molten Egg 2":5,"Burning Blood":0},{"Molten Egg 2":31,"Burning Blood":0}],"Burning Blood":54},"card_choices":[{"not_picked":["True Grit","Sentinel"],"picked":"Twin Strike","floor":1},{"not_picked":["Clash","Warcry"],"picked":"Searing Blow","floor":2},{"not_picked":["Heavy Blade","Sentinel"],"picked":"Armaments","floor":4},{"not_picked":["Searing Blow","Offering"],"picked":"Clash","floor":5},{"not_picked":["Warcry","Metallicize"],"picked":"Offering","floor":6},{"not_picked":["Clash+1","Disarm"],"picked":"Cleave+1","floor":8},{"not_picked":["Thunderclap+1","Clash+1"],"picked":"Hemokinesis+1","floor":10},{"not_picked":["Metallicize","Wild Strike+1"],"picked":"Thunderclap+1","floor":12},{"not_picked":["Shockwave","Armaments"],"picked":"Pommel Strike+1","floor":14}],"player_experience":1456271,"relics_obtained":[{"floor":6,"key":"Molten Egg 2"}],"event_choices":[{"damage_healed":0,"gold_gain":0,"player_choice":"Ignored","damage_taken":0,"max_hp_gain":0,"max_hp_loss":0,"event_name":"Shining Light","floor":11,"gold_loss":0},{"damage_healed":0,"gold_gain":0,"player_choice":"Got Potions","damage_taken":0,"max_hp_gain":0,"max_hp_loss":0,"event_name":"Lab","floor":13,"gold_loss":0}],"is_beta":false,"boss_relics":[],"items_purged_floors":[],"is_endless":false,"potions_floor_spawned":[4,5,6,10,12],"killed_by":"Hexaghost","ascension_level":0}}