{"host":"x2bb8tnu3h3a650h","time":1610006158,"event":{"mods":["AchievementEnabler","Aspiration","BaseMod","BetterRewards","Colored Map","Conspire","Defuse TimeMaze Blight","Downfall","Energized Spire","Halation","Hermit","Hubris","Infinite Spire","Mimic Mod","Minty Spire (QoL Compilation)","Rare Cards Sparkle","Replay The Spire","Shop Mod","Spicy Shops","StSLib","The Jungle","The Servant 0.9.4","Wandering Minibosses","vexMod"],"gold_per_floor":[114,114,4,21,38,63,63,63,93,93,93,118,137,149,149,248,248,267,287,302,302,302,337,337,372,372,372,389,399,426,439,439,535,535,549,549,564,575,69,99,99,129,129,129,160,210,210,222,222,222,222,222],"floor_reached":51,"playtime":2515,"items_purged":["Defend_G","Defend_G","Strike_G","Defend_G","Strike_G"],"score":1240,"play_id":"0dc6e481-8c70-4d33-9e02-f3a0afca7a5f","local_time":"20210107075558","is_ascension_mode":true,"campfire_choices":[{"data":"Storm of Steel","floor":7,"key":"SMITH"},{"data":"ReplayTheSpireMod:Scrap Shanks","floor":10,"key":"SMITH"},{"floor":15,"key":"REST"},{"floor":24,"key":"REST"},{"floor":32,"key":"REST"},{"floor":44,"key":"REST"},{"floor":47,"key":"REST"},{"floor":49,"key":"REST"},{"data":"Accuracy","floor":50,"key":"SMITH"}],"circlet_count":0,"master_deck":["Strike_G","Strike_G","Strike_G","Defend_G","Defend_G","Survivor","Neutralize","Infinite Blades","Storm of Steel+1","ReplayTheSpireMod:Scrap Shanks+1","Hidden Blade","Hidden Blade","Replay:Bootleg Shield Generator","Hidden Blade","conspire:DoublingDagger","Accuracy+1","ReplayTheSpireMod:Scrap Shanks","hubris:DuctTapeCard"],"relics":["Ring of the Snake","MerchantsRug","halation:LostSnail","Sling","infinitespire:CheckeredPen","PreservedInsect","aspiration:FetidBarrel","hubris:Metronome","Pen Nib","Molten Egg 2","Vampiric Spirits","hubris:Icosahedron","hubris:RunicObelisk","hubris:DuctTape","The Courier","hubris:Towel","Replay:Bottled Flurry","vexMod:BarristanHead","Replay:PocketPolymizer","Incense Burner"],"acts_visited":["Exordium","TheCity","TheBeyond"],"potions_floor_usage":[16,30,38,45,46,51],"damage_taken":[{"damage":0,"enemies":"Cultist","floor":1,"turns":2},{"damage":0,"enemies":"Jaw Worm","floor":4,"turns":1},{"damage":0,"enemies":"2 Louse","floor":5,"turns":2},{"damage":5,"enemies":"3 Sentries","floor":6,"turns":4},{"damage":0,"enemies":"Exordium Wildlife","floor":9,"turns":4},{"damage":0,"enemies":"Lagavulin","floor":12,"turns":1},{"damage":0,"enemies":"Exordium Wildlife","floor":13,"turns":1},{"damage":20,"enemies":"conspire:2 RoseBushes","floor":14,"turns":4},{"damage":0,"enemies":"Slime Boss","floor":16,"turns":5},{"damage":0,"enemies":"Spheric Guardian","floor":18,"turns":1},{"damage":2,"enemies":"3 Byrds","floor":19,"turns":3},{"damage":11,"enemies":"conspire:HollyBat","floor":20,"turns":3},{"damage":0,"enemies":"Gremlin Leader","floor":23,"turns":3},{"damage":10,"enemies":"conspire:Head Lice","floor":25,"turns":3},{"damage":1,"enemies":"3 Cultists","floor":28,"turns":3},{"damage":7,"enemies":"Centurion and Healer","floor":29,"turns":3},{"damage":25,"enemies":"Nightmare","floor":30,"turns":4},{"damage":18,"enemies":"Snecko","floor":31,"turns":4},{"damage":11,"enemies":"Collector","floor":33,"turns":4},{"damage":3,"enemies":"Orb Walker","floor":35,"turns":2},{"damage":24,"enemies":"3 Darklings","floor":37,"turns":4},{"damage":12,"enemies":"Jaw Worm Horde","floor":38,"turns":4},{"damage":24,"enemies":"R_Hoarder","floor":40,"turns":4},{"damage":4,"enemies":"Giant Head","floor":42,"turns":4},{"damage":27,"enemies":"Reptomancer","floor":45,"turns":3},{"damage":20,"enemies":"Mind Bloom Boss Battle","floor":46,"turns":6},{"damage":6,"enemies":"Sphere and 2 Shapes","floor":48,"turns":3},{"damage":114,"enemies":"Awakened One","floor":51,"turns":7}],"seed_played":"4564902490262705286","potions_obtained":[{"floor":1,"key":"Elixir"},{"floor":12,"key":"FearPotion"},{"floor":13,"key":"Swift Potion"},{"floor":16,"key":"FairyPotion"},{"floor":29,"key":"Strength Potion"},{"floor":31,"key":"Fire Potion"},{"floor":38,"key":"Explosive Potion"},{"floor":45,"key":"Block Potion"},{"floor":48,"key":"Fire Potion"}],"is_trial":false,"path_per_floor":["M","?","$","M","M","E","R","$","MIM","R","?","E","M","M","R_BF","B",null,"M","M","M","?","?","E","R","E","T","?","M","M","NM","M","R","B",null,"M","?","M","M","$","E","?","E","T","R","E","?","R","M","R","R","B"],"character_chosen":"THE_SILENT","items_purchased":["Infinite Blades","MerchantsRug","Storm of Steel","halation:LostSnail","Sling","infinitespire:CheckeredPen","ReplayTheSpireMod:Scrap Shanks","Hidden Blade","Hidden Blade","Replay:Bootleg Shield Generator","ReplayTheSpireMod:Scrap Shanks","hubris:DuctTape"],"campfire_rested":6,"item_purchase_floors":[0,0,0,0,0,0,0,0,0,3,39,39],"current_hp_per_floor":[63,63,63,63,63,58,58,53,53,53,53,53,53,33,54,54,66,66,64,53,53,40,40,62,52,52,52,62,68,50,43,65,64,72,71,71,49,45,45,41,41,40,40,62,39,25,47,52,52,52,0,0],"gold":222,"neow_bonus":"","is_daily":false,"chose_seed":false,"campfire_upgraded":3,"win_rate":0.0,"timestamp":1610006158,"path_taken":["M","?","$","M","M","E","R","?","MIM","R","?","E","M","M","R_BF","BOSS","M","M","M","?","?","E","R","E","T","?","M","M","NM","M","R","BOSS","M","?","?","M","$","E","?","E","T","R","E","?","R","M","R","R","BOSS"],"items_purchased_type":["Card","Relic","Card","Relic","Relic","Relic","Card","Card","Card","Card","Card","Relic"],"build_version":"2020-12-22","purchased_purges":5,"victory":false,"max_hp_per_floor":[70,70,70,70,70,70,70,70,70,70,70,70,70,70,70,70,70,70,70,70,70,75,75,75,75,75,75,75,75,75,75,75,75,75,75,75,75,75,75,75,75,75,75,75,75,75,75,75,75,75,75,75],"card_choices":[{"not_picked":["Bane","hubris:SlightOfHand","Finisher"],"picked":"SKIP","floor":1},{"not_picked":["Flying Knee","Draining Mist","Deflect"],"picked":"SKIP","floor":4},{"not_picked":["Acrobatics","Fluid Movement"],"picked":"Hidden Blade","floor":5},{"not_picked":["Deflect","A Thousand Cuts","Poisoned Stab"],"picked":"SKIP","floor":6},{"not_picked":["Acrobatics","Flying Knee","Dodge and Roll"],"picked":"SKIP","floor":12},{"not_picked":["Quick Slash","Flying Knee","Bane"],"picked":"SKIP","floor":13},{"not_picked":["Backstab","Quick Slash","Bane"],"picked":"SKIP","floor":14},{"not_picked":["Acrobatics","Underhanded Strike"],"picked":"conspire:DoublingDagger","floor":18},{"not_picked":["Blur+1","Acrobatics"],"picked":"Blade Dance","floor":19},{"not_picked":["Cloak And Dagger","PiercingWail","Sucker Punch+1"],"picked":"SKIP","floor":20},{"not_picked":["Dagger Throw+1","Choke","Calculated Gamble"],"picked":"SKIP","floor":23},{"not_picked":["After Image","Heel Hook+1"],"picked":"Accuracy","floor":25},{"not_picked":["Toxin Wave","Backflip","Outmaneuver"],"picked":"SKIP","floor":28},{"not_picked":["hubris:SlightOfHand+1","Escape Plan+1","Reflex"],"picked":"SKIP","floor":29},{"not_picked":["Dagger Spray+1","Finisher+1","Reflex"],"picked":"SKIP","floor":30},{"not_picked":["PiercingWail","Dodge and Roll+1","Skewer+1"],"picked":"SKIP","floor":31},{"not_picked":["Acrobatics+1","Footwork","Dagger Throw+1"],"picked":"SKIP","floor":35},{"not_picked":["Distraction+1","Quick Slash+1","Deadly Poison"],"picked":"SKIP","floor":37},{"not_picked":["Backflip+1","PiercingWail+1"],"picked":"ReplayTheSpireMod:Shiv Toss+1","floor":38},{"not_picked":["Glass Knife+1","Catalyst+1","Toxin Wave"],"picked":"SKIP","floor":40},{"not_picked":["Dagger Throw+1","Dagger Spray+1","Expertise"],"picked":"SKIP","floor":42},{"not_picked":["Quick Slash+1","Draining Mist","Choke+1"],"picked":"SKIP","floor":45},{"not_picked":["Hidden Blade+1","Dagger Throw+1","Malaise"],"picked":"SKIP","floor":48}],"player_experience":597685,"relics_obtained":[{"floor":6,"key":"PreservedInsect"},{"floor":9,"key":"aspiration:FetidBarrel"},{"floor":12,"key":"hubris:Metronome"},{"floor":23,"key":"Pen Nib"},{"floor":25,"key":"Molten Egg 2"},{"floor":26,"key":"Vampiric Spirits"},{"floor":40,"key":"The Courier"},{"floor":42,"key":"Replay:Bottled Flurry"},{"floor":43,"key":"vexMod:BarristanHead"},{"floor":45,"key":"Replay:PocketPolymizer"},{"floor":46,"key":"Incense Burner"}],"event_choices":[{"damage_healed":0,"gold_gain":0,"player_choice":"Disagree","damage_taken":0,"max_hp_gain":0,"max_hp_loss":0,"event_name":"conspire:LoneGhost","floor":11,"gold_loss":0},{"damage_healed":0,"gold_gain":0,"player_choice":"Ignored","damage_taken":0,"max_hp_gain":0,"max_hp_loss":0,"event_name":"The Mausoleum","floor":21,"gold_loss":0},{"damage_healed":0,"gold_gain":0,"player_choice":"Shed Blood","damage_taken":18,"max_hp_gain":5,"max_hp_loss":0,"event_name":"Forgotten Altar","floor":22,"gold_loss":0},{"damage_healed":0,"gold_gain":0,"player_choice":"Ignored","damage_taken":0,"max_hp_gain":0,"max_hp_loss":0,"event_name":"Transmorgrifier","floor":36,"gold_loss":0},{"damage_healed":0,"gold_gain":0,"player_choice":"Fight","damage_taken":0,"max_hp_gain":0,"max_hp_loss":0,"event_name":"MindBloom","floor":46,"gold_loss":0}],"is_beta":false,"boss_relics":[{"not_picked":["Replay:Ancient Bell","Astrolabe","hubris:VirtuousBlindfold"]},{"not_picked":["conspire:SeveredTorchhead","energizedSpire:DeadBattery"],"picked":"hubris:RunicObelisk"}],"items_purged_floors":[0,0,0,8,39],"is_endless":true,"potions_floor_spawned":[1,12,13,16,18,19,29,31,33,35,38,45,48],"killed_by":"Awakened One","ascension_level":9}}