{"host":"65aqouwnlnzlnyrz","time":1610011400,"event":{"mods":["10 clothes from DAL","ATMod(阿瑾Mod)","Ascension Reborn","Aspiration","BaseMod","Better Vampires","Conspire","FoggyMod","Hunter 猎人","KinomotoSakuraMod(木之本樱)","Luminous","Marisa（F雨　魔理沙）","Marked Mod","Minty Spire (QoL Compilation)","Reimu（博丽灵梦）","Replay The Spire","Spicy Shops","StSLib","TestMod","The Construct","The Cursed","The Runesmith","The Servant 0.9.4","Youmu（魂魄妖梦）","[IsaacMod]以撒尖塔","vexMod","【功能Mod】Neow奖励","【功能Mod】聪明的最终Boss","【遗物Mod】死灵法师NEW","【遗物Mod】简单游戏","【遗物卡牌】REMEMod","没有小屋子和绿帽子啦"],"gold_per_floor":[144,94,94,19,39,39,39,39,39,98,140,140,213,213,213,414,414,448,471,471,471,489,439,399,82,82,82,82,82,82,82,82,249,249,276,357,757,800,55,101,101,41,41,41,41,68,139,183,183,192,192],"floor_reached":50,"playtime":4229,"items_purged":["Strike_Giant","Injury"],"score":691,"play_id":"5b308b52-3a18-4977-b2b5-24901d3f3fb4","local_time":"20210107172320","is_ascension_mode":true,"campfire_choices":[{"data":"DoctorFetus","floor":6,"key":"SMITH"},{"floor":15,"key":"DIG"},{"floor":28,"key":"RECALL"},{"data":"GhostForm_Giant","floor":32,"key":"SMITH"},{"floor":45,"key":"REST"},{"data":"Infinite Combo","floor":49,"key":"SMITH"}],"circlet_count":0,"master_deck":["Defend_Giant","Defend_Giant","CultistPetCall+1","EagleFirst","EagleFirst","EagleSecond","DoctorFetus+1","AT_BodySlamDance+1","Pummel Giant","Commander_Giant","Fanatic Cultist","CultistPetCall+1","GhostForm_Giant+1","Fanatic Cultist+1","Fanatic Cultist+1","TakeAction_Giant+1","Fanatic Cultist","CultistPetCall+1","ZunPunch:ReiMu","Recover HP","Combo Defend+1","Death Prophecy+1","Time Travel","EagleThird+1","Infinite Combo+1"],"relics":["GiantSoulBox","EasyRelic","HushsDoor","testmod-TestBox","testmod-HeartOfStrike","BloodDonationMachine","REME_ArchaeologicalTools","Golden Idol","TungstenRod","ReplayTheSpireMod:Ninjato","GiantSoulStone","Astrolabe","vexMod:BarristanHead","m_SnakeCloak","Lee\u0027s Waffle","Strawberry","Replay:Bottled Eggs","testmod-NegativeEmotionEnhancer","testmod-IndustrialRevolution","Strange Spoon","Regal Pillow","Replay:Bottled Steam","Eternal Feather","AT_ATBox","vexMod:ScavengeHelm","RuthlessExorcism:ReiMu"],"acts_visited":["Exordium","TheCity","TheBeyond"],"potions_floor_usage":[33,40,40,40,40,48,50],"damage_taken":[{"damage":8,"enemies":"Small Slimes","floor":1,"turns":3},{"damage":4,"enemies":"Jaw Worm","floor":5,"turns":2},{"damage":0,"enemies":"Gremlin Nob","floor":10,"turns":2},{"damage":0,"enemies":"conspire:RoseBush","floor":11,"turns":2},{"damage":0,"enemies":"Lagavulin","floor":13,"turns":2},{"damage":9,"enemies":"Fading Forest","floor":16,"turns":11},{"damage":10,"enemies":"3 Byrds","floor":18,"turns":3},{"damage":38,"enemies":"2 Thieves","floor":22,"turns":4},{"damage":13,"enemies":"Automaton","floor":33,"turns":6},{"damage":39,"enemies":"3 Darklings","floor":35,"turns":3},{"damage":6,"enemies":"3 Shapes","floor":38,"turns":5},{"damage":34,"enemies":"Reptomancer","floor":40,"turns":4},{"damage":94,"enemies":"Writhing Mass","floor":46,"turns":6},{"damage":5,"enemies":"conspire:MimicChest","floor":48,"turns":3},{"damage":99,"enemies":"Time Eater","floor":50,"turns":5}],"seed_played":"4335764390019752800","potions_obtained":[{"floor":11,"key":"FearPotion"},{"floor":16,"key":"Dexterity Potion"},{"floor":27,"key":"Block Potion"},{"floor":36,"key":"SpiritPotion Giant"},{"floor":38,"key":"EntropicBrew"},{"floor":40,"key":"Cursed Concoction"},{"floor":46,"key":"Weak Potion"}],"is_trial":false,"path_per_floor":["M","?","?","$","M","R","$","?","T","E","M","?","E","?","R","B",null,"M","T","?","?","M","$","?","$","T","?","R","$","?","?","R","B",null,"M","?","?","M","$","E","?","$","T","?","R","M","T","?","R","B"],"character_chosen":"Giant","items_purchased":["CultistPetCall","Lee\u0027s Waffle","Strawberry","Strange Spoon","Time Travel","Regal Pillow","EagleThird+1"],"campfire_rested":1,"item_purchase_floors":[23,25,25,39,39,39,42],"current_hp_per_floor":[62,62,62,62,58,58,58,58,58,63,63,63,68,68,68,64,85,75,75,75,75,37,37,37,99,99,99,99,99,99,99,99,95,104,73,48,48,51,51,44,44,44,44,44,103,80,80,80,95,0,0],"gold":192,"neow_bonus":"RANDOM_EVENT","is_daily":false,"chose_seed":false,"campfire_upgraded":3,"win_rate":0.0,"timestamp":1610011400,"path_taken":["M","?","?","?","?","R","$","?","T","E","?","?","E","?","R","BOSS","M","?","?","?","?","$","?","$","T","?","R","$","?","?","R","BOSS","M","?","?","?","?","E","?","$","T","?","R","?","?","?","R","BOSS"],"items_purchased_type":["Card","Relic","Relic","Relic","Card","Relic","Card"],"build_version":"2020-12-22","purchased_purges":2,"victory":false,"max_hp_per_floor":[70,70,70,70,70,70,70,70,70,75,75,75,80,80,80,85,85,85,85,85,85,85,85,85,99,99,99,99,99,99,99,99,104,104,105,105,105,106,106,107,107,107,107,107,107,108,108,109,109,109,109],"card_choices":[{"not_picked":[],"picked":"ChaosCard","floor":0},{"not_picked":["Protect_Giant","Echo Defend Giant"],"picked":"Pummel Giant","floor":1},{"not_picked":["Combo Recycle","Echo Defend Giant"],"picked":"Commander_Giant","floor":5},{"not_picked":["Retain Combo","Combo Defend"],"picked":"Fanatic Cultist","floor":10},{"not_picked":["Ready_Giant","Echo Defend Giant"],"picked":"Echo Attack","floor":11},{"not_picked":["BattleMaster_Giant","Combo Recycle"],"picked":"CultistPetCall","floor":13},{"not_picked":["Storm Of Blood","Echo Attack"],"picked":"GhostForm_Giant","floor":16},{"not_picked":["EagleSecond","Trace_Giant"],"picked":"Fanatic Cultist","floor":18},{"not_picked":["Dagger Throw","Unload"],"picked":"Ready_Giant+1","floor":22},{"not_picked":["Unlimited Combo","Echo Attack"],"picked":"Recover HP","floor":33},{"not_picked":["Struggle Attack","EagleSecond+1","HPGrowth_Giant+1"],"picked":"SKIP","floor":35},{"not_picked":["Clone Minion","HPGrowth_Giant"],"picked":"Combo Defend+1","floor":36},{"not_picked":["Struggle Attack+1","Combo Connect+1"],"picked":"Death Prophecy+1","floor":36},{"not_picked":["TakeAction_Giant+1","Meditate Giant+1","Random Death Rattle+1"],"picked":"SKIP","floor":38},{"not_picked":["Duplicate Hand","Struggle Attack+1","Calmness Giant+1"],"picked":"SKIP","floor":40},{"not_picked":["Combo Recycle","Ready_Giant+1","One Blood"],"picked":"SKIP","floor":46},{"not_picked":["Combo Connect+1","Combo Recycle"],"picked":"Infinite Combo","floor":48}],"player_experience":68403,"relics_obtained":[{"floor":10,"key":"REME_ArchaeologicalTools"},{"floor":13,"key":"TungstenRod"},{"floor":15,"key":"ReplayTheSpireMod:Ninjato"},{"floor":16,"key":"GiantSoulStone"},{"floor":19,"key":"vexMod:BarristanHead"},{"floor":26,"key":"Replay:Bottled Eggs"},{"floor":36,"key":"testmod-IndustrialRevolution"},{"floor":40,"key":"Replay:Bottled Steam"},{"floor":43,"key":"Eternal Feather"},{"floor":47,"key":"vexMod:ScavengeHelm"},{"floor":48,"key":"RuthlessExorcism:ReiMu"}],"event_choices":[{"damage_healed":0,"gold_gain":0,"player_choice":"Donut","damage_taken":0,"max_hp_gain":5,"max_hp_loss":0,"event_name":"Big Fish","floor":0,"gold_loss":0},{"cards_removed":["Strike_Giant"],"damage_healed":0,"gold_gain":0,"player_choice":"Card Removal","damage_taken":0,"max_hp_gain":0,"max_hp_loss":0,"event_name":"The Cleric","floor":2,"gold_loss":50},{"damage_healed":0,"gold_gain":0,"player_choice":"Take Wound","damage_taken":0,"relics_obtained":["Golden Idol"],"max_hp_gain":0,"max_hp_loss":0,"event_name":"Golden Idol","floor":12,"gold_loss":0,"cards_obtained":["Injury"]},{"damage_healed":0,"gold_gain":0,"player_choice":"交出神酒","damage_taken":0,"max_hp_gain":0,"max_hp_loss":0,"event_name":"ZunEvent","floor":24,"relics_lost":["ZunR:ReiMu"],"gold_loss":0,"cards_obtained":["ZunPunch:ReiMu"]},{"damage_healed":0,"gold_gain":0,"player_choice":"Got Potions","damage_taken":0,"max_hp_gain":0,"max_hp_loss":0,"event_name":"Lab","floor":27,"gold_loss":0},{"cards_removed":["Ready_Giant"],"damage_healed":5,"gold_gain":0,"player_choice":"Offered Common","damage_taken":0,"max_hp_gain":0,"max_hp_loss":0,"event_name":"Bonfire Elementals","floor":31,"gold_loss":0},{"cards_removed":["Ready_Giant"],"damage_healed":5,"gold_gain":0,"player_choice":"Offered Special","damage_taken":0,"max_hp_gain":0,"max_hp_loss":0,"event_name":"Bonfire Elementals","floor":31,"gold_loss":0},{"damage_healed":0,"gold_gain":400,"player_choice":"Sell","damage_taken":0,"max_hp_gain":0,"max_hp_loss":0,"event_name":"恩洛斯的盘子","floor":37,"relics_lost":["REME_ComplimentaryCards"],"gold_loss":0},{"damage_healed":0,"gold_gain":0,"player_choice":"Ignored","damage_taken":0,"max_hp_gain":0,"max_hp_loss":0,"event_name":"Tomb of Lord Red Mask","floor":41,"gold_loss":0},{"damage_healed":0,"gold_gain":0,"player_choice":"Swap Relic","damage_taken":0,"relics_obtained":["AT_ATBox"],"max_hp_gain":0,"max_hp_loss":0,"event_name":"给自己的盒子","floor":44,"relics_lost":["AT_ATBox"],"gold_loss":0}],"is_beta":false,"boss_relics":[{"not_picked":["REME_LowDesire","vexMod:BigBerry"],"picked":"Astrolabe"},{"not_picked":[]},{"not_picked":["construct:ClawGrip","REME_DuelDisc"],"picked":"testmod-NegativeEmotionEnhancer"},{"not_picked":[]}],"items_purged_floors":[4,25],"is_endless":false,"potions_floor_spawned":[11,16,38,40,46],"killed_by":"Time Eater","ascension_level":0}}