{"host":"crjmoxe2wwb87pm5","time":1610041374,"event":{"mods":["BaseMod","Colored Map","GifTheSpireLib","Infinite Spire","Minty Spire (QoL Compilation)","Replay The Spire","StSLib"],"gold_per_floor":[116,126,126,126,137,137,153,163,163,163,182,182,199,36,36,135,135,115,133,50,50,50],"floor_reached":21,"playtime":1190,"items_purged":[],"score":173,"play_id":"28e6c39f-931f-4182-a910-02cea333c389","local_time":"20210107124254","is_ascension_mode":false,"campfire_choices":[{"data":"Life Link","floor":6,"key":"SMITH"},{"data":"Infernal Blade","floor":12,"key":"SMITH"},{"floor":15,"key":"REST"}],"circlet_count":0,"master_deck":["Strike_R","Strike_R","Strike_R","Strike_R","Defend_R","Defend_R","Defend_R","Defend_R","Bash","Immolate","Life Link+1","Flex+1","Infernal Blade+1","Spot Weakness","Bloodletting","Heavy Blade","Impervious","Limit Break","Shrug It Off+1","Armaments"],"relics":["Burning Blood","Art of War","Snack Pack","Empty Cage","Replay:Wax Seal"],"acts_visited":["Exordium","TheCity"],"potions_floor_usage":[16,16,16,21],"damage_taken":[{"damage":0,"enemies":"Small Slimes","floor":1,"turns":2},{"damage":1,"enemies":"Jaw Worm","floor":2,"turns":4},{"damage":7,"enemies":"2 Louse","floor":5,"turns":2},{"damage":0,"enemies":"Lots of Slimes","floor":7,"turns":1},{"damage":18,"enemies":"Large Slime","floor":8,"turns":3},{"damage":8,"enemies":"Exordium Wildlife","floor":11,"turns":3},{"damage":23,"enemies":"Exordium Thugs","floor":13,"turns":3},{"damage":57,"enemies":"Fading Forest","floor":16,"turns":11},{"damage":30,"enemies":"2 Thieves","floor":18,"turns":4},{"damage":45,"enemies":"3 Byrds","floor":19,"turns":6},{"damage":10,"enemies":"Shelled Parasite and Fungi","floor":21,"turns":3}],"seed_played":"2362474802477768888","potions_obtained":[{"floor":5,"key":"Weak Potion"},{"floor":7,"key":"Ancient Potion"},{"floor":10,"key":"Reflective Coating"},{"floor":18,"key":"Flashbang"}],"is_trial":false,"path_per_floor":["M","M","?","?","M","R","M","M","T","?","M","R","M","$","R","B",null,"M","M","$","M"],"character_chosen":"IRONCLAD","items_purchased":["Impervious","Replay:Wax Seal"],"campfire_rested":1,"item_purchase_floors":[14,20],"current_hp_per_floor":[80,80,80,80,79,79,80,68,68,68,66,66,49,49,73,24,80,58,21,21,11,11],"gold":50,"neow_bonus":"ONE_RANDOM_RARE_CARD","is_daily":false,"chose_seed":false,"campfire_upgraded":2,"win_rate":0.0,"timestamp":1610041374,"path_taken":["M","M","?","?","M","R","?","M","T","?","M","R","M","$","R","BOSS","M","M","?","M"],"items_purchased_type":["Card","Relic"],"build_version":"2020-12-22","purchased_purges":0,"victory":false,"max_hp_per_floor":[80,80,80,80,80,80,80,80,80,80,80,80,80,80,80,80,80,80,80,80,80,80],"card_choices":[{"not_picked":["Inflame","Anger"],"picked":"Body Slam","floor":1},{"not_picked":["Feel No Pain","Anger"],"picked":"Life Link","floor":2},{"not_picked":["Havoc","ReplayTheSpireMod:LeadingStrike","Run Through"],"picked":"SKIP","floor":5},{"not_picked":["Dark Embrace","Clothesline"],"picked":"Infernal Blade","floor":7},{"not_picked":["Rage","Run Through"],"picked":"Spot Weakness","floor":8},{"not_picked":["Anger","Cleave"],"picked":"Bloodletting","floor":11},{"not_picked":["Feel No Pain","ReplayTheSpireMod:Strike From Hell"],"picked":"Heavy Blade","floor":13},{"not_picked":["Eclipse","Fiend Fire"],"picked":"Limit Break","floor":16},{"not_picked":["Shockwave","Reckless Charge+1"],"picked":"Shrug It Off+1","floor":18},{"not_picked":["Shrug It Off","Perfected Strike"],"picked":"Armaments","floor":19}],"player_experience":113068,"relics_obtained":[{"floor":9,"key":"Snack Pack"}],"event_choices":[{"damage_healed":0,"gold_gain":0,"player_choice":"Box","damage_taken":0,"relics_obtained":["Art of War"],"max_hp_gain":0,"max_hp_loss":0,"event_name":"Big Fish","floor":3,"gold_loss":0,"cards_obtained":["Regret"]},{"damage_healed":0,"gold_gain":0,"player_choice":"Got Potions","damage_taken":0,"max_hp_gain":0,"max_hp_loss":0,"event_name":"Lab","floor":10,"gold_loss":0}],"is_beta":false,"boss_relics":[{"not_picked":["Runic Cube","ReplayTheSpireMod:DimensionalGlitch"],"picked":"Empty Cage"}],"items_purged_floors":[],"is_endless":false,"potions_floor_spawned":[5,7,11,18],"killed_by":"Shelled Parasite and Fungi","ascension_level":0}}