{"host":"gg","time":1610000499,"event":{"mods":["BaseMod","Colored Map","Googly Eyes","Minty Spire (QoL Compilation)","Permanent Neow","Relic Stats","The IronCluck"],"gold_per_floor":[110,35,55,66,78,106,106,139,163,198,198,233,251,251,251,346,346,361,361,361,375,375,415,79,104,157,172,172,205,221,255,255,354,354,377,120,136,159,204,260,260,295,295,330,330,344,344,400,400,425,425,425],"floor_reached":51,"playtime":4552,"items_purged":["Defend_P","Shame"],"score":1805,"play_id":"f53e15c0-5b34-4e7f-ab39-787f81f9f230","local_time":"20210106222139","is_ascension_mode":true,"campfire_choices":[{"data":"Blasphemy","floor":11.0,"key":"SMITH"},{"data":"CrushJoints","floor":15.0,"key":"SMITH"},{"data":"Scrawl","floor":28.0,"key":"SMITH"},{"data":"Eruption","floor":32.0,"key":"SMITH"},{"data":"TalkToTheHand","floor":41.0,"key":"SMITH"},{"data":"TalkToTheHand","floor":45.0,"key":"SMITH"},{"floor":49,"key":"RECALL"}],"circlet_count":0,"master_deck":["AscendersBane","Strike_P","Strike_P","Strike_P","Strike_P","Defend_P","Eruption+1","Vigilance","SashWhip","CutThroughFate","Consecrate","EmptyFist","Blasphemy+1","Wallop","Sanctity","CrushJoints+1","Scrawl+1","TalkToTheHand+1","Vault","MentalFortress","Wallop","Indignation","FlyingSleeves+1","Adaptation+1","Scrawl","BattleHymn+1","Establishment+1","CutThroughFate","TalkToTheHand+1","Wish","CurseOfTheBell","FlurryOfBlows","FlurryOfBlows","Fasting2+1","ThirdEye+1","WaveOfTheHand","ForeignInfluence+1"],"relics":["Sozu","Akabeko","Golden Idol","Odd Mushroom","Blood Vial","Vajra","Bronze Scales","Cursed Key","Enchiridion","Frozen Egg 2","Orrery","TeardropLocket","Lantern","Calling Bell","PreservedInsect","Eternal Feather","Bird Faced Urn","ClockworkSouvenir","Omamori","Toxic Egg 2","Sundial","Singing Bowl","Thread and Needle"],"acts_visited":["Exordium","TheCity","TheBeyond"],"potions_floor_usage":[],"damage_taken":[{"damage":4.0,"enemies":"Cultist","floor":1.0,"turns":4.0},{"damage":3.0,"enemies":"2 Louse","floor":3.0,"turns":3.0},{"damage":3.0,"enemies":"Jaw Worm","floor":4.0,"turns":3.0},{"damage":0.0,"enemies":"Large Slime","floor":5.0,"turns":3.0},{"damage":0.0,"enemies":"Gremlin Nob","floor":6.0,"turns":2.0},{"damage":0.0,"enemies":"The Mushroom Lair","floor":8.0,"turns":2.0},{"damage":12.0,"enemies":"3 Sentries","floor":10.0,"turns":5.0},{"damage":0.0,"enemies":"Gremlin Nob","floor":12.0,"turns":1.0},{"damage":0.0,"enemies":"Exordium Thugs","floor":13.0,"turns":3.0},{"damage":23.0,"enemies":"The Guardian","floor":16.0,"turns":7.0},{"damage":1.0,"enemies":"3 Byrds","floor":18.0,"turns":3.0},{"damage":0.0,"enemies":"Spheric Guardian","floor":21.0,"turns":1.0},{"damage":6.0,"enemies":"Book of Stabbing","floor":23.0,"turns":2.0},{"damage":0.0,"enemies":"Snecko","floor":25.0,"turns":2.0},{"damage":0.0,"enemies":"Centurion and Healer","floor":27.0,"turns":2.0},{"damage":0.0,"enemies":"Slavers","floor":29.0,"turns":2.0},{"damage":0.0,"enemies":"Snake Plant","floor":30.0,"turns":2.0},{"damage":4.0,"enemies":"Gremlin Leader","floor":31.0,"turns":4.0},{"damage":14.0,"enemies":"Automaton","floor":33.0,"turns":6.0},{"damage":11.0,"enemies":"Orb Walker","floor":35.0,"turns":2.0},{"damage":22.0,"enemies":"3 Shapes","floor":37.0,"turns":2.0},{"damage":10.0,"enemies":"Writhing Mass","floor":38.0,"turns":2.0},{"damage":22.0,"enemies":"Spire Growth","floor":39.0,"turns":3.0},{"damage":0.0,"enemies":"Reptomancer","floor":40.0,"turns":3.0},{"damage":16.0,"enemies":"Nemesis","floor":42.0,"turns":3.0},{"damage":0.0,"enemies":"Giant Head","floor":44.0,"turns":2.0},{"damage":5.0,"enemies":"Sphere and 2 Shapes","floor":46.0,"turns":3.0},{"damage":22,"enemies":"2 Orb Walkers","floor":48,"turns":3},{"damage":49,"enemies":"Time Eater","floor":50,"turns":6},{"damage":18,"enemies":"Awakened One","floor":51,"turns":1}],"seed_played":"7816230167296494493","potions_obtained":[],"is_trial":false,"path_per_floor":["M","$","M","M","M","E","?","?","T","E","R","E","M","?","R","B",null,"M","?","$","M","?","E","$","M","T","M","R","E","M","E","R","B",null,"M","$","M","M","M","E","R","E","T","E","R","M","?","?","R","B","B"],"character_chosen":"WATCHER","items_purchased":["Orrery","Scrawl","ClockworkSouvenir"],"campfire_rested":0,"item_purchase_floors":[24,24,36],"current_hp_per_floor":[57,57,54,51,51,51,51,51,51,41,41,43,45,45,45,24,53,54,54,54,56,35,31,31,33,33,35,35,37,39,37,37,25,53,52,52,40,38,26,34,55,48,48,62,64,61,61,43,63,16,0,0],"gold":425,"neow_bonus":"BOSS_RELIC","is_daily":false,"chose_seed":false,"campfire_upgraded":6,"win_rate":0.0,"timestamp":1610000499,"path_taken":["M","?","M","?","M","E","?","?","T","E","R","E","M","?","R","BOSS","M","?","$","M","?","E","$","?","T","M","R","E","M","E","R","BOSS","M","$","M","M","?","E","R","E","T","E","R","M","?","?","R","BOSS","BOSS"],"items_purchased_type":["Relic","Card","Relic"],"build_version":"2020-12-18","purchased_purges":2,"victory":false,"max_hp_per_floor":[68,68,68,68,68,68,62,62,62,62,62,62,62,62,62,62,62,62,62,62,62,62,62,62,62,62,62,62,62,62,62,62,62,62,62,62,62,62,62,62,62,62,62,64,64,66,63,63,63,63,63,63],"relic_stats":{"Sozu":12,"Blood Vial":44,"Singing Bowl":4,"counters":[30,87],"Golden Idol":173,"Sundial":[0],"Bronze Scales":[141],"Bird Faced Urn":[57],"Eternal Feather":43,"PreservedInsect":241,"Cursed Key":2,"obtain_stats":[{"Lantern":31,"Singing Bowl":44,"Golden Idol":7,"Vajra":10,"Enchiridion":22,"Eternal Feather":34,"Thread and Needle":48,"PreservedInsect":34,"Omamori":40,"TeardropLocket":29,"Odd Mushroom":8,"Frozen Egg 2":23,"Cursed Key":17,"Akabeko":6,"ClockworkSouvenir":36,"Sozu":0,"Blood Vial":9,"Calling Bell":34,"Sundial":43,"Bronze Scales":12,"Bird Faced Urn":34,"Orrery":24,"PureWater":0,"Toxic Egg 2":42},{"Lantern":18,"Singing Bowl":26,"Golden Idol":5,"Vajra":7,"Enchiridion":12,"Eternal Feather":19,"Thread and Needle":28,"PreservedInsect":19,"Omamori":24,"TeardropLocket":16,"Odd Mushroom":6,"Frozen Egg 2":13,"Cursed Key":10,"Akabeko":5,"ClockworkSouvenir":20,"Sozu":0,"Blood Vial":6,"Calling Bell":19,"Sundial":25,"Bronze Scales":8,"Bird Faced Urn":19,"Orrery":13,"PureWater":0,"Toxic Egg 2":25},{"Lantern":51,"Singing Bowl":74,"Golden Idol":15,"Vajra":22,"Enchiridion":37,"Eternal Feather":57,"Thread and Needle":80,"PreservedInsect":57,"Omamori":69,"TeardropLocket":45,"Odd Mushroom":17,"Frozen Egg 2":39,"Cursed Key":33,"Akabeko":15,"ClockworkSouvenir":59,"Sozu":0,"Blood Vial":17,"Calling Bell":57,"Sundial":72,"Bronze Scales":23,"Bird Faced Urn":57,"Orrery":39,"PureWater":0,"Toxic Egg 2":72}]},"card_choices":[{"not_picked":["Pray","PathToVictory"],"picked":"SashWhip","floor":1.0},{"not_picked":["FlurryOfBlows","EmptyFist"],"picked":"CutThroughFate","floor":3.0},{"not_picked":["EmptyBody","Worship"],"picked":"Consecrate","floor":4.0},{"not_picked":["JustLucky","EmptyBody"],"picked":"EmptyFist","floor":5.0},{"not_picked":["BattleHymn","Consecrate"],"picked":"Blasphemy","floor":6.0},{"not_picked":["SashWhip","ForeignInfluence"],"picked":"Wallop","floor":10.0},{"not_picked":["PathToVictory","FollowUp"],"picked":"Sanctity","floor":12.0},{"not_picked":["FearNoEvil","LikeWater"],"picked":"CrushJoints","floor":13.0},{"not_picked":["Ragnarok","DeusExMachina"],"picked":"Scrawl","floor":16.0},{"not_picked":["CutThroughFate","LikeWater"],"picked":"TalkToTheHand","floor":18.0},{"not_picked":["EmptyMind","Crescendo","PathToVictory"],"picked":"SKIP","floor":21.0},{"not_picked":["PathToVictory","EmptyBody"],"picked":"Wallop","floor":23.0},{"not_picked":["WindmillStrike","JustLucky+1"],"picked":"Indignation","floor":24.0},{"not_picked":["Worship","JustLucky"],"picked":"FlyingSleeves+1","floor":24.0},{"not_picked":["Worship","Pray"],"picked":"Adaptation+1","floor":24.0},{"not_picked":["Collect+1","ClearTheMind"],"picked":"BattleHymn+1","floor":25.0},{"not_picked":["Evaluate","SashWhip+1","Vengeance+1"],"picked":"SKIP","floor":27.0},{"not_picked":["JustLucky","SignatureMove"],"picked":"Establishment+1","floor":29.0},{"not_picked":["SashWhip","Perseverance+1"],"picked":"CutThroughFate","floor":30.0},{"not_picked":["SashWhip","Weave"],"picked":"TalkToTheHand","floor":31.0},{"not_picked":["Alpha","DeusExMachina"],"picked":"Wish","floor":33.0},{"not_picked":["JustLucky","PathToVictory"],"picked":"FlurryOfBlows","floor":35.0},{"not_picked":["Prostrate+1","PathToVictory"],"picked":"FlurryOfBlows","floor":37.0},{"not_picked":["ThirdEye","Crescendo"],"picked":"Fasting2+1","floor":38.0},{"not_picked":["Collect","Indignation"],"picked":"ThirdEye+1","floor":39.0},{"not_picked":["SpiritShield","BowlingBash"],"picked":"WaveOfTheHand","floor":40.0},{"not_picked":["FlurryOfBlows","SashWhip","Swivel+1"],"picked":"SKIP","floor":42.0},{"not_picked":["Fasting2+1","SashWhip","Consecrate"],"picked":"Singing Bowl","floor":44.0},{"not_picked":["Crescendo+1","Prostrate+1","WindmillStrike"],"picked":"Singing Bowl","floor":46.0},{"not_picked":["BowlingBash","WindmillStrike"],"picked":"ForeignInfluence+1","floor":48}],"player_experience":1080017,"relics_obtained":[{"floor":6.0,"key":"Akabeko"},{"floor":8.0,"key":"Odd Mushroom"},{"floor":9.0,"key":"Blood Vial"},{"floor":10.0,"key":"Vajra"},{"floor":12.0,"key":"Bronze Scales"},{"floor":22.0,"key":"Enchiridion"},{"floor":23.0,"key":"Frozen Egg 2"},{"floor":29.0,"key":"TeardropLocket"},{"floor":31.0,"key":"Lantern"},{"floor":34.0,"key":"PreservedInsect"},{"floor":34.0,"key":"Eternal Feather"},{"floor":34.0,"key":"Bird Faced Urn"},{"floor":40.0,"key":"Omamori"},{"floor":42.0,"key":"Toxic Egg 2"},{"floor":43.0,"key":"Sundial"},{"floor":44.0,"key":"Singing Bowl"},{"floor":48,"key":"Thread and Needle"}],"event_choices":[{"damage_healed":0.0,"max_hp_gain":0.0,"max_hp_loss":6.0,"gold_gain":0.0,"event_name":"Golden Idol","player_choice":"Lose Max HP","floor":7.0,"gold_loss":0.0,"damage_taken":0.0,"relics_obtained":["Golden Idol"]},{"damage_healed":0.0,"max_hp_gain":0.0,"max_hp_loss":0.0,"gold_gain":0.0,"event_name":"Mushrooms","player_choice":"Fought Mushrooms","floor":8.0,"gold_loss":0.0,"damage_taken":0.0},{"damage_healed":0.0,"max_hp_gain":0.0,"max_hp_loss":0.0,"gold_gain":0.0,"event_name":"Liars Game","player_choice":"Ignored","floor":14.0,"gold_loss":0.0,"damage_taken":0.0},{"damage_healed":0.0,"max_hp_gain":0.0,"max_hp_loss":0.0,"gold_gain":0.0,"cards_transformed":["Defend_P","Defend_P"],"event_name":"Drug Dealer","player_choice":"Became Test Subject","floor":19.0,"gold_loss":0.0,"damage_taken":0.0,"cards_obtained":["Vault","MentalFortress"]},{"damage_healed":0.0,"max_hp_gain":0.0,"max_hp_loss":0.0,"gold_gain":0.0,"event_name":"Cursed Tome","player_choice":"Obtained Book","floor":22.0,"gold_loss":0.0,"damage_taken":21.0},{"damage_healed":0,"gold_gain":0,"player_choice":"Max HP","damage_taken":0,"max_hp_gain":0,"max_hp_loss":3,"event_name":"Winding Halls","floor":47,"gold_loss":0},{"damage_healed":0,"gold_gain":0,"player_choice":"Fight","damage_taken":0,"max_hp_gain":0,"max_hp_loss":0,"event_name":"Mysterious Sphere","floor":48,"gold_loss":0}],"is_beta":true,"boss_relics":[{"not_picked":["Astrolabe","Velvet Choker"],"picked":"Cursed Key"},{"not_picked":["SlaversCollar","Busted Crown"],"picked":"Calling Bell"}],"items_purged_floors":[2,36],"is_endless":false,"potions_floor_spawned":[1,3,8,16,25,29,30,33,37,40,42,48],"killed_by":"Awakened One","ascension_level":20}}