{"host":"5s7sm4h73jkd9266","time":1610019390,"event":{"mods":["AchievementEnabler","Bartender","BaseMod","Better Match","Better Vampires","BetterRewards","Colored Map","Colored Powertips","Conspire","Downfall","Energized Spire","GifTheSpireLib","Hermit","Hubris","Magitek Elite","Marisa????????","Melee Mod","Minty Spire (QoL Compilation)","Potion Indicator Mod","Rare Cards Sparkle","Relic Stats","Replay The Spire","Robot Space Explorer","Shop Mod","StSLib","Stuff the Spire","The Bladedancer","The Blue Laboratory","The Cursed","The Disciple","The Dragon Tamer","The Forsaken","The Necromancer","The Wild Card","The Witch","Virulent Crown","everything is the same but u backflip on backflip","slay the spire mod where everything is the same but ironclad has a cowboy hat","vexMod"],"gold_per_floor":[99,114,129,144,3,3,78,117,117,147,162,177,177,1,16,116,116,116,131,131,146,146,146,146,161,176,176,176,176,9,0,15,115,115,115,115,130,145,160,214,239,254,254,254,254,269,269,16,31,31],"floor_reached":51,"playtime":15708,"items_purged":[],"score":699,"play_id":"5123b6cc-4fb1-485a-a127-d8d4b85ccdc6","local_time":"20210107063630","daily_mods":["Specialized","Time Dilation","downfall:WorldOfGoo"],"is_ascension_mode":false,"campfire_choices":[{"floor":1.0,"key":"DIG"},{"floor":9.0,"key":"REST"},{"data":"expansioncontent:Collect","floor":13.0,"key":"SMITH"},{"data":"hexamod:WildfireWeapon","floor":18.0,"key":"SMITH"},{"data":"hexamod:CrushingStance","floor":23.0,"key":"SMITH"},{"floor":27.0,"key":"REST"},{"data":"hexamod:NightmareGuise","floor":29.0,"key":"SMITH"},{"data":"hexamod:EmpoweredFlame","floor":35.0,"key":"SMITH"},{"floor":43.0,"key":"REST"},{"floor":45.0,"key":"REST"},{"floor":47.0,"key":"REST"}],"circlet_count":0,"master_deck":["hexamod:Strike","hexamod:Strike","hexamod:Strike","hexamod:Strike","hexamod:Defend","hexamod:Defend+1","hexamod:Defend","hexamod:Defend","hexamod:Sear","hexamod:Float","hexamod:RecurringNightmare","hexamod:RecurringNightmare","hexamod:RecurringNightmare","hexamod:RecurringNightmare","hexamod:RecurringNightmare","hexamod:NightmareStrike","hexamod:EmpoweredFlame","hexamod:SpectersWail","hexamod:ThirdSeal","expansioncontent:Collect+1","hexamod:GhostLash+1","hexamod:GhostLash","hexamod:InspiringFlames","hexamod:SoulSteal","hexamod:CrushingStance+1","hexamod:BurningTouch","hexamod:ApocalypseNow","hexamod:PhantomFireball","hexamod:Again","hexamod:Firestarter","hexamod:WildfireWeapon","hexamod:WildfireWeapon+1","hexamod:SpectralSpark+1","hexamod:TimeWarp","hexamod:NightmareGuise+1","hexamod:BacktrackSmack+1","hexamod:Incineration+1","hexamod:NecessarySacrifice","hexamod:RadiantFlame","hexamod:SwordOfDarkness","hexamod:Hexaguard","hexamod:Hexaguard+1","hexamod:EmpoweredFlame+1","hexamod:VolcanoVisage","hexamod:Hexaguard+1","hexamod:SwordOfDarkness+1","hexamod:CatchUp+1","hexamod:StepThrough+1","hexamod:HeatMetal","Trip","hexamod:HauntingEcho","hexamod:ChargedBarrage","hexamod:AdvancingGuard","hexamod:UnlimitedPower","hexamod:AdvancingGuard+1","hexamod:StepThrough+1","hexamod:RadiantFlame","hubris:EnhanceAbility","hexamod:GhostOfSpirePast+1","hexamod:NightmareStrike"],"relics":["hexamod:SpiritBrand","Replay:Rubber Ducky","Garlic","conspire:TopHat","hexamod:SoulConsumer","hexamod:IceCube","Onion Ring","Black Star","Akabeko","hubris:Icosahedron"],"acts_visited":["Exordium","TheCity","TheBeyond"],"potions_floor_usage":[50],"damage_taken":[{"damage":0.0,"enemies":"conspire:RoseBush","floor":2.0,"turns":3.0},{"damage":6.0,"enemies":"Small Slimes","floor":3.0,"turns":3.0},{"damage":0.0,"enemies":"Cultist","floor":4.0,"turns":3.0},{"damage":0.0,"enemies":"downfall:FleeingMerchant","floor":5.0,"turns":4.0},{"damage":23.0,"enemies":"Lagavulin Event","floor":8.0,"turns":6.0},{"damage":2.0,"enemies":"Lagavulin","floor":10.0,"turns":5.0},{"damage":0.0,"enemies":"2 Fungi Beasts","floor":11.0,"turns":3.0},{"damage":0.0,"enemies":"Blue Slaver","floor":12.0,"turns":3.0},{"damage":0.0,"enemies":"downfall:FleeingMerchant","floor":14.0,"turns":4.0},{"damage":4.0,"enemies":"Exordium Wildlife","floor":15.0,"turns":5.0},{"damage":38.0,"enemies":"Fading Forest","floor":16.0,"turns":11.0},{"damage":0.0,"enemies":"conspire:FuzzyDice","floor":19.0,"turns":7.0},{"damage":2.0,"enemies":"Centurion and Healer","floor":21.0,"turns":5.0},{"damage":0.0,"enemies":"Chosen and Byrds","floor":25.0,"turns":5.0},{"damage":14.0,"enemies":"Cultist and Chosen","floor":26.0,"turns":5.0},{"damage":0.0,"enemies":"downfall:FleeingMerchant","floor":30.0,"turns":4.0},{"damage":5.0,"enemies":"downfall:FleeingMerchant","floor":31.0,"turns":4.0},{"damage":1.0,"enemies":"Snake Plant","floor":32.0,"turns":4.0},{"damage":49.0,"enemies":"downfall:Silent","floor":33.0,"turns":8.0},{"damage":0.0,"enemies":"3 Shapes","floor":37.0,"turns":2.0},{"damage":21.0,"enemies":"Orb Walker","floor":38.0,"turns":4.0},{"damage":14.0,"enemies":"Transient","floor":39.0,"turns":5.0},{"damage":0.0,"enemies":"downfall:FleeingMerchant","floor":40.0,"turns":1.0},{"damage":10.0,"enemies":"Jaw Worm Horde","floor":42.0,"turns":6.0},{"damage":33.0,"enemies":"3 Darklings","floor":46.0,"turns":9.0},{"damage":23.0,"enemies":"Transient","floor":49.0,"turns":5.0},{"damage":42,"enemies":"downfall:Ironclad","floor":50,"turns":12}],"seed_played":"-5218424555718163201","potions_obtained":[{"floor":3.0,"key":"LiquidBronze"},{"floor":4.0,"key":"blueLaboratory:EnragingPotion"},{"floor":10.0,"key":"blueLaboratory:BottleOfRum"},{"floor":15.0,"key":"SpeedPotion"},{"floor":16.0,"key":"blueLaboratory:ArtificerPotion"},{"floor":21.0,"key":"Fire Potion"},{"floor":26.0,"key":"blueLaboratory:CorrosionFlask"},{"floor":32.0,"key":"blueLaboratory:BubblePotion"},{"floor":37.0,"key":"blueLaboratory:FruitPunch"},{"floor":38.0,"key":"blueLaboratory:BottledHope"},{"floor":49.0,"key":"Dexterity Potion"}],"is_trial":false,"path_per_floor":["R_BF","M","M","M","$","?","T","?","R","E","M","M","R","$","M","B",null,"R","M","?","M","?","R","T","M","M","R","?","R","$","$","M","B",null,"R","?","M","M","M","$","T","M","R","?","R","M","R","$","M","B",null],"character_chosen":"THE_SPIRIT","items_purchased":["expansioncontent:Collect","hexamod:GhostLash+1","hexamod:PhantomFireball","hexamod:Again","hexamod:RadiantFlame","hexamod:SwordOfDarkness","hexamod:Hexaguard","hexamod:HeatMetal","Trip","hexamod:HauntingEcho","hexamod:ChargedBarrage","hexamod:AdvancingGuard","hubris:EnhanceAbility","hexamod:GhostOfSpirePast+1"],"campfire_rested":5,"item_purchase_floors":[5,5,14,14,30,30,30,40,40,40,40,40,48,48],"current_hp_per_floor":[70,70,64,64,64,64,64,41,62,60,60,60,60,60,56,28,70,70,70,70,68,68,68,68,68,54,70,70,70,70,65,64,15,70,70,70,70,49,37,37,37,27,48,48,69,36,57,57,49,30],"gold":31,"neow_bonus":"","is_daily":true,"chose_seed":false,"campfire_upgraded":5,"win_rate":0.0,"timestamp":1610019390,"path_taken":["R_BF","M","M","M","$","?","T","?","R","E","M","M","R","$","M","BOSS","R","M","?","?","?","R","T","M","M","R","?","R","?","$","M","BOSS","R","?","M","M","M","$","T","M","R","?","R","M","R","$","M","BOSS"],"items_purchased_type":["Card","Card","Card","Card","Card","Card","Card","Card","Card","Card","Card","Card","Card","Card"],"build_version":"2020-12-22","purchased_purges":0,"victory":true,"max_hp_per_floor":[70,70,70,70,70,70,70,70,70,70,70,70,70,70,70,70,70,70,70,70,70,70,70,70,70,70,70,70,70,70,70,70,70,70,70,70,70,70,72,72,72,72,72,72,72,72,72,72,72,72],"relic_stats":{"counters":[27,136],"Black Star":0,"obtain_stats":[{"hubris:Icosahedron":44,"Onion Ring":24,"Garlic":7,"Black Star":34,"hexamod:SoulConsumer":10,"hexamod:SpiritBrand":0,"conspire:TopHat":8,"hexamod:IceCube":17,"Akabeko":41,"Replay:Rubber Ducky":1},{"hubris:Icosahedron":24,"Onion Ring":13,"Garlic":4,"Black Star":19,"hexamod:SoulConsumer":6,"hexamod:SpiritBrand":0,"conspire:TopHat":5,"hexamod:IceCube":11,"Akabeko":23,"Replay:Rubber Ducky":0},{"hubris:Icosahedron":110,"Onion Ring":62,"Garlic":13,"Black Star":92,"hexamod:SoulConsumer":24,"hexamod:SpiritBrand":0,"conspire:TopHat":19,"hexamod:IceCube":50,"Akabeko":104,"Replay:Rubber Ducky":0}]},"card_choices":[{"not_picked":["hexamod:BurningTouch","hexamod:RainOfEmbers"],"picked":"hexamod:NightmareStrike","floor":2.0},{"not_picked":["hexamod:FastForward","hexamod:HeatMetal"],"picked":"hexamod:EmpoweredFlame","floor":3.0},{"not_picked":["hexamod:PowerFromBeyond","hexamod:InspiringFlames"],"picked":"hexamod:SpectersWail","floor":4.0},{"not_picked":["hexamod:ShieldOfDarkness","hexamod:SpectersWail"],"picked":"hexamod:ThirdSeal","floor":5.0},{"not_picked":["hexamod:NightmareGuise","hexamod:FastForward"],"picked":"hexamod:GhostLash","floor":8.0},{"not_picked":["hexamod:ShieldOfDarkness","hexamod:NightmareGuise"],"picked":"hexamod:InspiringFlames","floor":10.0},{"not_picked":["hexamod:BurningTouch","hexamod:SecondSeal"],"picked":"hexamod:SoulSteal","floor":11.0},{"not_picked":["hexamod:AdvancingGuard","hexamod:Firestarter"],"picked":"hexamod:CrushingStance","floor":11.0},{"not_picked":["hexamod:AdvancingGuard","hexamod:InspiringFlames"],"picked":"hexamod:BurningTouch","floor":12.0},{"not_picked":["hexamod:GhostShield","hexamod:SpectersWail"],"picked":"hexamod:ApocalypseNow","floor":14.0},{"not_picked":["hexamod:NightmareStrike","hexamod:EtherealExpedition"],"picked":"hexamod:Firestarter","floor":15.0},{"not_picked":["hexamod:TimeWarp","hexamod:VolcanoVisage"],"picked":"hexamod:WildfireWeapon","floor":16.0},{"not_picked":["hexamod:CrushingStance","hexamod:ParanormalForm"],"picked":"hexamod:WildfireWeapon","floor":16.0},{"not_picked":["hexamod:RainOfEmbers","hexamod:EmpoweredFlame"],"picked":"hexamod:SpectralSpark+1","floor":19.0},{"not_picked":["hexamod:NightmareGuise","hexamod:RainOfEmbers"],"picked":"hexamod:TimeWarp","floor":21.0},{"not_picked":["hexamod:HauntingEcho","hexamod:Firestarter"],"picked":"hexamod:NightmareGuise","floor":25.0},{"not_picked":["hexamod:ExtraCrispy","hexamod:NightmareStrike"],"picked":"hexamod:BacktrackSmack+1","floor":26.0},{"not_picked":["hexamod:ShieldOfDarkness+1","hexamod:EtherealExpedition+1"],"picked":"hexamod:Incineration+1","floor":26.0},{"not_picked":["hexamod:Firestarter","hexamod:EmpoweredFlame"],"picked":"hexamod:NecessarySacrifice","floor":30.0},{"not_picked":["hexamod:RetreatToShadows","hexamod:StepThrough+1"],"picked":"hexamod:Hexaguard+1","floor":31.0},{"not_picked":["hexamod:SwordOfDarkness+1","hexamod:StepThrough"],"picked":"hexamod:EmpoweredFlame","floor":32.0},{"not_picked":["hexamod:GiftsFromTheDead","hexamod:TurnItUp"],"picked":"hexamod:VolcanoVisage","floor":33.0},{"not_picked":["hexamod:RetreatToShadows+1","hexamod:BacktrackSmack"],"picked":"hexamod:Hexaguard+1","floor":37.0},{"not_picked":["hexamod:ExtraCrispy","hexamod:AdvancingGuard"],"picked":"hexamod:SwordOfDarkness+1","floor":38.0},{"not_picked":["hexamod:ShieldOfDarkness","hexamod:SwordOfDarkness+1"],"picked":"hexamod:CatchUp+1","floor":38.0},{"not_picked":["hexamod:GhostLash+1","hexamod:SkipABeat"],"picked":"hexamod:StepThrough+1","floor":39.0},{"not_picked":["hexamod:Firestarter","hexamod:GhostShield+1"],"picked":"hexamod:UnlimitedPower","floor":42.0},{"not_picked":["hexamod:InspiringFlames+1","hexamod:SpectralSpark+1"],"picked":"hexamod:AdvancingGuard+1","floor":42.0},{"not_picked":["hexamod:RecurringNightmare+1","hexamod:ThermalTransfer"],"picked":"hexamod:StepThrough+1","floor":46.0},{"not_picked":["hexamod:HauntingEcho","hexamod:ThermalTransfer"],"picked":"hexamod:RadiantFlame","floor":46.0},{"not_picked":["hexamod:AdvancingGuard","hexamod:FourthSeal"],"picked":"hexamod:NightmareStrike","floor":49.0}],"player_experience":5424696,"relics_obtained":[{"floor":1.0,"key":"Replay:Rubber Ducky"},{"floor":7.0,"key":"Garlic"},{"floor":8.0,"key":"conspire:TopHat"},{"floor":10.0,"key":"hexamod:SoulConsumer"},{"floor":24.0,"key":"Onion Ring"},{"floor":41.0,"key":"Akabeko"}],"event_choices":[{"damage_healed":0.0,"max_hp_gain":0.0,"max_hp_loss":0.0,"gold_gain":0.0,"event_name":"Dead Adventurer","player_choice":"Searched \u00271\u0027 times","floor":8.0,"gold_loss":0.0,"damage_taken":0.0},{"damage_healed":0.0,"max_hp_gain":0.0,"max_hp_loss":0.0,"gold_gain":0.0,"event_name":"Purifier","player_choice":"Ignored","floor":20.0,"gold_loss":0.0,"damage_taken":0.0},{"damage_healed":0.0,"max_hp_gain":0.0,"max_hp_loss":0.0,"gold_gain":0.0,"event_name":"Vampires","player_choice":"Ignored","floor":22.0,"gold_loss":0.0,"damage_taken":0.0}],"is_beta":false,"boss_relics":[{"not_picked":["conspire:SpecialSausage","Coffee Dripper"],"picked":"hexamod:IceCube"},{"not_picked":["Replay:Grab Bag","Fusion Hammer"],"picked":"Black Star"}],"items_purged_floors":[],"is_endless":false,"potions_floor_spawned":[3,4,10,15,16,19,21,26,32,37,38,49],"ascension_level":0}}