{"host":"6azrrw3tf7wb0f4b","time":1610007198,"event":{"mods":["BaseMod","DeckTracker","Minty Spire (QoL Compilation)","SuperFastMode"],"gold_per_floor":[114,114,130,145,157,189,37,37,37,47,80,94,94,107,107,183,183,196,207,207,207,257,257,257,257,328,328,152,180,190,190,190,190,190],"floor_reached":33,"playtime":711,"items_purged":["Strike_R"],"score":509,"play_id":"d5253d43-861b-42de-8306-80b8cf77438e","local_time":"20210107171318","is_ascension_mode":true,"campfire_choices":[{"data":"Juggernaut","floor":8,"key":"SMITH"},{"data":"Dark Embrace","floor":15,"key":"SMITH"},{"floor":23,"key":"REST"},{"data":"Demon Form","floor":25,"key":"SMITH"},{"data":"Intimidate","floor":27,"key":"SMITH"},{"floor":32,"key":"REST"}],"circlet_count":0,"master_deck":["AscendersBane","Strike_R","Strike_R","Defend_R","Defend_R","Defend_R","Defend_R","Bash","Reaper","Shrug It Off","Spot Weakness","Intimidate+1","Ghostly Armor","Juggernaut+1","Rage","Blood for Blood","Dark Embrace+1","Sword Boomerang","Impervious","Demon Form+1","Pummel","Necronomicurse","Decay","Feed","Heavy Blade"],"relics":["Burning Blood","PreservedInsect","Oddly Smooth Stone","Pear","Mark of Pain","Necronomicon","Letter Opener","Ancient Tea Set"],"acts_visited":["Exordium","TheCity"],"potions_floor_usage":[11,16,16,29,33],"damage_taken":[{"damage":6,"enemies":"Cultist","floor":1,"turns":4},{"damage":14,"enemies":"2 Louse","floor":3,"turns":4},{"damage":4,"enemies":"Small Slimes","floor":4,"turns":5},{"damage":17,"enemies":"Looter","floor":5,"turns":3},{"damage":57,"enemies":"3 Sentries","floor":6,"turns":9},{"damage":13,"enemies":"3 Louse","floor":10,"turns":4},{"damage":28,"enemies":"Lagavulin","floor":11,"turns":6},{"damage":26,"enemies":"Large Slime","floor":12,"turns":7},{"damage":16,"enemies":"Exordium Thugs","floor":14,"turns":5},{"damage":39,"enemies":"Slime Boss","floor":16,"turns":11},{"damage":25,"enemies":"3 Byrds","floor":18,"turns":6},{"damage":25,"enemies":"Chosen","floor":19,"turns":6},{"damage":48,"enemies":"Slavers","floor":29,"turns":6},{"damage":9,"enemies":"Sentry and Sphere","floor":30,"turns":5},{"damage":62,"enemies":"Collector","floor":33,"turns":6}],"seed_played":"-7494923566685099320","potions_obtained":[{"floor":1,"key":"CultistPotion"},{"floor":2,"key":"Fire Potion"},{"floor":14,"key":"AttackPotion"},{"floor":16,"key":"Strength Potion"},{"floor":19,"key":"SneckoOil"}],"is_trial":false,"path_per_floor":["M","?","M","M","M","E","$","R","T","M","E","M","?","M","R","B",null,"M","M","?","?","?","R","?","R","T","R","$","E","M","?","R","B"],"character_chosen":"IRONCLAD","items_purchased":["Rage","Feed"],"campfire_rested":2,"item_purchase_floors":[7,28],"current_hp_per_floor":[68,68,67,75,64,36,36,36,36,50,50,44,44,34,34,9,66,50,45,24,24,24,49,49,49,49,49,49,22,19,19,45,0,0],"gold":190,"neow_bonus":"ONE_RANDOM_RARE_CARD","is_daily":false,"chose_seed":false,"campfire_upgraded":4,"win_rate":0.0,"timestamp":1610007198,"path_taken":["M","?","M","M","?","E","$","R","T","M","E","M","?","M","R","BOSS","M","M","?","?","?","R","?","R","T","R","$","E","M","?","R","BOSS"],"items_purchased_type":["Card","Card"],"build_version":"2020-12-22","purchased_purges":1,"victory":false,"max_hp_per_floor":[75,75,75,75,75,75,75,75,75,75,85,85,85,85,85,85,85,85,85,85,85,85,85,85,85,85,85,85,88,88,88,88,88,88],"card_choices":[{"not_picked":["Hemokinesis","Warcry"],"picked":"Shrug It Off","floor":1},{"not_picked":["Hemokinesis","Body Slam"],"picked":"Spot Weakness","floor":3},{"not_picked":["Dark Embrace","Sword Boomerang"],"picked":"Intimidate","floor":4},{"not_picked":["Flex","Spot Weakness"],"picked":"Ghostly Armor","floor":5},{"not_picked":["Bloodletting","Thunderclap"],"picked":"Juggernaut","floor":6},{"not_picked":["Clash","Iron Wave"],"picked":"Blood for Blood","floor":10},{"not_picked":["Shrug It Off","Clash"],"picked":"Dark Embrace","floor":11},{"not_picked":["Sentinel","Pommel Strike"],"picked":"Sword Boomerang","floor":12},{"not_picked":["Havoc","Body Slam"],"picked":"Impervious","floor":14},{"not_picked":["Bludgeon","Feed"],"picked":"Demon Form","floor":16},{"not_picked":["Searing Blow","Thunderclap+1","Uppercut"],"picked":"SKIP","floor":18},{"not_picked":["Headbutt","Combust"],"picked":"Pummel","floor":19},{"not_picked":["Dark Embrace","Anger"],"picked":"Heavy Blade","floor":29},{"not_picked":["Perfected Strike+1","Double Tap","Anger"],"picked":"SKIP","floor":30}],"player_experience":680616,"relics_obtained":[{"floor":6,"key":"PreservedInsect"},{"floor":9,"key":"Oddly Smooth Stone"},{"floor":11,"key":"Pear"},{"floor":20,"key":"Necronomicon"},{"floor":26,"key":"Letter Opener"},{"floor":29,"key":"Ancient Tea Set"}],"event_choices":[{"damage_healed":0,"gold_gain":0,"player_choice":"Got Potions","damage_taken":0,"max_hp_gain":0,"max_hp_loss":0,"event_name":"Lab","floor":2,"gold_loss":0},{"cards_removed":["Strike_R"],"damage_healed":0,"gold_gain":0,"player_choice":"Offered Basic","damage_taken":0,"max_hp_gain":0,"max_hp_loss":0,"event_name":"Bonfire Elementals","floor":13,"gold_loss":0},{"damage_healed":0,"gold_gain":0,"player_choice":"Obtained Book","damage_taken":21,"max_hp_gain":0,"max_hp_loss":0,"event_name":"Cursed Tome","floor":20,"gold_loss":0},{"damage_healed":0,"gold_gain":0,"player_choice":"Smashed Altar","damage_taken":0,"max_hp_gain":0,"max_hp_loss":0,"event_name":"Forgotten Altar","floor":21,"gold_loss":0,"cards_obtained":["Decay"]},{"damage_healed":0,"gold_gain":50,"player_choice":"Stole From Cult","damage_taken":0,"max_hp_gain":0,"max_hp_loss":0,"event_name":"Nest","floor":22,"gold_loss":0},{"cards_removed":["Strike_R"],"damage_healed":0,"gold_gain":0,"player_choice":"Elegance","damage_taken":0,"max_hp_gain":0,"max_hp_loss":0,"event_name":"Back to Basics","floor":24,"gold_loss":0},{"damage_healed":0,"gold_gain":0,"player_choice":"Ignored","damage_taken":0,"max_hp_gain":0,"max_hp_loss":0,"event_name":"Ghosts","floor":31,"gold_loss":0}],"is_beta":false,"boss_relics":[{"not_picked":["Calling Bell","Ectoplasm"],"picked":"Mark of Pain"}],"items_purged_floors":[7],"is_endless":false,"potions_floor_spawned":[1,3,4,6,14,16,19],"killed_by":"Collector","ascension_level":17}}