{"host":"lk85u298wfxhyupu","time":1610028953,"event":{"mods":["Act Like it!","Arknights The Spire","Ascension Reborn","BaseMod","Better Third Choice","Decade(???)","Hubris","Koishi","Lobotomy","Marisa????????","Minty Spire (QoL Compilation)","Remilia??????","SOS???????","Small Relic Pack","Spicy Shops","StSLib","Td1madao Mod","The Bug Knight","The Mystic","The Senshi","The Servant 0.9.4","The Wild Card","??????REMEMod"],"gold_per_floor":[110,120,120,120,139,170,170,97,121,138,154,180,180,195,195,296,296,312,67,85,99,99,99,131,131,199,49,68,101,101,120,120,216,216,234,245,32,87,105,138,138,152,152,162,162,180,90,90,90,90,90,90,90,121,121],"floor_reached":56,"playtime":6028,"items_purged":[],"score":1279,"play_id":"e31e1654-928d-4c29-92a8-715efa635c33","local_time":"20210107091553","is_ascension_mode":false,"campfire_choices":[{"data":"Decade_SpecialSkill","floor":7.0,"key":"SMITH"},{"data":"KamenRideAgito","floor":15.0,"key":"SMITH"},{"floor":23.0,"key":"REST"},{"data":"DecadeViolentEmotion","floor":32.0,"key":"SMITH"},{"floor":49,"key":"RECALL"},{"data":"FormRide","floor":52,"key":"SMITH"}],"circlet_count":0,"master_deck":["Decade_Attack","Decade_Attack","Decade_Attack","KamenRide","Decade_SpecialSkill+1","Decade_Defend","Decade_Defend","Decade_Defend","Decade_Defend+1","Decade_Dash1","RideBooker_Skill_1","AutoVajin","UnarmedAttack3+1","FormRideDragon","theWildCard:Arsene","KamenRideAgito+1","NMDAZYYGL","FormRideFlame","KamenRideDecade","UnarmedAttack7","Blade_Beat","UnarmedAttack7","DecadeViolentEmotion+1","FormRidePegasus","Kuuga_GouramAttack+1","UnarmedAttack5","Kuuga_Rising","CurseOfTheBell","UnarmedAttack3+1","Decade_Dash2","DragClaw","UnarmedAttack7+1","Kabuto_ClockUp","AttackRide","DecadeViolentEmotion","Blade_Kick+1","DenO_Sword+1","FormRide+1","AttackRide+1","UnarmedAttack8+1","Blade_Mach","UnarmedAttack3","UnarmedAttack8+1"],"relics":["Decadriver","TOEIDeficitBill","REME_ComplimentaryCards","relicPack:OneForAll","Bag of Marbles","Bronze Scales","Lizard Tail","Calling Bell","REME_PuzzleBoxRelic","Sundial","hubris:AstralHammer","REME_HourglassOfDeath","AntiCross","hubris:Towel","Ornamental Fan","Lee\u0027s Waffle","Whetstone","Blood Vial","REME_DuelDisc","CatCart","Meat on the Bone","Bag of Preparation"],"acts_visited":["Exordium","TheCity","TheBeyond","TheEnding"],"potions_floor_usage":[55,55,55],"damage_taken":[{"damage":12.0,"enemies":"Small Slimes","floor":1.0,"turns":3.0},{"damage":0.0,"enemies":"2 Louse","floor":2.0,"turns":3.0},{"damage":11.0,"enemies":"Jaw Worm","floor":5.0,"turns":4.0},{"damage":2.0,"enemies":"Gremlin Nob","floor":6.0,"turns":5.0},{"damage":2.0,"enemies":"Blue Slaver","floor":10.0,"turns":4.0},{"damage":2.0,"enemies":"2 Fungi Beasts","floor":11.0,"turns":1.0},{"damage":0.0,"enemies":"Lagavulin","floor":12.0,"turns":4.0},{"damage":0.0,"enemies":"Looter","floor":13.0,"turns":1.0},{"damage":6.0,"enemies":"Exordium Thugs","floor":14.0,"turns":5.0},{"damage":37.0,"enemies":"Hexaghost","floor":16.0,"turns":6.0},{"damage":14.0,"enemies":"Shell Parasite","floor":18.0,"turns":3.0},{"damage":5.0,"enemies":"Chosen","floor":20.0,"turns":3.0},{"damage":36.0,"enemies":"Shelled Parasite and Fungi","floor":21.0,"turns":4.0},{"damage":12.0,"enemies":"Gremlin Leader","floor":24.0,"turns":5.0},{"damage":8.0,"enemies":"Snecko","floor":28.0,"turns":3.0},{"damage":0.0,"enemies":"REME_1_Revenger","floor":29.0,"turns":3.0},{"damage":12.0,"enemies":"Centurion and Healer","floor":31.0,"turns":3.0},{"damage":10.0,"enemies":"Champ","floor":33.0,"turns":7.0},{"damage":0.0,"enemies":"Orb Walker","floor":35.0,"turns":3.0},{"damage":22.0,"enemies":"3 Darklings","floor":36.0,"turns":2.0},{"damage":29.0,"enemies":"Orin","floor":38.0,"turns":6.0},{"damage":0.0,"enemies":"Sphere and 2 Shapes","floor":39.0,"turns":4.0},{"damage":0.0,"enemies":"HollowMod:StalkingDevout","floor":40.0,"turns":3.0},{"damage":0.0,"enemies":"Maw","floor":42.0,"turns":4.0},{"damage":0.0,"enemies":"Spire Growth","floor":44.0,"turns":2.0},{"damage":17.0,"enemies":"Jaw Worm Horde","floor":46.0,"turns":2.0},{"damage":0,"enemies":"Transient","floor":48,"turns":3},{"damage":49,"enemies":"Awakened One","floor":50,"turns":6},{"damage":20,"enemies":"Shield and Spear","floor":54,"turns":4},{"damage":54,"enemies":"The Heart","floor":55,"turns":5}],"seed_played":"-1346732706829401101","potions_obtained":[{"floor":6.0,"key":"Dexterity Potion"},{"floor":11.0,"key":"GamblersBrew"},{"floor":12.0,"key":"DuplicationPotion"}],"is_trial":false,"path_per_floor":["M","M","?","?","M","E","R","$","T","M","M","E","M","M","R","B",null,"M","$","M","M","?","R","E","?","T","$","M","E","?","M","R","B",null,"M","M","$","?","M","E","?","M","T","M","?","M","?","M","R","B",null,"R","$","E","B",null],"character_chosen":"Decade","items_purchased":["KamenRideDecade","REME_HourglassOfDeath","Lee\u0027s Waffle","KamenRideRyuki"],"campfire_rested":1,"item_purchase_floors":[8,19,27,37],"current_hp_per_floor":[58,58,58,58,59,57,57,57,57,55,53,59,59,53,53,19,70,56,56,51,15,15,36,24,24,24,77,69,73,73,63,63,55,77,77,55,55,28,33,38,38,40,40,42,42,39,39,41,41,39,73,73,73,53,42],"gold":121,"neow_bonus":"TRANSFORM_CARD","is_daily":false,"chose_seed":false,"campfire_upgraded":4,"win_rate":0.0,"timestamp":1610028953,"path_taken":["M","M","?","?","M","E","R","$","T","M","M","E","M","M","R","BOSS","M","$","M","M","?","R","E","?","T","$","M","E","?","M","R","BOSS","M","M","$","?","M","E","?","M","T","M","?","?","?","?","R","BOSS","R","$","E","BOSS"],"items_purchased_type":["Card","Relic","Relic","Card"],"build_version":"2020-12-22","purchased_purges":0,"victory":true,"max_hp_per_floor":[70,70,70,70,70,70,70,70,70,70,70,70,70,70,70,70,70,70,70,70,70,70,70,70,70,70,77,77,77,77,77,77,77,77,77,77,77,77,77,77,73,73,73,73,73,73,73,73,73,73,73,73,73,73,73],"card_choices":[{"not_picked":["FormRideGaruru","AttackRide"],"picked":"RideBooker_Skill_1","floor":1.0},{"not_picked":["KamenRideHibiki","FormRideGaruru"],"picked":"AutoVajin","floor":1.0},{"not_picked":["Kiva_Frozen","FormRideStorm"],"picked":"UnarmedAttack3","floor":2.0},{"not_picked":["FormRideBasshaa","DenO_Rod"],"picked":"FormRideDragon","floor":2.0},{"not_picked":["KamenRideHibiki","Blade_Kick"],"picked":"KamenRideAgito","floor":5.0},{"not_picked":["Blade_Slash","PhotonAcceleration"],"picked":"NMDAZYYGL","floor":5.0},{"not_picked":["DenO_Rod","PhotonAcceleration"],"picked":"FormRideFlame","floor":6.0},{"not_picked":["KamenRideHibiki","FormRideGaruru"],"picked":"UnarmedAttack7","floor":10.0},{"not_picked":["Blade_Kick","DenO_Sword"],"picked":"Blade_Beat","floor":10.0},{"not_picked":["FormRideDragon","FormRideFlame"],"picked":"UnarmedAttack7","floor":11.0},{"not_picked":["KamenRideDenO","AttackRide"],"picked":"DecadeViolentEmotion","floor":11.0},{"not_picked":["FormRideStorm","Decade_Dash2"],"picked":"FormRidePegasus","floor":12.0},{"not_picked":["DragShield","DragClaw"],"picked":"Kuuga_GouramAttack","floor":13.0},{"not_picked":["Kiva_Eat","FormRideDogga"],"picked":"UnarmedAttack5","floor":14.0},{"not_picked":["Hibiki_FEVER","DecadeViolentEmotion"],"picked":"Kuuga_Rising","floor":16.0},{"not_picked":["DenO_Sword","DenO_Rod"],"picked":"UnarmedAttack3+1","floor":21.0},{"not_picked":["Decade_Dash1","Kiva_Bats"],"picked":"Decade_Dash2","floor":21.0},{"not_picked":["RideBooker_Skill_1","Hibiki_FEVER"],"picked":"DragClaw","floor":24.0},{"not_picked":["Blade_Kick","FormRideGaruru"],"picked":"UnarmedAttack7+1","floor":29.0},{"not_picked":["Decade_Dash1","Decade_Defend2+1"],"picked":"Kabuto_ClockUp","floor":29.0},{"not_picked":["FormRideDragon+1","Hibiki_Attack1"],"picked":"AttackRide","floor":31.0},{"not_picked":["NMDAZYYGL","UnarmedAttack9"],"picked":"DecadeViolentEmotion","floor":33.0},{"not_picked":["PhotonAcceleration","RideBooker_Skill_1+1"],"picked":"Blade_Kick+1","floor":36.0},{"not_picked":["DenO_Gun","Decade_Dash1"],"picked":"DenO_Sword+1","floor":40.0},{"not_picked":["FormRideJack","FormRideDogga"],"picked":"FormRide","floor":40.0},{"not_picked":["KamenRideAgito","FormRideStorm+1"],"picked":"AttackRide+1","floor":42.0},{"not_picked":["KamenRideRyuki+1","FormRideFlame+1"],"picked":"UnarmedAttack8+1","floor":42.0},{"not_picked":["DenO_Sword+1","FormRideDogga+1"],"picked":"Blade_Mach","floor":44.0},{"not_picked":["KamenRideRyuki+1","Decade_Defend2"],"picked":"UnarmedAttack3","floor":48},{"not_picked":["Decade_Dash1+1","FormRideFlame"],"picked":"UnarmedAttack8+1","floor":54}],"player_experience":25968,"relics_obtained":[{"floor":6.0,"key":"Bag of Marbles"},{"floor":9.0,"key":"Bronze Scales"},{"floor":12.0,"key":"Lizard Tail"},{"floor":17.0,"key":"REME_PuzzleBoxRelic"},{"floor":17.0,"key":"Sundial"},{"floor":17.0,"key":"hubris:AstralHammer"},{"floor":24.0,"key":"AntiCross"},{"floor":26.0,"key":"Ornamental Fan"},{"floor":29.0,"key":"Whetstone"},{"floor":38.0,"key":"CatCart"},{"floor":40.0,"key":"Meat on the Bone"},{"floor":54,"key":"Bag of Preparation"}],"event_choices":[{"damage_healed":0.0,"max_hp_gain":0.0,"max_hp_loss":0.0,"gold_gain":0.0,"event_name":"Ghosts","player_choice":"Ignored","floor":22.0,"gold_loss":0.0,"damage_taken":0.0},{"damage_healed":0.0,"max_hp_gain":0.0,"max_hp_loss":0.0,"gold_gain":0.0,"event_name":"The Mausoleum","player_choice":"Opened","floor":30.0,"gold_loss":0.0,"damage_taken":0.0,"relics_obtained":["Blood Vial"],"cards_obtained":["Writhe"]},{"damage_healed":0.0,"max_hp_gain":0.0,"max_hp_loss":0.0,"gold_gain":0.0,"event_name":"OrinTheCat","player_choice":"Fight","floor":38.0,"gold_loss":0.0,"damage_taken":0.0},{"damage_healed":0.0,"max_hp_gain":0.0,"max_hp_loss":4.0,"gold_gain":0.0,"event_name":"Winding Halls","player_choice":"Max HP","floor":41.0,"gold_loss":0.0,"damage_taken":0.0},{"damage_healed":0.0,"max_hp_gain":0.0,"max_hp_loss":0.0,"gold_gain":0.0,"event_name":"SensoryStone","player_choice":"Memory 1","floor":45.0,"gold_loss":0.0,"damage_taken":0.0},{"cards_removed":["Writhe"],"damage_healed":0.0,"max_hp_gain":0.0,"max_hp_loss":0.0,"gold_gain":0.0,"event_name":"Designer","player_choice":"Upgrade and Remove","floor":47.0,"gold_loss":90.0,"damage_taken":0.0,"cards_upgraded":["Decade_Defend"]}],"is_beta":false,"boss_relics":[{"not_picked":["relicPack:StarArrow","Snecko Eye"],"picked":"Calling Bell"},{"not_picked":["Velvet Choker","Cursed Key"],"picked":"REME_DuelDisc"}],"items_purged_floors":[],"is_endless":false,"potions_floor_spawned":[6,11,12,16,18,20,21,29,36,39,40],"ascension_level":0}}