{"host":"pi8b3ffzwvxqztac","time":1610036700,"event":{"mods":["BaseMod","Colored Map","Downfall","Minty Spire (QoL Compilation)","StSLib"],"gold_per_floor":[99,116,135,155,155,155,155,169,188,198,373,384,234,19,32,131,131,131,149,149,169,179,193,217,217,217,217,217,228,263,71,85,190,190,115,135,149,164,179,229,229,29,45,45,65,99,99,99,113,113],"floor_reached":51,"playtime":3788,"items_purged":["Doubt"],"score":1135,"play_id":"72b0bde0-edce-41db-a0f2-396ccfa8a7f3","local_time":"20210108052500","is_ascension_mode":true,"campfire_choices":[{"floor":1.0,"key":"RECALL"},{"data":"hexamod:Float","floor":13.0,"key":"SMITH"},{"data":"hexamod:SoulSteal","floor":18.0,"key":"SMITH"},{"data":"hexamod:ApocalypticArmor","floor":25.0,"key":"SMITH"},{"data":"hexamod:VolcanoVisage","floor":27.0,"key":"SMITH"},{"data":"hexamod:GhostOfSpireFuture","floor":35.0,"key":"SMITH"},{"floor":47,"key":"REST"}],"circlet_count":0,"master_deck":["AscendersBane","hexamod:Strike+1","hexamod:Strike+1","hexamod:Strike+1","hexamod:Defend+1","hexamod:Defend+1","hexamod:Defend+1","hexamod:Sear","hexamod:Float+1","hexamod:SoulSteal+1","hexamod:FastForward","hexamod:Firestarter","hexamod:FirstSeal","hexamod:Hexaguard","hexamod:HauntingEcho","hexamod:VolcanoVisage+1","hexamod:SpectersWail","hexamod:FastForward","hexamod:ApocalypticArmor+1","CurseOfTheBell","hexamod:FirstSeal","hexamod:GhostOfSpireFuture+1","hexamod:AdvancingGuard","hexamod:TimeOfNeed","hexamod:Haunt+1","hexamod:SpectersWail","hexamod:ThermalTransfer+1","hexamod:ThermalTransfer","hexamod:FastForward+1","hexamod:TimeWarp","hexamod:SwordOfDarkness+1","hexamod:GhostflameBarrier","hexamod:HeatMetal+1","hexamod:PhantomCloak+1","hexamod:SoulSteal","hexamod:ThermalTransfer","hexamod:SpectersWail+1","hexamod:TimeWarp","hexamod:FastForward+1"],"relics":["hexamod:SpiritBrand","Strawberry","downfall:HeartBlessingBlue","downfall:HeartBlessingRed","Membership Card","Calling Bell","PreservedInsect","Mummified Hand","FossilizedHelix","FaceOfCleric","Potion Belt","Nunchaku","Calipers","Empty Cage","downfall:HeartBlessingGreen","Lizard Tail","Frozen Egg 2","hexamod:SoulConsumer","Bottled Tornado","Bird Faced Urn"],"acts_visited":["Exordium","TheCity","TheBeyond"],"potions_floor_usage":[38,38,40,46,50],"damage_taken":[{"damage":3.0,"enemies":"2 Louse","floor":2.0,"turns":3.0},{"damage":0.0,"enemies":"Small Slimes","floor":3.0,"turns":3.0},{"damage":1.0,"enemies":"Jaw Worm","floor":4.0,"turns":3.0},{"damage":4.0,"enemies":"Blue Slaver","floor":8.0,"turns":3.0},{"damage":14.0,"enemies":"Gremlin Gang","floor":9.0,"turns":6.0},{"damage":2.0,"enemies":"Exordium Wildlife","floor":10.0,"turns":5.0},{"damage":2.0,"enemies":"Blue Slaver","floor":12.0,"turns":3.0},{"damage":4.0,"enemies":"downfall:FleeingMerchant","floor":14.0,"turns":4.0},{"damage":12.0,"enemies":"Gremlin Gang","floor":15.0,"turns":3.0},{"damage":36.0,"enemies":"downfall:Silent","floor":16.0,"turns":9.0},{"damage":16.0,"enemies":"Spheric Guardian","floor":19.0,"turns":5.0},{"damage":1.0,"enemies":"3 Byrds","floor":21.0,"turns":5.0},{"damage":16.0,"enemies":"3 Cultists","floor":22.0,"turns":4.0},{"damage":0.0,"enemies":"Centurion and Healer","floor":23.0,"turns":6.0},{"damage":11.0,"enemies":"Sentry and Sphere","floor":29.0,"turns":5.0},{"damage":21.0,"enemies":"Book of Stabbing","floor":30.0,"turns":6.0},{"damage":0.0,"enemies":"downfall:FleeingMerchant","floor":31.0,"turns":4.0},{"damage":24.0,"enemies":"Snake Plant","floor":32.0,"turns":4.0},{"damage":35.0,"enemies":"downfall:Ironclad","floor":33.0,"turns":10.0},{"damage":7.0,"enemies":"Orb Walker","floor":36.0,"turns":4.0},{"damage":11.0,"enemies":"3 Shapes","floor":37.0,"turns":4.0},{"damage":0,"enemies":"3 Darklings","floor":38,"turns":6},{"damage":0,"enemies":"Maw","floor":39,"turns":10},{"damage":18,"enemies":"Mind Bloom Boss Battle","floor":40,"turns":9},{"damage":0,"enemies":"downfall:FleeingMerchant","floor":42,"turns":4},{"damage":16,"enemies":"Sphere and 2 Shapes","floor":43,"turns":5},{"damage":30,"enemies":"4 Shapes","floor":45,"turns":6},{"damage":24,"enemies":"Giant Head","floor":46,"turns":10},{"damage":0,"enemies":"Maw","floor":49,"turns":8},{"damage":50,"enemies":"downfall:Defect","floor":50,"turns":10}],"seed_played":"-2064728483321134987","potions_obtained":[{"floor":2.0,"key":"hexamod:InfernoChargePotion"},{"floor":4.0,"key":"Weak Potion"},{"floor":12.0,"key":"Fire Potion"},{"floor":16.0,"key":"ColorlessPotion"},{"floor":19.0,"key":"Energy Potion"},{"floor":23.0,"key":"FairyPotion"},{"floor":29.0,"key":"Guardian:BlockOnCardUsePotion"},{"floor":32.0,"key":"Guardian:BlockOnCardUsePotion"},{"floor":37.0,"key":"SkillPotion"},{"floor":38,"key":"Strength Potion"},{"floor":45,"key":"Swift Potion"},{"floor":49,"key":"Guardian:BlockOnCardUsePotion"}],"is_trial":false,"path_per_floor":["R","M","M","M","?","?","T","M","M","M","?","M","R","$","M","B",null,"R","M","?","M","M","M","T","R","?","R","?","M","E","$","M","B",null,"R","M","M","M","M","?","T","$","M","T","M","E","R","?","M","B",null],"character_chosen":"THE_SPIRIT","items_purchased":["Membership Card","hexamod:SpectersWail","Calipers","hexamod:ThermalTransfer","hexamod:PhantomCloak+1","hexamod:SoulConsumer"],"campfire_rested":1,"item_purchase_floors":[14,14,31,31,42,42],"current_hp_per_floor":[70,67,67,66,59,48,48,51,44,49,49,54,64,67,55,26,77,77,68,68,82,74,89,89,89,89,89,89,93,87,100,91,71,94,94,102,104,105,106,103,103,104,89,89,74,65,98,98,112,81],"gold":113,"neow_bonus":"TEN_PERCENT_HP_BONUS","is_daily":false,"chose_seed":false,"campfire_upgraded":5,"win_rate":0.0,"timestamp":1610036700,"path_taken":["R","M","M","M","?","?","T","M","M","M","?","?","R","$","M","BOSS","R","M","?","M","?","M","T","R","?","R","?","M","E","$","M","BOSS","R","M","?","M","M","?","T","$","M","?","M","E","R","?","M","BOSS"],"items_purchased_type":["Relic","Card","Relic","Card","Card","Relic"],"build_version":"2020-12-22","purchased_purges":1,"victory":true,"max_hp_per_floor":[77,77,77,77,77,84,84,84,84,84,84,84,94,94,94,94,94,94,94,94,95,96,97,97,97,97,97,97,98,99,100,101,102,102,102,103,104,105,106,107,107,108,109,109,110,111,111,111,112,113],"card_choices":[{"not_picked":["hexamod:ChargedBarrage","hexamod:BurningTouch"],"picked":"hexamod:SoulSteal","floor":2.0},{"not_picked":["hexamod:EmpoweredFlame","hexamod:PhantomFireball"],"picked":"hexamod:FastForward","floor":3.0},{"not_picked":["hexamod:PowerFromBeyond","hexamod:Incineration"],"picked":"hexamod:Firestarter","floor":4.0},{"not_picked":["hexamod:Firestarter","hexamod:BurningTouch","hexamod:NecessarySacrifice"],"picked":"SKIP","floor":8.0},{"not_picked":["hexamod:SwordOfDarkness","hexamod:PhantomFireball"],"picked":"hexamod:Hexaguard","floor":9.0},{"not_picked":["hexamod:SpectersWail","hexamod:FlamesFromBeyond"],"picked":"hexamod:HauntingEcho","floor":10.0},{"not_picked":["hexamod:SwordOfDarkness","hexamod:RainOfEmbers","hexamod:InspiringFlames"],"picked":"SKIP","floor":12.0},{"not_picked":["hexamod:SpectralAdrenaline","hexamod:BurningTouch"],"picked":"hexamod:VolcanoVisage","floor":14.0},{"not_picked":["hexamod:RainOfEmbers","hexamod:SkipABeat"],"picked":"hexamod:FastForward","floor":15.0},{"not_picked":["hexamod:EmpoweringStance","hexamod:UnleashSpirits"],"picked":"hexamod:ApocalypticArmor","floor":16.0},{"not_picked":["hexamod:ThirdSeal","hexamod:GhostOfSpireFuture"],"picked":"hexamod:FirstSeal","floor":19.0},{"not_picked":["hexamod:DynamicBlow","hexamod:SwordOfDarkness","hexamod:ThirdSeal"],"picked":"SKIP","floor":21.0},{"not_picked":["hexamod:InspiringFlames","hexamod:NightmareGuise+1"],"picked":"hexamod:GhostOfSpireFuture","floor":22.0},{"not_picked":["hexamod:ShieldOfDarkness","hexamod:RetreatToShadows"],"picked":"hexamod:AdvancingGuard","floor":23.0},{"not_picked":["hexamod:GhostOfSpirePresent","hexamod:AdvancingGuard"],"picked":"hexamod:Haunt+1","floor":29.0},{"not_picked":["hexamod:AdvancingGuard","hexamod:Rewind"],"picked":"hexamod:SpectersWail","floor":30.0},{"not_picked":["hexamod:NightmareGuise+1","hexamod:UnleashSpirits"],"picked":"hexamod:ThermalTransfer+1","floor":31.0},{"not_picked":["hexamod:Haunt","hexamod:PhantomFireball"],"picked":"hexamod:FastForward+1","floor":32.0},{"not_picked":["hexamod:TimeOfNeed","hexamod:TurnItUp"],"picked":"hexamod:TimeWarp","floor":33.0},{"not_picked":["hexamod:NightmareGuise","hexamod:GhostOfSpirePresent"],"picked":"hexamod:SwordOfDarkness+1","floor":36.0},{"not_picked":["hexamod:InspiringFlames","hexamod:ThermalTransfer"],"picked":"hexamod:GhostflameBarrier","floor":37.0},{"not_picked":["hexamod:RecurringNightmare","hexamod:BacktrackSmack","hexamod:AdvancingGuard"],"picked":"SKIP","floor":38},{"not_picked":["hexamod:BacktrackSmack","hexamod:GhostOfSpirePresent+1","hexamod:ThermalTransfer"],"picked":"SKIP","floor":39},{"not_picked":["hexamod:BurningTouch","hexamod:Firestarter"],"picked":"hexamod:HeatMetal+1","floor":42},{"not_picked":["hexamod:GhostShield","hexamod:RainOfEmbers"],"picked":"hexamod:SoulSteal","floor":43},{"not_picked":["hexamod:GhostflameBarrier","hexamod:InspiringFlames+1"],"picked":"hexamod:ThermalTransfer","floor":45},{"not_picked":["hexamod:ThermalTransfer","hexamod:Again+1"],"picked":"hexamod:SpectersWail+1","floor":46},{"not_picked":["hexamod:FourthSeal","hexamod:Haunt+1"],"picked":"hexamod:FastForward+1","floor":49}],"player_experience":475109,"relics_obtained":[{"floor":17.0,"key":"PreservedInsect"},{"floor":17.0,"key":"Mummified Hand"},{"floor":17.0,"key":"FossilizedHelix"},{"floor":24.0,"key":"Potion Belt"},{"floor":30.0,"key":"Nunchaku"},{"floor":40,"key":"Lizard Tail"},{"floor":41,"key":"Frozen Egg 2"},{"floor":44,"key":"Bottled Tornado"},{"floor":46,"key":"Bird Faced Urn"}],"event_choices":[{"damage_healed":0.0,"max_hp_gain":0.0,"max_hp_loss":0.0,"gold_gain":0.0,"event_name":"Scrap Ooze","player_choice":"Success","floor":6.0,"gold_loss":0.0,"damage_taken":18.0,"relics_obtained":["Strawberry"]},{"damage_healed":0.0,"max_hp_gain":0.0,"max_hp_loss":0.0,"gold_gain":0.0,"event_name":"FaceTrader","player_choice":"Trade","floor":20.0,"gold_loss":0.0,"damage_taken":0.0,"relics_obtained":["FaceOfCleric"]},{"damage_healed":0.0,"max_hp_gain":0.0,"max_hp_loss":0.0,"gold_gain":0.0,"event_name":"Back to Basics","player_choice":"Simplicity","floor":26.0,"gold_loss":0.0,"damage_taken":0.0,"cards_upgraded":["hexamod:Strike","hexamod:Strike","hexamod:Strike","hexamod:Strike","hexamod:Defend","hexamod:Defend","hexamod:Defend","hexamod:Defend"]},{"damage_healed":0,"gold_gain":0,"player_choice":"Copied","damage_taken":0,"max_hp_gain":0,"max_hp_loss":0,"event_name":"Duplicator","floor":48,"gold_loss":0,"cards_obtained":["hexamod:TimeWarp"]}],"is_beta":false,"boss_relics":[{"not_picked":["Busted Crown","SacredBark"],"picked":"Calling Bell"},{"not_picked":["Sozu","Snecko Eye"],"picked":"Empty Cage"}],"items_purged_floors":[14],"is_endless":false,"potions_floor_spawned":[2,4,9,12,16,19,23,29,32,37,38,45,49],"ascension_level":12}}