{"host":"00yob6u0fiu7ehgs","time":1610052222,"event":{"mods":["Act Like it!","Arknights The Spire","Art Attack!","BaseMod","Chen","Colored Powertips","Elementarium","Gensokyo","GifTheSpireLib","Infinite Spire","Jorbs\u0027s Wanderer Trilogy","Koishi","Marisa????????","Minty Spire (QoL Compilation)","Rare Cards Sparkle","Reimu??????","Remilia??????","Replay The Spire","StSLib","The Animator","The Cursed","The Forsaken","The Judge","The Marked","The Servant 0.9.4","The Wild Card","Wandering Minibosses","Yakumo Yukari mod"],"gold_per_floor":[359,372,21,36,49,49,76,92,118,293,293,70,82,95,95,95,95],"floor_reached":16,"playtime":930,"items_purged":["theWildCard:BasicStrike"],"score":104,"play_id":"89860740-2556-44fa-b6dc-f3baf9c6fb20","local_time":"20210107134342","is_ascension_mode":false,"campfire_choices":[{"floor":6,"key":"REST"},{"floor":15,"key":"REST"}],"circlet_count":0,"master_deck":["theWildCard:BasicStrike","theWildCard:BasicStrike","theWildCard:BasicStrike","theWildCard:BasicDefend","theWildCard:BasicDefend","theWildCard:BasicDefend","theWildCard:BasicDefend","theWildCard:CallToAdventure","theWildCard:Arsene","theWildCard:BladeOfGenerations","theWildCard:PowerOfTheArcana","theWildCard:Safeguard","theWildCard:ArcaneArts","theWildCard:MagicalMight","theWildCard:Salvation","theWildCard:MagicMettle","theWildCard:Scathach+1","theWildCard:BladeOfGenerations","theWildCard:ArcanaArtistry","Doubt","theWildCard:SeveringSlash","theWildCard:PaleRider","theWildCard:ArcanaArtistry"],"relics":["theWildCard:VelvetContract","Centennial Puzzle","Blue Doll","Boot"],"acts_visited":["Exordium"],"potions_floor_usage":[7,14,14,16,16],"damage_taken":[{"damage":4,"enemies":"2 Louse","floor":1,"turns":3},{"damage":6,"enemies":"Jaw Worm","floor":2,"turns":4},{"damage":11,"enemies":"Small Slimes","floor":4,"turns":6},{"damage":15,"enemies":"3 Louse","floor":5,"turns":3},{"damage":14,"enemies":"Gremlin Nob","floor":7,"turns":3},{"damage":6,"enemies":"Lots of Slimes","floor":8,"turns":5},{"damage":5,"enemies":"Blue Slaver","floor":13,"turns":4},{"damage":1,"enemies":"Large Slime","floor":14,"turns":6},{"damage":36,"enemies":"The Guardian","floor":16,"turns":9}],"seed_played":"8339305682121471709","potions_obtained":[{"floor":1,"key":"Elixir"},{"floor":4,"key":"Dexterity Potion"},{"floor":5,"key":"AttackPotion"},{"floor":14,"key":"Toxic Potion"}],"is_trial":false,"path_per_floor":["M","M","$","M","M","R","E","M","T","?","?","$","M","M","R","B"],"character_chosen":"THE_WILD_CARD","items_purchased":["theWildCard:Safeguard","theWildCard:ArcaneArts","theWildCard:MagicalMight","theWildCard:Salvation","theWildCard:SeveringSlash","Adrenaline Potion","Boot"],"campfire_rested":2,"item_purchase_floors":[3,3,3,3,12,12,12],"current_hp_per_floor":[50,44,44,33,18,34,20,14,14,14,14,14,15,17,33,0,0],"gold":95,"neow_bonus":"TWO_FIFTY_GOLD","is_daily":false,"chose_seed":false,"campfire_upgraded":0,"win_rate":0.0,"timestamp":1610052222,"path_taken":["M","M","$","M","M","R","E","M","T","?","?","?","?","M","R","BOSS"],"items_purchased_type":["Card","Card","Card","Card","Card","Potion","Relic"],"build_version":"2020-12-22","purchased_purges":1,"victory":false,"max_hp_per_floor":[54,54,54,54,54,54,54,54,54,54,54,54,54,54,54,54,54],"card_choices":[{"not_picked":["theWildCard:Sakuya","theWildCard:ArchaicAssault"],"picked":"theWildCard:BladeOfGenerations","floor":1},{"not_picked":["theWildCard:MagicalMight","theWildCard:IdentityTheft"],"picked":"theWildCard:PowerOfTheArcana","floor":2},{"not_picked":["theWildCard:BladeOfGenerations","theWildCard:MaskChange"],"picked":"theWildCard:MagicMettle","floor":4},{"not_picked":["theWildCard:ChangingDestiny","theWildCard:Unburden"],"picked":"theWildCard:Scathach","floor":5},{"not_picked":["theWildCard:FuelForTheFire","theWildCard:PowerOfTheArcana"],"picked":"theWildCard:BladeOfGenerations","floor":7},{"not_picked":["theWildCard:BladeOfGenerations","theWildCard:StingingStrike"],"picked":"theWildCard:ArcanaArtistry","floor":8},{"not_picked":["theWildCard:PowerOfTheArcana","theWildCard:MagicMettle"],"picked":"theWildCard:PaleRider","floor":13},{"not_picked":["theWildCard:StalwartBlade","theWildCard:Unburden"],"picked":"theWildCard:ArcanaArtistry","floor":14}],"player_experience":359674,"relics_obtained":[{"floor":7,"key":"Centennial Puzzle"},{"floor":9,"key":"Blue Doll"}],"event_choices":[{"damage_healed":0,"gold_gain":175,"player_choice":"AGREE","damage_taken":0,"max_hp_gain":0,"max_hp_loss":0,"event_name":"Liars Game","floor":10,"gold_loss":0,"cards_obtained":["Doubt"]}],"is_beta":false,"boss_relics":[],"items_purged_floors":[3],"is_endless":false,"potions_floor_spawned":[1,4,5,14],"killed_by":"The Guardian","ascension_level":0}}