{"host":"9n6i2vl93jt4o42q","time":1610035539,"event":{"mods":["BaseMod","Downfall","Minty Spire (QoL Compilation)","Relic Stats","StSLib"],"gold_per_floor":[99,99,99,99,99,99,99,24,42,42,71,88,13,30,42,138,138,138,151,151,151,165,25,48,48,48,48,59,85,101,114,125,125,125,125],"floor_reached":33,"playtime":2058,"items_purged":["Regret"],"score":398,"play_id":"bc2919b3-8ee0-43d7-a359-9e9c503cc3bd","local_time":"20210107170539","is_ascension_mode":true,"campfire_choices":[{"data":"Guardian:TwinSlam","floor":1,"key":"SMITH"},{"floor":6,"key":"RECALL"},{"data":"Guardian:ShieldCharger","floor":8,"key":"SMITH"},{"data":"Guardian:Clone","floor":13,"key":"SMITH"},{"data":"Guardian:Repulse","floor":18,"key":"SMITH"},{"data":"Guardian:TemporalShield","floor":26,"key":"SMITH"}],"circlet_count":0,"master_deck":["AscendersBane","Guardian:Strike_Guardian+1","Guardian:Strike_Guardian","Guardian:Strike_Guardian","Guardian:Strike_Guardian","Guardian:Defend_Guardian","Guardian:Defend_Guardian","Guardian:Defend_Guardian","Guardian:Defend_Guardian","Guardian:CurlUp+1","Guardian:TwinSlam+1","Guardian:PrimingBeam","Guardian:SpikerProtocol+1","Guardian:ShieldCharger+1","Guardian:Clone+1","Guardian:Repulse+1","Guardian:Reroute","Writhe","Guardian:DonusPower","Guardian:TemporalShield+1","Guardian:Suspension","Injury","Guardian:BronzeOrb","Guardian:PiercingHide","Guardian:ShieldSpikes+1","Guardian:DecasProtection+1"],"relics":["Guardian:ModeShifter","downfall:HeartsMalice","Lantern","downfall:HeartBlessingRed","Eternal Feather","downfall:HeartBlessingGreen","Cursed Key","Guardian:PocketSentry"],"acts_visited":["Exordium","TheCity"],"potions_floor_usage":[11,11,19,22,28,30],"damage_taken":[{"damage":0,"enemies":"Jaw Worm","floor":2,"turns":1},{"damage":0,"enemies":"2 Louse","floor":3,"turns":1},{"damage":0,"enemies":"Cultist","floor":5,"turns":1},{"damage":4,"enemies":"Red Slaver","floor":9,"turns":4},{"damage":25,"enemies":"Lagavulin","floor":11,"turns":9},{"damage":6,"enemies":"Blue Slaver","floor":12,"turns":3},{"damage":2,"enemies":"Gremlin Gang","floor":14,"turns":4},{"damage":3,"enemies":"Exordium Thugs","floor":15,"turns":5},{"damage":19,"enemies":"downfall:Watcher","floor":16,"turns":13},{"damage":0,"enemies":"Spheric Guardian","floor":19,"turns":5},{"damage":38,"enemies":"Cultist and Chosen","floor":22,"turns":8},{"damage":0,"enemies":"downfall:FleeingMerchant","floor":23,"turns":4},{"damage":16,"enemies":"3 Cultists","floor":28,"turns":6},{"damage":38,"enemies":"Slavers","floor":29,"turns":5},{"damage":0,"enemies":"Snake Plant","floor":30,"turns":3},{"damage":12,"enemies":"Sentry and Sphere","floor":31,"turns":5},{"damage":0,"enemies":"Centurion and Healer","floor":32,"turns":6},{"damage":3,"enemies":"downfall:Silent","floor":33,"turns":6}],"seed_played":"-8287684363398329591","potions_obtained":[{"floor":10,"key":"Block Potion"},{"floor":10,"key":"Weak Potion"},{"floor":10,"key":"Fruit Juice"},{"floor":11,"key":"AttackPotion"},{"floor":12,"key":"GamblersBrew"},{"floor":19,"key":"Regen Potion"},{"floor":22,"key":"SteroidPotion"},{"floor":30,"key":"BlessingOfTheForge"}],"is_trial":false,"path_per_floor":["R","M","M","?","M","R","T","R","M","?","E","M","R","M","M","B",null,"R","M","?","?","M","$","T","T","R","?","M","E","M","M","M","B"],"character_chosen":"GUARDIAN","items_purchased":["Guardian:Suspension"],"campfire_rested":0,"item_purchase_floors":[23],"current_hp_per_floor":[72,72,72,72,72,72,72,72,68,68,43,37,46,44,41,22,66,75,80,80,80,42,42,42,42,54,54,53,15,15,3,3,0,0,0],"gold":125,"neow_bonus":"THREE_ENEMY_KILL","is_daily":false,"chose_seed":false,"campfire_upgraded":5,"win_rate":0.0,"timestamp":1610035539,"path_taken":["R","M","M","?","M","R","T","R","M","?","E","M","R","?","M","BOSS","R","M","?","?","?","$","T","?","R","?","M","E","M","M","M","BOSS"],"items_purchased_type":["Card"],"build_version":"2020-12-22","purchased_purges":1,"victory":false,"max_hp_per_floor":[80,80,80,80,80,80,80,80,80,80,80,80,80,80,80,80,80,80,85,85,85,85,85,85,85,85,85,85,85,85,85,85,85,85,85],"relic_stats":{"counters":[18,86],"Eternal Feather":30,"Cursed Key":1,"obtain_stats":[{"Lantern":7,"downfall:HeartBlessingRed":8,"Guardian:ModeShifter":0,"downfall:HeartsMalice":0,"Eternal Feather":11,"downfall:HeartBlessingGreen":13,"Guardian:PocketSentry":29,"Cursed Key":17,"StrikeDummy":20},{"Lantern":3,"downfall:HeartBlessingRed":3,"Guardian:ModeShifter":0,"downfall:HeartsMalice":0,"Eternal Feather":5,"downfall:HeartBlessingGreen":6,"Guardian:PocketSentry":14,"Cursed Key":9,"StrikeDummy":10},{"Lantern":0,"downfall:HeartBlessingRed":0,"Guardian:ModeShifter":0,"downfall:HeartsMalice":0,"Eternal Feather":13,"downfall:HeartBlessingGreen":16,"Guardian:PocketSentry":66,"Cursed Key":38,"StrikeDummy":43}]},"card_choices":[{"not_picked":["Guardian:PrismaticBeam","Guardian:VentSteam"],"picked":"Guardian:PrimingBeam","floor":2},{"not_picked":["Guardian:RefractedBeam","Guardian:TemporalShield"],"picked":"Guardian:SpikerProtocol","floor":3},{"not_picked":["Guardian:RollAttack","Guardian:RefractedBeam"],"picked":"Guardian:ShieldCharger","floor":5},{"not_picked":["Guardian:ShieldCharger","Guardian:Incinerate"],"picked":"Guardian:Gem_Green","floor":9},{"not_picked":["Guardian:Gem_Cyan","Guardian:Gem_Crimson"],"picked":"Guardian:Clone","floor":11},{"not_picked":["Guardian:VentSteam","Guardian:Incinerate"],"picked":"Guardian:Gem_Red","floor":12},{"not_picked":["Guardian:RollAttack","Guardian:Incinerate","Guardian:PrismaticBeam"],"picked":"SKIP","floor":14},{"not_picked":["Guardian:Emergency","Guardian:WalkerClaw"],"picked":"Guardian:Repulse","floor":15},{"not_picked":["Guardian:GatlingBeam","Guardian:FastForward"],"picked":"Guardian:Gem_Orange","floor":16},{"not_picked":["Guardian:Gem_Cyan","Guardian:Gem_Purple"],"picked":"Guardian:Reroute","floor":19},{"not_picked":["Guardian:Incinerate","Guardian:Gem_Fragmented"],"picked":"Guardian:DonusPower","floor":22},{"not_picked":["Guardian:TimeBomb","Guardian:Gem_Crimson"],"picked":"Guardian:TemporalShield","floor":23},{"not_picked":["Guardian:PiercingHide","Guardian:Gem_Fragmented"],"picked":"Guardian:BronzeOrb","floor":28},{"not_picked":["Guardian:Gem_Lightblue","Guardian:Gem_Green"],"picked":"Guardian:PiercingHide","floor":29},{"not_picked":["Guardian:Gem_Crimson","Guardian:ChargeUp"],"picked":"Guardian:ShieldSpikes+1","floor":30},{"not_picked":["Guardian:PrimingBeam+1","Guardian:Gem_Yellow"],"picked":"Guardian:DecasProtection+1","floor":31},{"not_picked":["Guardian:VentSteam+1","Guardian:Gem_Green","Guardian:Gem_Red"],"picked":"SKIP","floor":32}],"player_experience":2210847,"relics_obtained":[{"floor":7,"key":"Lantern"},{"floor":11,"key":"Eternal Feather"},{"floor":29,"key":"Guardian:PocketSentry"}],"event_choices":[{"damage_healed":0,"gold_gain":0,"player_choice":"Got Potions","damage_taken":0,"max_hp_gain":0,"max_hp_loss":0,"event_name":"Lab","floor":10,"gold_loss":0},{"damage_healed":0,"gold_gain":0,"player_choice":"Ignored","damage_taken":0,"max_hp_gain":0,"max_hp_loss":0,"event_name":"Vampires","floor":27,"gold_loss":0}],"is_beta":false,"boss_relics":[{"not_picked":["SlaversCollar","Tiny House"],"picked":"Cursed Key"}],"items_purged_floors":[23],"is_endless":false,"potions_floor_spawned":[11,12,19,22,30],"killed_by":"downfall:Silent","ascension_level":10}}