{"host":"254qdhpnbonm8z0p","time":1610000683,"event":{"mods":["BaseMod","Block Reminder","Colored Map","Colored Powertips","Highlight Path","Minty Spire (QoL Compilation)"],"gold_per_floor":[118,129,143,153,0,0,35,35,35,35,45,60,60,85,85,187,187,202,202,217,232,250,284,295,295,295,295,295,327,327,341,341,444,444,463,474,254,269,284,284,319,4,4,4,16,28,28,53,53,53,53],"floor_reached":50,"playtime":6428,"items_purged":["Corruption+1"],"score":656,"play_id":"6012e4e7-e9a2-4924-80cc-d9831279edfc","local_time":"20210106222443","is_ascension_mode":false,"campfire_choices":[{"data":"Armaments","floor":6,"key":"SMITH"},{"data":"Perfected Strike","floor":8,"key":"SMITH"},{"floor":10,"key":"REST"},{"data":"Whirlwind","floor":15,"key":"SMITH"},{"floor":25,"key":"REST"},{"floor":27,"key":"REST"},{"floor":30,"key":"REST"},{"floor":32,"key":"REST"},{"floor":40,"key":"REST"},{"floor":47,"key":"REST"},{"floor":49,"key":"REST"}],"circlet_count":0,"master_deck":["Strike_R+1","Strike_R+1","Strike_R+1","Strike_R+1","Strike_R+1","Defend_R+1","Defend_R+1","Defend_R+1","Bash","Infernal Blade","Perfected Strike+1","Twin Strike","Twin Strike","Perfected Strike","Whirlwind+1","Reaper","Rampage","Clash+1","Clash","Perfected Strike","Spot Weakness","Perfected Strike","Seeing Red+1","Double Tap","Reckless Charge+1","Rupture+1","Iron Wave+1","Anger","Clash","Discovery","Flex+1","Rampage+1","Dramatic Entrance","Infernal Blade","Cleave","Clash+1","Clash","Shrug It Off+1"],"relics":["Burning Blood","NeowsBlessing","Nunchaku","PreservedInsect","Ornamental Fan","Mango","Fusion Hammer","Ancient Tea Set","Shuriken","Bronze Scales","Astrolabe","Lantern","Strange Spoon","Paper Frog","Centennial Puzzle"],"acts_visited":["TheCity","TheBeyond"],"potions_floor_usage":[16,23,33,33,33,46,48,48,50],"damage_taken":[{"damage":0,"enemies":"Cultist","floor":1,"turns":1},{"damage":0,"enemies":"Small Slimes","floor":2,"turns":1},{"damage":0,"enemies":"Jaw Worm","floor":3,"turns":1},{"damage":11,"enemies":"Exordium Wildlife","floor":4,"turns":4},{"damage":23,"enemies":"3 Sentries","floor":7,"turns":10},{"damage":11,"enemies":"Exordium Thugs","floor":11,"turns":4},{"damage":0,"enemies":"Red Slaver","floor":12,"turns":2},{"damage":26,"enemies":"Lagavulin","floor":14,"turns":4},{"damage":11,"enemies":"Slime Boss","floor":16,"turns":9},{"damage":20,"enemies":"2 Thieves","floor":18,"turns":4},{"damage":2,"enemies":"Spheric Guardian","floor":20,"turns":3},{"damage":18,"enemies":"3 Cultists","floor":21,"turns":4},{"damage":22,"enemies":"Snake Plant","floor":22,"turns":3},{"damage":13,"enemies":"Gremlin Leader","floor":23,"turns":3},{"damage":17,"enemies":"Centurion and Healer","floor":24,"turns":4},{"damage":10,"enemies":"Slavers","floor":29,"turns":3},{"damage":0,"enemies":"Chosen and Byrds","floor":31,"turns":3},{"damage":56,"enemies":"Collector","floor":33,"turns":4},{"damage":18,"enemies":"Orb Walker","floor":35,"turns":3},{"damage":14,"enemies":"3 Darklings","floor":36,"turns":4},{"damage":28,"enemies":"Spire Growth","floor":38,"turns":3},{"damage":0,"enemies":"Transient","floor":39,"turns":5},{"damage":37,"enemies":"Nemesis","floor":41,"turns":3},{"damage":40,"enemies":"4 Shapes","floor":45,"turns":3},{"damage":31,"enemies":"Maw","floor":46,"turns":5},{"damage":24,"enemies":"Giant Head","floor":48,"turns":6},{"damage":71,"enemies":"Awakened One","floor":50,"turns":4}],"seed_played":"-2425760502812258140","potions_obtained":[{"floor":1,"key":"Weak Potion"},{"floor":2,"key":"GamblersBrew"},{"floor":4,"key":"SteroidPotion"},{"floor":16,"key":"DuplicationPotion"},{"floor":21,"key":"SneckoOil"},{"floor":23,"key":"Explosive Potion"},{"floor":29,"key":"DuplicationPotion"},{"floor":33,"key":"SmokeBomb"},{"floor":36,"key":"BlessingOfTheForge"},{"floor":45,"key":"Weak Potion"},{"floor":46,"key":"FearPotion"},{"floor":48,"key":"Dexterity Potion"}],"is_trial":false,"path_per_floor":["M","M","M","M","$","R","E","R","T","R","M","M","?","E","R","B",null,"M","?","M","M","M","E","M","R","T","R","?","E","R","M","R","B",null,"M","M","$","M","M","R","E","$","T","?","M","M","R","E","R","B"],"character_chosen":"IRONCLAD","items_purchased":["Nunchaku","Clash","Discovery","Strange Spoon","Dramatic Entrance","Infernal Blade"],"campfire_rested":8,"item_purchase_floors":[5,37,37,42,42,42],"current_hp_per_floor":[80,80,80,75,75,75,58,58,58,80,75,80,85,79,79,74,99,89,89,96,84,72,65,62,91,91,99,99,95,99,99,99,49,99,87,79,79,57,63,92,62,62,62,62,28,7,36,30,59,0,0],"gold":53,"neow_bonus":"THREE_ENEMY_KILL","is_daily":false,"chose_seed":false,"campfire_upgraded":3,"win_rate":0.0,"timestamp":1610000683,"path_taken":["M","M","M","M","$","R","E","R","T","R","?","M","?","E","R","BOSS","M","?","M","M","M","E","M","R","T","R","?","E","R","?","R","BOSS","M","M","$","M","M","R","E","$","T","?","?","M","R","E","R","BOSS"],"items_purchased_type":["Relic","Card","Card","Relic","Card","Card"],"build_version":"2020-12-22","purchased_purges":1,"victory":false,"max_hp_per_floor":[80,80,80,80,80,80,80,80,80,80,80,80,85,99,99,99,99,99,99,99,99,99,99,99,99,99,99,99,99,99,99,99,99,99,99,99,99,99,99,99,99,99,99,99,99,99,99,99,99,99,99],"card_choices":[{"not_picked":["Combust","Spot Weakness"],"picked":"Shrug It Off","floor":1},{"not_picked":["Entrench","Second Wind"],"picked":"Infernal Blade","floor":2},{"not_picked":["Thunderclap","Headbutt"],"picked":"Perfected Strike","floor":3},{"not_picked":["Iron Wave","Perfected Strike"],"picked":"Armaments","floor":4},{"not_picked":["Dark Embrace","Power Through"],"picked":"Twin Strike","floor":7},{"not_picked":["Bloodletting","Dark Embrace"],"picked":"Twin Strike","floor":11},{"not_picked":["Bloodletting","Pommel Strike"],"picked":"Perfected Strike","floor":12},{"not_picked":["Clothesline","Entrench"],"picked":"Whirlwind","floor":14},{"not_picked":["Demon Form","Feed"],"picked":"Reaper","floor":16},{"not_picked":["Spot Weakness","Pommel Strike"],"picked":"Rampage","floor":18},{"not_picked":["Pommel Strike+1","Intimidate"],"picked":"Clash+1","floor":20},{"not_picked":["Bloodletting","Inflame"],"picked":"Clash","floor":21},{"not_picked":["Iron Wave","Burning Pact"],"picked":"Armaments+1","floor":22},{"not_picked":["Hemokinesis","Iron Wave"],"picked":"Perfected Strike","floor":23},{"not_picked":["Body Slam","Carnage"],"picked":"Spot Weakness","floor":24},{"not_picked":["Intimidate+1","Armaments+1"],"picked":"Perfected Strike","floor":29},{"not_picked":["Second Wind","Infernal Blade"],"picked":"Seeing Red+1","floor":31},{"not_picked":["Feed","Reaper"],"picked":"Double Tap","floor":33},{"not_picked":["Dark Embrace+1","Body Slam"],"picked":"Iron Wave+1","floor":35},{"not_picked":["Armaments+1","Twin Strike"],"picked":"Anger","floor":36},{"not_picked":["Warcry+1","Bloodletting","Feed"],"picked":"SKIP","floor":38},{"not_picked":["Clash+1","Warcry"],"picked":"Flex+1","floor":39},{"not_picked":["Iron Wave","Combust+1"],"picked":"Rampage+1","floor":41},{"not_picked":["Thunderclap","Ghostly Armor"],"picked":"Clash+1","floor":45},{"not_picked":["Entrench","Twin Strike"],"picked":"Clash","floor":46},{"not_picked":["Seeing Red+1","Power Through+1"],"picked":"Shrug It Off+1","floor":48}],"player_experience":17822,"relics_obtained":[{"floor":7,"key":"PreservedInsect"},{"floor":9,"key":"Ornamental Fan"},{"floor":14,"key":"Mango"},{"floor":23,"key":"Ancient Tea Set"},{"floor":26,"key":"Shuriken"},{"floor":29,"key":"Bronze Scales"},{"floor":41,"key":"Lantern"},{"floor":43,"key":"Paper Frog"},{"floor":48,"key":"Centennial Puzzle"}],"event_choices":[{"damage_healed":0,"gold_gain":0,"player_choice":"Donut","damage_taken":0,"max_hp_gain":5,"max_hp_loss":0,"event_name":"Big Fish","floor":13,"gold_loss":0},{"damage_healed":0,"gold_gain":0,"player_choice":"Simplicity","damage_taken":0,"max_hp_gain":0,"max_hp_loss":0,"event_name":"Back to Basics","floor":19,"gold_loss":0,"cards_upgraded":["Strike_R","Strike_R","Strike_R","Strike_R","Strike_R","Defend_R","Defend_R","Defend_R","Defend_R"]},{"damage_healed":0,"gold_gain":0,"player_choice":"Ignored","damage_taken":0,"max_hp_gain":0,"max_hp_loss":0,"event_name":"Ghosts","floor":28,"gold_loss":0},{"damage_healed":0,"gold_gain":0,"cards_transformed":["Defend_R"],"player_choice":"Transformed","damage_taken":0,"max_hp_gain":0,"max_hp_loss":0,"event_name":"Transmorgrifier","floor":44,"gold_loss":0,"cards_obtained":["Cleave"]}],"is_beta":false,"boss_relics":[{"not_picked":["SlaversCollar","Runic Dome"],"picked":"Fusion Hammer"},{"not_picked":["Coffee Dripper","Runic Pyramid"],"picked":"Astrolabe"}],"items_purged_floors":[37],"is_endless":false,"potions_floor_spawned":[1,2,4,16,18,21,23,29,33,36,45,46,48],"killed_by":"Awakened One","ascension_level":0}}