{"host":"os7ajuuouznx3pj7","time":1610054008,"event":{"mods":["AchievementEnabler","BaseMod","Bestiary","Block Reminder","Colored Map","Colored Powertips","Keyboard Shortcuts","Minty Spire (QoL Compilation)","Quick Restart","Relic Sorter","Relic Stats","SuperFastMode"],"gold_per_floor":[111,111,121,133,144,173,173,200,223,236,265,265,190,190,190,290,290,304,304,322,335,347,374,374,401,401,421,421,448,468,468,468,567,567,580,599,618,638,656,675,701,713,713,713,320,320,330,104,104,104,104,104,11,37,37,37],"floor_reached":55,"playtime":10537,"items_purged":["Strike_G","Strike_G"],"score":1294,"play_id":"f50e015a-c85b-4bd3-bde5-9ad2ad5f00f1","local_time":"20210107191328","is_ascension_mode":true,"campfire_choices":[{"floor":7.0,"key":"REST"},{"floor":12.0,"key":"REST"},{"floor":15.0,"key":"RECALL"},{"floor":24.0,"key":"REST"},{"floor":28.0,"key":"REST"},{"floor":32.0,"key":"REST"},{"floor":44,"key":"REST"},{"floor":46,"key":"REST"},{"floor":49,"key":"REST"},{"floor":52,"key":"REST"}],"circlet_count":0,"master_deck":["Strike_G","Strike_G","Defend_G","Defend_G","Defend_G+1","Survivor+1","Neutralize","Blade Dance","All Out Attack","Cloak And Dagger","Finisher","Dash","Quick Slash","Burst+1","Dagger Spray+1","Dodge and Roll+1","Masterful Stab","A Thousand Cuts","Slice","Backflip+1","Expertise+1","Cloak And Dagger","Doppelganger","Slice+1","Blade Dance","Well Laid Plans+1","Endless Agony+1","Finisher+1","Blur+1","Backflip","Blade Dance","Panache","Leg Sweep","Blade Dance","Caltrops","Cloak And Dagger+1"],"relics":["Fusion Hammer","Sozu","Empty Cage","Thread and Needle","War Paint","Orichalcum","Blood Vial","Mercury Hourglass","Meat on the Bone","Pantograph","InkBottle","Kunai","Blue Candle","Bottled Tornado","Ninja Scroll"],"acts_visited":["Exordium","TheCity","TheBeyond","TheEnding"],"potions_floor_usage":[55],"damage_taken":[{"damage":0.0,"enemies":"Cultist","floor":1.0,"turns":4.0},{"damage":2.0,"enemies":"2 Louse","floor":3.0,"turns":3.0},{"damage":0.0,"enemies":"Jaw Worm","floor":4.0,"turns":4.0},{"damage":0.0,"enemies":"Red Slaver","floor":5.0,"turns":3.0},{"damage":12.0,"enemies":"Lagavulin","floor":6.0,"turns":6.0},{"damage":8.0,"enemies":"Gremlin Nob","floor":8.0,"turns":4.0},{"damage":0.0,"enemies":"Gremlin Gang","floor":10.0,"turns":1.0},{"damage":0.0,"enemies":"3 Sentries","floor":11.0,"turns":4.0},{"damage":19.0,"enemies":"Slime Boss","floor":16.0,"turns":9.0},{"damage":3.0,"enemies":"Shell Parasite","floor":18.0,"turns":6.0},{"damage":0.0,"enemies":"3 Byrds","floor":20.0,"turns":3.0},{"damage":2.0,"enemies":"Centurion and Healer","floor":21.0,"turns":5.0},{"damage":0.0,"enemies":"Snecko","floor":22.0,"turns":4.0},{"damage":0.0,"enemies":"Slavers","floor":23.0,"turns":5.0},{"damage":0.0,"enemies":"Gremlin Leader","floor":25.0,"turns":5.0},{"damage":12.0,"enemies":"Cultist and Chosen","floor":27.0,"turns":6.0},{"damage":4.0,"enemies":"Book of Stabbing","floor":29.0,"turns":4.0},{"damage":5.0,"enemies":"Snake Plant","floor":30.0,"turns":4.0},{"damage":21.0,"enemies":"Collector","floor":33.0,"turns":12.0},{"damage":0.0,"enemies":"3 Darklings","floor":35.0,"turns":4.0},{"damage":0.0,"enemies":"3 Shapes","floor":36.0,"turns":3.0},{"damage":0.0,"enemies":"Maw","floor":37.0,"turns":7.0},{"damage":0.0,"enemies":"Transient","floor":38.0,"turns":5.0},{"damage":17.0,"enemies":"Writhing Mass","floor":39.0,"turns":8.0},{"damage":3.0,"enemies":"Spire Growth","floor":40.0,"turns":4.0},{"damage":19,"enemies":"Nemesis","floor":41,"turns":5},{"damage":4,"enemies":"Transient","floor":42,"turns":5},{"damage":0,"enemies":"Sphere and 2 Shapes","floor":47,"turns":3},{"damage":35,"enemies":"Donu and Deca","floor":50,"turns":8},{"damage":0,"enemies":"Shield and Spear","floor":54,"turns":7},{"damage":115,"enemies":"The Heart","floor":55,"turns":9}],"seed_played":"-1083634716691289513","potions_obtained":[{"floor":3.0,"key":"AttackPotion"},{"floor":6.0,"key":"Fire Potion"},{"floor":11.0,"key":"DuplicationPotion"},{"floor":18.0,"key":"SmokeBomb"},{"floor":20.0,"key":"EntropicBrew"},{"floor":21.0,"key":"Ancient Potion"},{"floor":22.0,"key":"FearPotion"},{"floor":27.0,"key":"Explosive Potion"},{"floor":31.0,"key":"SkillPotion"},{"floor":33.0,"key":"FairyPotion"}],"is_trial":false,"path_per_floor":["M","?","M","M","M","E","R","E","T","M","E","R","$","?","R","B",null,"M","?","M","M","M","E","R","E","T","M","R","E","M","?","R","B",null,"M","M","M","M","M","M","E","M","T","R","$","R","M","$","R","B",null,"R","$","E","B"],"character_chosen":"THE_SILENT","items_purchased":["Blade Dance","Bottled Tornado","Panache","Leg Sweep","Blade Dance","Caltrops"],"campfire_rested":9,"item_purchase_floors":[45,45,48,48,53,53],"current_hp_per_floor":[63,63,61,61,61,49,70,62,62,64,66,70,70,63,63,46,64,63,63,65,65,67,69,70,70,70,58,70,66,63,63,70,49,65,67,69,70,70,53,52,47,45,45,66,66,70,70,70,70,47,64,70,70,70,0,0],"gold":37,"neow_bonus":"BOSS_RELIC","is_daily":false,"chose_seed":false,"campfire_upgraded":0,"win_rate":0.0,"timestamp":1610054008,"path_taken":["M","?","?","M","M","E","R","E","T","M","E","R","$","?","R","BOSS","M","?","M","M","M","E","R","E","T","M","R","E","M","?","R","BOSS","M","M","?","M","M","M","E","M","T","R","$","R","M","$","R","BOSS","R","$","E","BOSS"],"items_purchased_type":["Card","Relic","Card","Card","Card","Card"],"build_version":"2020-12-22","purchased_purges":2,"victory":false,"max_hp_per_floor":[70,70,70,70,70,70,70,70,70,70,70,70,70,70,70,70,70,70,70,70,70,70,70,70,70,70,70,70,70,70,70,70,70,70,70,70,70,70,70,70,70,70,70,70,70,70,70,70,70,70,70,70,70,70,70,70],"relic_stats":{"Sozu":5,"Blood Vial":29,"counters":[31,160],"Pantograph":0,"Blue Candle":[0],"Kunai":[128],"War Paint":["Survivor","Defend_G"],"Orichalcum":[108],"obtain_stats":[{"Blue Candle":41,"Thread and Needle":11,"War Paint":6,"Orichalcum":8,"Bottled Tornado":45,"Empty Cage":17,"Mercury Hourglass":26,"Blood Vial":9,"Sozu":34,"Ninja Scroll":54,"Pantograph":29,"Fusion Hammer":0,"Kunai":23,"InkBottle":2,"Ring of the Snake":0,"Meat on the Bone":25},{"Blue Candle":26,"Thread and Needle":8,"War Paint":5,"Orichalcum":6,"Bottled Tornado":27,"Empty Cage":9,"Mercury Hourglass":15,"Blood Vial":6,"Sozu":19,"Ninja Scroll":30,"Pantograph":17,"Fusion Hammer":0,"Kunai":14,"InkBottle":1,"Ring of the Snake":0,"Meat on the Bone":15},{"Blue Candle":128,"Thread and Needle":29,"War Paint":20,"Orichalcum":24,"Bottled Tornado":133,"Empty Cage":38,"Mercury Hourglass":66,"Blood Vial":24,"Sozu":92,"Ninja Scroll":151,"Pantograph":76,"Fusion Hammer":0,"Kunai":61,"InkBottle":4,"Ring of the Snake":0,"Meat on the Bone":66}],"InkBottle":[101],"Mercury Hourglass":[325],"Meat on the Bone":24},"card_choices":[{"not_picked":["Dodge and Roll","PiercingWail"],"picked":"Flying Knee","floor":1.0},{"not_picked":["Deadly Poison","PiercingWail"],"picked":"Blade Dance","floor":3.0},{"not_picked":["Quick Slash","Deadly Poison"],"picked":"All Out Attack","floor":4.0},{"not_picked":["Calculated Gamble","Slice"],"picked":"Cloak And Dagger","floor":5.0},{"not_picked":["Deflect","After Image"],"picked":"Finisher","floor":6.0},{"not_picked":["Deadly Poison","All Out Attack","Tactician"],"picked":"SKIP","floor":8.0},{"not_picked":["Reflex","Flechettes"],"picked":"Dash","floor":10.0},{"not_picked":["Heel Hook","Prepared"],"picked":"Quick Slash","floor":11.0},{"not_picked":["Grand Finale","Doppelganger"],"picked":"Burst","floor":16.0},{"not_picked":["Flechettes","Terror"],"picked":"Dagger Spray+1","floor":18.0},{"not_picked":["Noxious Fumes","Bane"],"picked":"Dodge and Roll+1","floor":20.0},{"not_picked":["Underhanded Strike","Heel Hook"],"picked":"Masterful Stab","floor":21.0},{"not_picked":["Flying Knee","Sucker Punch","Quick Slash"],"picked":"SKIP","floor":22.0},{"not_picked":["Bane","Backflip"],"picked":"A Thousand Cuts","floor":23.0},{"not_picked":["Heel Hook","Bouncing Flask"],"picked":"Slice","floor":25.0},{"not_picked":["Sucker Punch","Bouncing Flask"],"picked":"Backflip+1","floor":27.0},{"not_picked":["Slice","Leg Sweep"],"picked":"Expertise+1","floor":29.0},{"not_picked":["Deadly Poison","Prepared"],"picked":"Cloak And Dagger","floor":30.0},{"not_picked":["Tools of the Trade","Night Terror"],"picked":"Doppelganger","floor":33.0},{"not_picked":["Underhanded Strike","Deadly Poison+1","All Out Attack+1"],"picked":"SKIP","floor":35.0},{"not_picked":["Deadly Poison","Skewer+1"],"picked":"Slice+1","floor":36.0},{"not_picked":["Tactician+1","Slice"],"picked":"Blade Dance","floor":37.0},{"not_picked":["Backflip","Dagger Spray"],"picked":"Well Laid Plans+1","floor":38.0},{"not_picked":["Crippling Poison+1","Dash"],"picked":"Endless Agony+1","floor":39.0},{"not_picked":["Backflip+1","Blur"],"picked":"Finisher+1","floor":40.0},{"not_picked":["Tactician+1","All Out Attack"],"picked":"Blur+1","floor":41},{"not_picked":["Flechettes","Concentrate+1"],"picked":"Backflip","floor":42},{"not_picked":["Dagger Throw","Outmaneuver","Flying Knee"],"picked":"SKIP","floor":47},{"not_picked":["Noxious Fumes+1","Dodge and Roll+1"],"picked":"Cloak And Dagger+1","floor":54}],"player_experience":837702,"relics_obtained":[{"floor":6.0,"key":"War Paint"},{"floor":8.0,"key":"Orichalcum"},{"floor":9.0,"key":"Blood Vial"},{"floor":11.0,"key":"Thread and Needle"},{"floor":23.0,"key":"Kunai"},{"floor":25.0,"key":"Meat on the Bone"},{"floor":26.0,"key":"Mercury Hourglass"},{"floor":29.0,"key":"Pantograph"},{"floor":41,"key":"Blue Candle"},{"floor":54,"key":"Ninja Scroll"}],"event_choices":[{"cards_removed":["Flying Knee"],"damage_healed":0.0,"max_hp_gain":0.0,"max_hp_loss":0.0,"gold_gain":0.0,"event_name":"WeMeetAgain","player_choice":"Gave Card","floor":2.0,"gold_loss":0.0,"damage_taken":0.0,"relics_obtained":["InkBottle"]},{"cards_removed":["Strike_G"],"damage_healed":0.0,"max_hp_gain":0.0,"max_hp_loss":0.0,"gold_gain":0.0,"event_name":"Golden Wing","player_choice":"Card Removal","floor":14.0,"gold_loss":0.0,"damage_taken":7.0},{"damage_healed":0.0,"max_hp_gain":0.0,"max_hp_loss":0.0,"gold_gain":0.0,"event_name":"Upgrade Shrine","player_choice":"Upgraded","floor":19.0,"gold_loss":0.0,"damage_taken":0.0,"cards_upgraded":["Burst"]},{"damage_healed":0.0,"max_hp_gain":0.0,"max_hp_loss":0.0,"gold_gain":0.0,"event_name":"Lab","player_choice":"Got Potions","floor":31.0,"gold_loss":0.0,"damage_taken":0.0}],"is_beta":false,"boss_relics":[{"not_picked":["HoveringKite","Calling Bell"],"picked":"Empty Cage"},{"not_picked":["Pandora\u0027s Box","Astrolabe"],"picked":"Sozu"}],"items_purged_floors":[13,45],"is_endless":false,"potions_floor_spawned":[3,6,11,18,20,21,22,27,33,35,36,37,41,54],"killed_by":"The Heart","ascension_level":9}}