{"host":"uz90qi4h2v7tkywu","time":1610033999,"event":{"mods":["BaseMod","BetterRewards","Colored Powertips","Downfall","Hubris","Marisa（F雨　魔理沙）","Minty Spire (QoL Compilation)","Quick Restart","Replay The Spire","Shop Mod","StSLib","SuperFastMode","Synergy Search","Td1madao Mod","TestMod","The Hierophant","The IronCluck","The Necromancer","The Runesmith","The Servant 0.9.4","Transform Curses"],"gold_per_floor":[99,117,132,149,167,92,116,134,134,151,151,151,166,189,201,305,305,230,240,240,340,69,69,94,94,111,137,150,135,135,161,171,268,268,193,193,193,193,211,108,108,143,143,143,178,251,269,314,346,356,356,364,364,364],"floor_reached":52,"playtime":3987,"items_purged":["Slimebound:Defend_Slimebound","ReplayTheSpireMod:Splinters"],"score":895,"play_id":"09a8517b-856e-4a06-8a53-17234cbf38d8","local_time":"20210108023959","is_ascension_mode":false,"campfire_choices":[{"floor":1,"key":"RECALL"},{"data":"Slimebound:Split","floor":6,"key":"SMITH"},{"floor":12,"key":"REST"},{"data":"Slimebound:LeadByExample","floor":18,"key":"SMITH"},{"data":"Slimebound:GrowthPunch","floor":25,"key":"SMITH"},{"data":"Slimebound:DouseInSlime","floor":35,"key":"SMITH"}],"circlet_count":0,"master_deck":["Slimebound:Strike_Slimebound","Slimebound:Strike_Slimebound","Slimebound:Strike_Slimebound","Slimebound:Tackle","Slimebound:Defend_Slimebound","Slimebound:Defend_Slimebound","Slimebound:Defend_Slimebound","Slimebound:Split+1","Slimebound:CorrosiveSpit","Slimebound:Prepare","Slimebound:SpikyOuterGoop","Slimebound:LeadByExample+1","Slimebound:Schlurp","Slimebound:FirmFortitude","Slimebound:Grow","Slimebound:Prepare","Slimebound:SpikyOuterGoop","Slimebound:LeechingTouch","Slimebound:LeechLife","Slimebound:GrowthPunch+1","Slimebound:SplitMire","Slimebound:PressTheAttack","Slimebound:GoopSpray","Slimebound:SamplingLick+1","Slimebound:ViciousTackle","Slimebound:ItLooksTasty","Slimebound:SplitMire","Slimebound:LeechEnergy","Slimebound:Replication","Slimebound:DouseInSlime+1","Slimebound:SpikyOuterGoop","Slimebound:FinishingTackle","Slimebound:LeadByExample+1","Enlightenment","Slimebound:FinishingTackle+1","Slimebound:RejuvenatingLick+1","Slimebound:Prepare+1","Apotheosis","Slimebound:ProtectTheBoss+1","Slimebound:SamplingLick","Slimebound:RejuvenatingLick"],"relics":["testmod-TestBox","Runesmith:UraniumAnvil","downfall:HeartBlessingRed","Ginger","testmod-TimeTraveler","downfall:HeartBlessingBlue","FossilizedHelix","testmod-BalancedPeriapt","Lee\u0027s Waffle","downfall:RedIOU","Pen Nib","hubris:SphereOfDissonance","Replay:Wax Seal","testmod-BatchProcessingSystem","downfall:HeartBlessingGreen","hubris:Towel","hubris:Backtick","testmod-ThousandKnives","Gremlin Horn","Slimebound:AggressiveSlimeRelic","ReplayTheSpireMod:Ring of Exchange","Ring of Chaos","testmod-TurbochargingSystem","Replay:Bandana","hubris:DeckOfHolding"],"acts_visited":["Exordium","TheCity","TheBeyond","TheEnding"],"potions_floor_usage":[27,27,42,49,49],"damage_taken":[{"damage":4,"enemies":"Small Slimes","floor":2,"turns":3},{"damage":4,"enemies":"Cultist","floor":3,"turns":3},{"damage":9,"enemies":"2 Louse","floor":4,"turns":3},{"damage":10,"enemies":"Exordium Wildlife","floor":5,"turns":4},{"damage":11,"enemies":"Large Slime","floor":8,"turns":5},{"damage":2,"enemies":"Blue Slaver","floor":10,"turns":3},{"damage":8,"enemies":"2 Fungi Beasts","floor":13,"turns":4},{"damage":7,"enemies":"Large Slime","floor":15,"turns":5},{"damage":4,"enemies":"downfall:Silent","floor":16,"turns":8},{"damage":0,"enemies":"Chosen","floor":19,"turns":6},{"damage":10,"enemies":"downfall:Watcher","floor":21,"turns":7},{"damage":7,"enemies":"downfall:FleeingMerchant","floor":22,"turns":4},{"damage":0,"enemies":"Spheric Guardian","floor":26,"turns":4},{"damage":50,"enemies":"Slavers","floor":27,"turns":5},{"damage":7,"enemies":"Chosen and Byrds","floor":28,"turns":5},{"damage":0,"enemies":"downfall:FleeingMerchant","floor":29,"turns":4},{"damage":27,"enemies":"Gremlin Leader","floor":31,"turns":6},{"damage":19,"enemies":"Sentry and Sphere","floor":32,"turns":5},{"damage":26,"enemies":"downfall:Defect","floor":33,"turns":7},{"damage":21,"enemies":"3 Darklings","floor":39,"turns":5},{"damage":12,"enemies":"downfall:FleeingMerchant","floor":40,"turns":4},{"damage":54,"enemies":"Reptomancer","floor":42,"turns":7},{"damage":19,"enemies":"R_Hoarder","floor":45,"turns":3},{"damage":12,"enemies":"downfall:FleeingMerchant","floor":46,"turns":2},{"damage":35,"enemies":"Orb Walker","floor":47,"turns":4},{"damage":14,"enemies":"Reptomancer","floor":48,"turns":5},{"damage":31,"enemies":"Jaw Worm Horde","floor":49,"turns":3},{"damage":23,"enemies":"downfall:Ironclad","floor":50,"turns":6},{"damage":104,"enemies":"downfall:CharBossMerchant","floor":52,"turns":7}],"seed_played":"-2424213831956517909","potions_obtained":[{"floor":3,"key":"Fire Potion"},{"floor":4,"key":"Venom Potion"},{"floor":5,"key":"Toxic Potion"},{"floor":15,"key":"AttackPotion"},{"floor":16,"key":"Block Potion"},{"floor":19,"key":"testmod-TestPotion"},{"floor":27,"key":"Weak Potion"},{"floor":30,"key":"CultistPotion"},{"floor":32,"key":"BlessingOfTheForge"},{"floor":33,"key":"Energy Potion"},{"floor":45,"key":"Dexterity Potion"},{"floor":48,"key":"SkillPotion"}],"is_trial":false,"path_per_floor":["R","M","M","M","M","R","T","M","?","M","?","R","M","?","M","B",null,"R","M","?","?","$","?","T","R","M","E","M","$","?","E","M","B",null,"R","?","?","?","M","$","T","E","?","T","E","$","M","E","M","B",null,"E"],"character_chosen":"SLIMEBOUND","items_purchased":["Lee\u0027s Waffle","Slimebound:GoopSpray","Enlightenment","Apotheosis"],"campfire_rested":1,"item_purchase_floors":[22,22,40,46],"current_hp_per_floor":[60,60,60,55,49,49,49,42,24,26,26,44,40,40,37,37,60,70,70,70,68,70,70,70,70,70,40,45,55,55,66,59,49,70,70,70,70,70,64,68,68,54,54,54,55,59,28,67,53,62,70,0,0,0],"gold":364,"neow_bonus":"BOSS_RELIC","is_daily":false,"chose_seed":false,"campfire_upgraded":4,"win_rate":0.0,"timestamp":1610033999,"path_taken":["R","M","M","M","M","R","T","M","?","M","?","R","?","?","M","BOSS","R","M","?","?","$","?","T","R","M","E","M","?","?","E","M","BOSS","R","?","?","?","M","?","T","E","?","?","E","$","M","E","M","BOSS","E"],"items_purchased_type":["Relic","Card","Card","Card"],"build_version":"2020-12-22","purchased_purges":2,"victory":false,"max_hp_per_floor":[60,60,60,60,60,60,60,60,60,60,60,60,60,60,60,60,60,70,70,70,70,70,70,70,70,70,70,70,70,70,70,70,70,70,70,70,70,70,70,70,70,70,70,70,70,70,70,70,70,70,70,70,70,70],"card_choices":[{"not_picked":["Slimebound:SlimeSpikes","Slimebound:GrowthPunch"],"picked":"Slimebound:Prepare","floor":2},{"not_picked":["Slimebound:BestDefense","Slimebound:SplitBruiser"],"picked":"Slimebound:SpikyOuterGoop","floor":3},{"not_picked":["Slimebound:Chomp","Slimebound:GrowthPunch"],"picked":"Slimebound:LeadByExample","floor":4},{"not_picked":["Slimebound:SplitMire","Slimebound:RollThrough"],"picked":"Slimebound:Schlurp","floor":5},{"not_picked":["Slimebound:Prepare","Slimebound:SplitMire"],"picked":"Slimebound:FirmFortitude","floor":8},{"not_picked":["Slimebound:GoopTackle","Slimebound:SplitAcid"],"picked":"Slimebound:Grow","floor":10},{"not_picked":["Slimebound:GoopSpray","Slimebound:Chomp"],"picked":"Slimebound:Prepare","floor":13},{"not_picked":["Slimebound:SamplingLick","Slimebound:SplitAcid"],"picked":"Slimebound:SpikyOuterGoop","floor":14},{"not_picked":["Slimebound:Gluttony","Slimebound:Replication"],"picked":"Slimebound:LeechingTouch","floor":15},{"not_picked":["Slimebound:MassRepurpose","Slimebound:RallyTheTroops"],"picked":"Slimebound:LeechLife","floor":16},{"not_picked":["Slimebound:SplitAcid","Slimebound:Gluttony"],"picked":"Slimebound:GrowthPunch","floor":19},{"not_picked":["Slimebound:RollThrough","Slimebound:SplitAcid"],"picked":"Slimebound:SplitMire","floor":21},{"not_picked":["Slimebound:RollThrough","Slimebound:SlimeSpikes+1"],"picked":"Slimebound:PressTheAttack","floor":22},{"not_picked":["Slimebound:Gluttony","Slimebound:Nibble"],"picked":"Slimebound:SamplingLick+1","floor":26},{"not_picked":["Slimebound:SplitMire","Slimebound:MassRepurpose"],"picked":"Slimebound:ViciousTackle","floor":27},{"not_picked":["Slimebound:SplitMire","Slimebound:GrowthPunch"],"picked":"Slimebound:ItLooksTasty","floor":28},{"not_picked":["Slimebound:SplitAcid+1","Slimebound:OneTwoCombo"],"picked":"Slimebound:SplitMire","floor":29},{"not_picked":["Slimebound:SpikyOuterGoop","Slimebound:BestDefense"],"picked":"Slimebound:LeechEnergy","floor":31},{"not_picked":["Slimebound:Chomp","Slimebound:ItLooksTasty"],"picked":"Slimebound:Replication","floor":32},{"not_picked":["Slimebound:MassFeed","Slimebound:CheckThePlaybook"],"picked":"Slimebound:DouseInSlime","floor":33},{"not_picked":["Slimebound:Grow","Slimebound:FlameTackle"],"picked":"Slimebound:FinishingTackle","floor":39},{"not_picked":["Slimebound:Equalize","Slimebound:SplitMire+1"],"picked":"Slimebound:LeadByExample+1","floor":40},{"not_picked":["Slimebound:SplitAcid","Slimebound:GrowthPunch"],"picked":"Slimebound:FinishingTackle+1","floor":42},{"not_picked":["Slimebound:FirmFortitude","Slimebound:LeechingTouch"],"picked":"Slimebound:RejuvenatingLick+1","floor":45},{"not_picked":["Slimebound:SplitAcid","Slimebound:LeechingTouch+1"],"picked":"Slimebound:Prepare+1","floor":46},{"not_picked":["Slimebound:LeechingTouch+1","Slimebound:Overexert"],"picked":"Slimebound:ProtectTheBoss+1","floor":47},{"not_picked":["Slimebound:LeechEnergy","Slimebound:FlameTackle"],"picked":"Slimebound:SamplingLick","floor":48},{"not_picked":["Slimebound:RollThrough","Slimebound:SpikyOuterGoop+1"],"picked":"Slimebound:RejuvenatingLick","floor":49}],"player_experience":480963,"relics_obtained":[{"floor":14,"key":"Ginger"},{"floor":21,"key":"FossilizedHelix"},{"floor":21,"key":"testmod-BalancedPeriapt"},{"floor":24,"key":"Pen Nib"},{"floor":27,"key":"hubris:SphereOfDissonance"},{"floor":31,"key":"Replay:Wax Seal"},{"floor":41,"key":"Gremlin Horn"},{"floor":42,"key":"Slimebound:AggressiveSlimeRelic"},{"floor":43,"key":"ReplayTheSpireMod:Ring of Exchange"},{"floor":43,"key":"Ring of Chaos"},{"floor":44,"key":"testmod-TurbochargingSystem"},{"floor":45,"key":"Replay:Bandana"},{"floor":48,"key":"hubris:DeckOfHolding"}],"event_choices":[{"damage_healed":0,"gold_gain":0,"player_choice":"Success","damage_taken":18,"relics_obtained":["Vajra"],"max_hp_gain":0,"max_hp_loss":0,"event_name":"Scrap Ooze","floor":9,"gold_loss":0},{"damage_healed":0,"gold_gain":0,"player_choice":"Ignored","damage_taken":0,"max_hp_gain":0,"max_hp_loss":0,"event_name":"Ghosts","floor":20,"gold_loss":0},{"damage_healed":0,"gold_gain":0,"player_choice":"Swap Relic","damage_taken":0,"relics_obtained":["hubris:Backtick"],"max_hp_gain":0,"max_hp_loss":0,"event_name":"给自己的盒子","floor":38,"relics_lost":["testmod-Déjàvu"],"gold_loss":0}],"is_beta":false,"boss_relics":[{"not_picked":["hubris:BlackHole","testmod-PortableAltar"],"picked":"testmod-TimeTraveler"},{"not_picked":["hubris:CrackedHourglass","Pandora\u0027s Box"],"picked":"testmod-BatchProcessingSystem"}],"items_purged_floors":[22,46],"is_endless":false,"potions_floor_spawned":[3,4,5,15,16,19,26,27,32,33,45,47,48],"killed_by":"downfall:CharBossMerchant","ascension_level":0}}