{"host":"i1h39d0gfh5c6uxl","time":1610035189,"event":{"mods":["AchievementEnabler","BaseMod","Colored Map","Colored Powertips","Highlight Path","Minty Spire (QoL Compilation)"],"gold_per_floor":[115,130,143,143,143,143,171,142,142,107,120,120,120,36,36,115,115,125,125,50,60,60,91,91,104,104,131,131,131,51,71,71,71,71],"floor_reached":33,"playtime":2841,"items_purged":["Strike_R","Strike_R"],"score":586,"play_id":"a1ce7cc4-47e5-4892-9993-a9df06268ce4","local_time":"20210107235949","is_ascension_mode":true,"campfire_choices":[{"data":"Clothesline","floor":6,"key":"SMITH"},{"floor":13,"key":"REST"},{"floor":15,"key":"REST"},{"floor":24,"key":"REST"},{"data":"Reaper","floor":28,"key":"SMITH"},{"floor":32,"key":"REST"}],"circlet_count":0,"master_deck":["AscendersBane","Strike_R","Strike_R","Defend_R","Defend_R","Defend_R","Defend_R","Bash","Reaper+1","Fire Breathing","Clothesline+1","Armaments+1","Shrug It Off","Pommel Strike","Twin Strike","Shrug It Off+1","Immolate","Battle Trance+1","Whirlwind","Shrug It Off+1"],"relics":["Burning Blood","Pocketwatch","Toxic Egg 2","Sozu","MutagenicStrength","The Courier","PreservedInsect","Potion Belt"],"acts_visited":["Exordium","TheCity"],"potions_floor_usage":[7,12,18],"damage_taken":[{"damage":4.0,"enemies":"Small Slimes","floor":1.0,"turns":4.0},{"damage":12.0,"enemies":"2 Louse","floor":2.0,"turns":3.0},{"damage":4.0,"enemies":"Cultist","floor":3.0,"turns":4.0},{"damage":54,"enemies":"Lagavulin","floor":7,"turns":10},{"damage":18,"enemies":"Exordium Thugs","floor":8,"turns":4},{"damage":3,"enemies":"Looter","floor":11,"turns":3},{"damage":22,"enemies":"Gremlin Nob","floor":12,"turns":4},{"damage":29,"enemies":"Slime Boss","floor":16,"turns":7},{"damage":2,"enemies":"Shell Parasite","floor":18,"turns":5},{"damage":31,"enemies":"Chosen","floor":21,"turns":4},{"damage":42,"enemies":"Gremlin Leader","floor":23,"turns":6},{"damage":0,"enemies":"Centurion and Healer","floor":25,"turns":6},{"damage":33,"enemies":"Slavers","floor":27,"turns":3},{"damage":15,"enemies":"Snake Plant","floor":31,"turns":5},{"damage":81,"enemies":"Collector","floor":33,"turns":9}],"seed_played":"6937340228932401306","potions_obtained":[{"floor":1.0,"key":"EssenceOfSteel"},{"floor":8,"key":"SmokeBomb"},{"floor":16,"key":"HeartOfIron"}],"is_trial":false,"path_per_floor":["M","M","M","?","?","R","E","M","T","?","M","E","R","$","R","B",null,"M","?","$","M","?","E","R","M","T","E","R","?","$","M","R","B"],"character_chosen":"IRONCLAD","items_purchased":["Twin Strike","Shrug It Off+1"],"campfire_rested":4,"item_purchase_floors":[14,14],"current_hp_per_floor":[60,62,70,70,70,70,22,20,20,20,23,7,29,29,51,43,67,71,71,71,50,50,19,41,52,52,46,46,46,46,39,61,0,0],"gold":71,"neow_bonus":"THREE_RARE_CARDS","is_daily":false,"chose_seed":false,"campfire_upgraded":2,"win_rate":0.0,"timestamp":1610035189,"path_taken":["M","M","M","?","?","R","E","M","T","?","M","E","R","$","R","BOSS","M","?","$","?","?","E","R","M","T","E","R","?","?","M","R","BOSS"],"items_purchased_type":["Card","Card"],"build_version":"2020-12-22","purchased_purges":2,"victory":false,"max_hp_per_floor":[75,75,75,75,75,75,75,75,75,75,75,75,75,75,75,75,75,75,75,75,75,75,75,75,75,75,75,75,75,75,75,75,75,75],"card_choices":[{"not_picked":["Brutality","Limit Break"],"picked":"Reaper","floor":0.0},{"not_picked":["Carnage","Battle Trance"],"picked":"Fire Breathing","floor":1.0},{"not_picked":["Headbutt","Disarm"],"picked":"Clothesline","floor":2.0},{"not_picked":["Sever Soul","Warcry"],"picked":"Armaments","floor":3.0},{"not_picked":["Dual Wield","Armaments"],"picked":"Shrug It Off","floor":7},{"not_picked":["Evolve","Armaments","Rage"],"picked":"SKIP","floor":8},{"not_picked":["Armaments+1","Anger"],"picked":"Pommel Strike","floor":11},{"not_picked":["Barricade","Brutality"],"picked":"Immolate","floor":16},{"not_picked":["Clash","Iron Wave"],"picked":"Battle Trance+1","floor":18},{"not_picked":["Sword Boomerang","Intimidate+1","Havoc+1"],"picked":"SKIP","floor":21},{"not_picked":["Havoc+1","Wild Strike+1","Sword Boomerang"],"picked":"SKIP","floor":23},{"not_picked":["Sword Boomerang","Cleave","Clash"],"picked":"SKIP","floor":25},{"not_picked":["Clash","Wild Strike","Thunderclap"],"picked":"SKIP","floor":27},{"not_picked":["Perfected Strike","Havoc+1"],"picked":"Shrug It Off+1","floor":31}],"player_experience":1326070,"relics_obtained":[{"floor":7,"key":"Pocketwatch"},{"floor":9,"key":"Toxic Egg 2"},{"floor":23,"key":"The Courier"},{"floor":26,"key":"PreservedInsect"},{"floor":27,"key":"Potion Belt"}],"event_choices":[{"damage_healed":0.0,"max_hp_gain":0.0,"max_hp_loss":0.0,"gold_gain":0.0,"event_name":"Living Wall","player_choice":"Grow","floor":4.0,"gold_loss":0.0,"damage_taken":0.0,"cards_upgraded":["Armaments"]},{"damage_healed":0,"gold_gain":0,"player_choice":"Fled","damage_taken":0,"max_hp_gain":0,"max_hp_loss":0,"event_name":"Scrap Ooze","floor":5,"gold_loss":0},{"damage_healed":0,"gold_gain":0,"player_choice":"Left Gold","damage_taken":0,"max_hp_gain":0,"max_hp_loss":0,"event_name":"World of Goop","floor":10,"gold_loss":35},{"damage_healed":0,"gold_gain":0,"cards_transformed":["Strike_R"],"player_choice":"Transformed","damage_taken":0,"max_hp_gain":0,"max_hp_loss":0,"event_name":"Transmorgrifier","floor":19,"gold_loss":0,"cards_obtained":["Whirlwind"]},{"damage_healed":0,"gold_gain":0,"player_choice":"Inject Mutagens","damage_taken":0,"relics_obtained":["MutagenicStrength"],"max_hp_gain":0,"max_hp_loss":0,"event_name":"Drug Dealer","floor":22,"gold_loss":0},{"damage_healed":0,"gold_gain":0,"player_choice":"Ignored","damage_taken":0,"max_hp_gain":0,"max_hp_loss":0,"event_name":"Vampires","floor":29,"gold_loss":0}],"is_beta":false,"boss_relics":[{"not_picked":["Black Blood","Philosopher\u0027s Stone"],"picked":"Sozu"}],"items_purged_floors":[20,30],"is_endless":false,"potions_floor_spawned":[1,8,12,16,23,27],"killed_by":"Collector","ascension_level":20}}