{"host":"tw7a6rmo9h75ssrt","time":1610060691,"event":{"mods":["AchievementEnabler","Act Like it!","BaseMod","Colored Map","Highlight Path","Minty Spire (QoL Compilation)","Permanent Neow","Quick Restart","Relic Stats","SuperFastMode"],"gold_per_floor":[115,133,133,151,76,76,49,49,102,102,121,133,151,151,151,254,254,270,74,90,106,21,21,56,66,147,147,147,180,180,192,192,192,192],"floor_reached":33,"playtime":1952,"items_purged":["Strike_R","Strike_R"],"score":436,"play_id":"ea45f18b-44b3-4eec-95a9-452f25ff6d3b","local_time":"20210108070451","is_ascension_mode":true,"campfire_choices":[{"data":"Bash","floor":6.0,"key":"SMITH"},{"data":"Sword Boomerang","floor":8.0,"key":"SMITH"},{"data":"Twin Strike","floor":10.0,"key":"SMITH"},{"floor":15.0,"key":"REST"},{"floor":23.0,"key":"REST"},{"data":"Demon Form","floor":32.0,"key":"SMITH"}],"circlet_count":0,"master_deck":["AscendersBane","Strike_R","Strike_R","Defend_R","Defend_R","Defend_R","Defend_R","Bash+1","Sword Boomerang+1","Twin Strike+1","Fiend Fire","Twin Strike","Impervious","Twin Strike","Berserk","Ghostly","Ghostly","Ghostly","Ghostly","Ghostly","True Grit+1","Demon Form+1"],"relics":["Philosopher\u0027s Stone","Blood Vial","Dream Catcher","Velvet Choker","Membership Card","PreservedInsect","Nunchaku","Pear","Red Mask","HornCleat"],"acts_visited":["Exordium","TheCity"],"potions_floor_usage":[33],"damage_taken":[{"damage":3.0,"enemies":"2 Louse","floor":1.0,"turns":3.0},{"damage":1.0,"enemies":"Cultist","floor":2.0,"turns":4.0},{"damage":0.0,"enemies":"Small Slimes","floor":4.0,"turns":3.0},{"damage":3.0,"enemies":"3 Louse","floor":11.0,"turns":2.0},{"damage":14.0,"enemies":"Blue Slaver","floor":12.0,"turns":2.0},{"damage":0.0,"enemies":"Large Slime","floor":13.0,"turns":4.0},{"damage":54.0,"enemies":"The Guardian","floor":16.0,"turns":10.0},{"damage":3.0,"enemies":"Chosen","floor":18.0,"turns":4.0},{"damage":8.0,"enemies":"Spheric Guardian","floor":20.0,"turns":4.0},{"damage":13.0,"enemies":"Snake Plant","floor":21.0,"turns":3.0},{"damage":52.0,"enemies":"Slavers","floor":24.0,"turns":7.0},{"damage":5.0,"enemies":"Centurion and Healer","floor":25.0,"turns":5.0},{"damage":7.0,"enemies":"Masked Bandits","floor":29.0,"turns":7.0},{"damage":0.0,"enemies":"Snecko","floor":31.0,"turns":7.0},{"damage":74,"enemies":"Collector","floor":33,"turns":6}],"seed_played":"1510134066304512420","potions_obtained":[{"floor":4.0,"key":"DistilledChaos"},{"floor":11.0,"key":"EntropicBrew"},{"floor":13.0,"key":"SkillPotion"},{"floor":25.0,"key":"GamblersBrew"},{"floor":29.0,"key":"SkillPotion"},{"floor":31.0,"key":"Explosive Potion"}],"is_trial":false,"path_per_floor":["M","M","?","M","$","R","$","R","T","R","M","M","M","?","R","B",null,"M","$","M","M","?","R","E","M","T","?","?","?","T","M","R","B"],"character_chosen":"IRONCLAD","items_purchased":["Twin Strike","Membership Card"],"campfire_rested":2,"item_purchase_floors":[7,19],"current_hp_per_floor":[69,68,68,68,68,68,68,68,68,68,67,55,57,54,78,26,67,66,66,60,49,49,73,23,20,30,60,45,38,38,40,40,0,0],"gold":192,"neow_bonus":"BOSS_RELIC","is_daily":false,"chose_seed":false,"campfire_upgraded":4,"win_rate":0.0,"timestamp":1610060691,"path_taken":["M","M","?","M","$","R","?","R","T","R","?","M","?","?","R","BOSS","M","$","M","M","?","R","E","M","T","?","?","?","?","M","R","BOSS"],"items_purchased_type":["Card","Relic"],"build_version":"2020-12-22","purchased_purges":2,"victory":false,"max_hp_per_floor":[80,80,80,80,80,80,80,80,80,80,80,80,80,80,80,80,80,80,80,80,80,80,80,80,80,90,90,45,45,45,45,45,45,45],"relic_stats":{"Blood Vial":22,"Dream Catcher":2,"Nunchaku":[5],"counters":[15,71],"PreservedInsect":42,"obtain_stats":[{"Blood Vial":9,"Dream Catcher":14,"Nunchaku":24,"Pear":26,"HornCleat":30,"Velvet Choker":17,"Philosopher\u0027s Stone":0,"PreservedInsect":22,"Red Mask":29,"Membership Card":19,"Burning Blood":0},{"Blood Vial":3,"Dream Catcher":6,"Nunchaku":11,"Pear":12,"HornCleat":13,"Velvet Choker":7,"Philosopher\u0027s Stone":0,"PreservedInsect":10,"Red Mask":13,"Membership Card":8,"Burning Blood":0},{"Blood Vial":10,"Dream Catcher":18,"Nunchaku":46,"Pear":51,"HornCleat":58,"Velvet Choker":28,"Philosopher\u0027s Stone":0,"PreservedInsect":39,"Red Mask":58,"Membership Card":32,"Burning Blood":0}]},"card_choices":[{"not_picked":["Dual Wield","Shockwave"],"picked":"Sword Boomerang","floor":1.0},{"not_picked":["Wild Strike","Metallicize"],"picked":"Twin Strike","floor":2.0},{"not_picked":["Havoc","True Grit","Iron Wave"],"picked":"SKIP","floor":4.0},{"not_picked":["Clothesline","Iron Wave","True Grit"],"picked":"SKIP","floor":11.0},{"not_picked":["Combust","Infernal Blade"],"picked":"Impervious","floor":12.0},{"not_picked":["Pommel Strike","Warcry"],"picked":"Twin Strike","floor":13.0},{"not_picked":["Fiend Fire","Offering"],"picked":"Berserk","floor":16.0},{"not_picked":["Inflame","Armaments+1","Carnage"],"picked":"SKIP","floor":18.0},{"not_picked":["Warcry","Armaments","Entrench"],"picked":"SKIP","floor":20.0},{"not_picked":["Flex","Cleave","Disarm+1"],"picked":"SKIP","floor":21.0},{"not_picked":["True Grit","Warcry","Reckless Charge"],"picked":"SKIP","floor":24.0},{"not_picked":["Armaments","Infernal Blade","Clothesline+1"],"picked":"SKIP","floor":25.0},{"not_picked":["Shrug It Off","Havoc"],"picked":"True Grit+1","floor":29.0},{"not_picked":["Cleave","Havoc"],"picked":"Demon Form","floor":31.0}],"player_experience":85114,"relics_obtained":[{"floor":9.0,"key":"Blood Vial"},{"floor":24.0,"key":"Nunchaku"},{"floor":26.0,"key":"Pear"},{"floor":29.0,"key":"Red Mask"},{"floor":30.0,"key":"HornCleat"}],"event_choices":[{"damage_healed":0.0,"max_hp_gain":0.0,"max_hp_loss":0.0,"gold_gain":0.0,"cards_transformed":["Strike_R"],"event_name":"Transmorgrifier","player_choice":"Transformed","floor":3.0,"gold_loss":0.0,"damage_taken":0.0,"cards_obtained":["Fiend Fire"]},{"damage_healed":0.0,"max_hp_gain":0.0,"max_hp_loss":0.0,"gold_gain":0.0,"event_name":"Scrap Ooze","player_choice":"Success","floor":14.0,"gold_loss":0.0,"damage_taken":3.0,"relics_obtained":["Dream Catcher"]},{"damage_healed":0.0,"max_hp_gain":0.0,"max_hp_loss":0.0,"gold_gain":0.0,"event_name":"Addict","player_choice":"Obtained Relic","floor":22.0,"gold_loss":85.0,"damage_taken":0.0,"relics_obtained":["PreservedInsect"]},{"damage_healed":30.0,"max_hp_gain":0.0,"max_hp_loss":0.0,"gold_gain":0.0,"event_name":"The Library","player_choice":"Heal","floor":27.0,"gold_loss":0.0,"damage_taken":0.0},{"damage_healed":0.0,"max_hp_gain":0.0,"max_hp_loss":45.0,"gold_gain":0.0,"event_name":"Ghosts","player_choice":"Became a Ghost","floor":28.0,"gold_loss":0.0,"damage_taken":0.0,"cards_obtained":["Ghostly","Ghostly","Ghostly","Ghostly","Ghostly"]},{"damage_healed":0.0,"max_hp_gain":0.0,"max_hp_loss":0.0,"gold_gain":0.0,"event_name":"Masked Bandits","player_choice":"Fought Bandits","floor":29.0,"gold_loss":0.0,"damage_taken":0.0}],"is_beta":false,"boss_relics":[{"not_picked":["Coffee Dripper","Black Star"],"picked":"Velvet Choker"}],"items_purged_floors":[5,19],"is_endless":false,"potions_floor_spawned":[4,11,13,25,29,31],"killed_by":"Collector","ascension_level":12}}