{"host":"pa9f0x1gh89g8gxw","time":1610014516,"event":{"mods":["BaseMod","Colored Powertips","Hubris","Infinite Spire","Minty Spire (QoL Compilation)","Replay The Spire","StSLib"],"gold_per_floor":[118,131,131,151,165,192,192,221,221,221,240,271,285,7,7,112,112,129,29,39,52,52,52,79,79,79,79,79,95,45,76,76,178,178,192,192,192,206,206,206,206,206,206,233,142,142,152,23,23,23],"floor_reached":51,"playtime":1668,"items_purged":["Strike_B","hubris:Envy","Parasite","hubris:Defend_Merchant","hubris:Defend_Merchant"],"score":920,"play_id":"46d68f02-d77f-4aea-aa7c-403a7d3bd203","local_time":"20210107211516","is_ascension_mode":true,"campfire_choices":[{"data":"Defragment","floor":7,"key":"SMITH"},{"data":"Defragment","floor":10,"key":"SMITH"},{"data":"Hyperbeam","floor":15,"key":"SMITH"},{"data":"Chill","floor":23,"key":"SMITH"},{"floor":25,"key":"REST"},{"data":"Creative AI","floor":27,"key":"SMITH"},{"data":"Chaos","floor":32,"key":"SMITH"},{"data":"Capacitor","floor":40,"key":"SMITH"},{"data":"Glacier","floor":49,"key":"SMITH"}],"circlet_count":0,"master_deck":["Strike_B","Strike_B","Strike_B","Defend_B","Defend_B","Defend_B","Defend_B","Zap","Dualcast","Cold Snap","Chaos+1","Defragment+1","Capacitor","Defragment+1","Buffer+1","Chill+1","Static Discharge+1","Hyperbeam+1","Creative AI+1","Glacier+1","Capacitor+1","Cold Snap+1","CurseOfTheBell","Pot Of Greed","Pot Of Greed","Pot Of Greed","Barrage+1","Defragment+1","Glacier+1","Consume+1"],"relics":["Cracked Core","infinitespire:Golems Mask","Tiny Chest","Eternal Feather","infinitespire:BottledMercury","Ancient Tea Set","Matryoshka","Replay:Ancient Bell","ReplayTheSpireMod:TigerMarble","Darkstone Periapt","hubris:64BitClover","WingedGreaves","Philosopher\u0027s Stone","Blue Doll","Smiling Mask","hubris:CrystalStatue","hubris:MedicalManual","Calling Bell","hubris:GlazedTorus","Grinning Jar","Onion Ring","Nunchaku","ReplayTheSpireMod:Shallot","Pet Ghost","Bottled Flame","Golden Egg","Blood Vial","hubris:Icosahedron"],"acts_visited":["Exordium","TheCity","TheBeyond"],"potions_floor_usage":[6,12,16,33,33,50,50],"damage_taken":[{"damage":0,"enemies":"Cultist","floor":1,"turns":5},{"damage":0,"enemies":"2 Louse","floor":2,"turns":2},{"damage":0,"enemies":"Jaw Worm","floor":4,"turns":4},{"damage":9,"enemies":"3 Louse","floor":5,"turns":4},{"damage":12,"enemies":"Gremlin Nob","floor":6,"turns":2},{"damage":24,"enemies":"3 Sentries","floor":8,"turns":6},{"damage":0,"enemies":"Looter","floor":11,"turns":2},{"damage":0,"enemies":"Lagavulin","floor":12,"turns":6},{"damage":1,"enemies":"Exordium Wildlife","floor":13,"turns":4},{"damage":0,"enemies":"Slime Boss","floor":16,"turns":7},{"damage":17,"enemies":"Shell Parasite","floor":18,"turns":3},{"damage":20,"enemies":"Spheric Guardian","floor":20,"turns":8},{"damage":12,"enemies":"3 Cultists","floor":21,"turns":4},{"damage":39,"enemies":"Slavers","floor":24,"turns":5},{"damage":16,"enemies":"Cultist and Chosen","floor":29,"turns":7},{"damage":23,"enemies":"Gremlin Leader","floor":31,"turns":7},{"damage":35,"enemies":"Automaton","floor":33,"turns":8},{"damage":0,"enemies":"3 Shapes","floor":35,"turns":1},{"damage":0,"enemies":"Orb Walker","floor":38,"turns":3},{"damage":5,"enemies":"Nemesis","floor":44,"turns":9},{"damage":0,"enemies":"Transient","floor":47,"turns":5},{"damage":32,"enemies":"Donu and Deca","floor":50,"turns":10}],"seed_played":"9045631018074270648","potions_obtained":[{"floor":1,"key":"Death Potion"},{"floor":4,"key":"SneckoOil"},{"floor":11,"key":"Toxic Potion"},{"floor":13,"key":"Fire Potion"},{"floor":20,"key":"FocusPotion"},{"floor":21,"key":"SkillPotion"},{"floor":33,"key":"Swift Potion"},{"floor":35,"key":"BlessingOfTheForge"}],"is_trial":false,"path_per_floor":["M","M","T","M","M","E","R","E","T","R","M","E","M","$","R","B",null,"M","$","M","M","AVR","R","E","R","T","R","?","M","$","E","R","B",null,"M","?","T","M","?","R","?","T","T","E","$","?","M","$","R","B",null],"character_chosen":"DEFECT","items_purchased":["Static Discharge+1","Hyperbeam","Defragment+1","Consume"],"campfire_rested":1,"item_purchase_floors":[14,14,45,48],"current_hp_per_floor":[75,75,75,75,66,54,63,39,39,48,48,48,47,47,59,59,93,76,76,56,44,44,56,17,59,59,74,74,58,58,35,47,16,93,93,93,93,93,88,88,88,88,88,83,83,83,85,85,88,56],"gold":23,"neow_bonus":"ONE_RARE_RELIC","is_daily":false,"chose_seed":false,"campfire_upgraded":8,"win_rate":0.0,"timestamp":1610014516,"path_taken":["M","?","?","M","M","E","R","E","T","R","M","E","M","$","R","BOSS","M","$","M","M","AVR","R","E","R","T","R","?","?","$","E","R","BOSS","M","?","?","?","?","R","?","?","T","E","?","?","?","$","R","BOSS"],"items_purchased_type":["Card","Card","Card","Card"],"build_version":"2020-12-22","purchased_purges":5,"victory":true,"max_hp_per_floor":[75,75,75,75,75,75,75,75,75,75,75,75,75,75,75,75,93,93,93,93,93,93,93,93,93,93,93,90,90,87,87,87,87,93,93,93,93,93,88,88,88,88,88,88,88,88,88,88,88,88],"card_choices":[{"not_picked":["Gash","Hologram"],"picked":"Cold Snap","floor":1},{"not_picked":["ReplayGash","Compile Driver"],"picked":"Chaos","floor":2},{"not_picked":["Cold Snap","Panic Button"],"picked":"Defragment","floor":4},{"not_picked":["Leap","Steam"],"picked":"Capacitor","floor":5},{"not_picked":["Ball Lightning","Hologram"],"picked":"Defragment","floor":6},{"not_picked":["Seek","Gash"],"picked":"Buffer","floor":8},{"not_picked":["ReplaySolidLightProjector","Hologram"],"picked":"Chill","floor":11},{"not_picked":["ReplayTheSpireMod:Omega Cannon","Barrage","Rebound"],"picked":"SKIP","floor":12},{"not_picked":["Conserve Battery","Melter","Compile Driver"],"picked":"SKIP","floor":13},{"not_picked":["Conserve Battery","Melter","Compile Driver"],"picked":"SKIP","floor":13},{"not_picked":["Thunder Strike","hubris:SpecializedCircuitry"],"picked":"Creative AI","floor":16},{"not_picked":["ReplayTheSpireMod:Doomed","Languid"],"picked":"Parasite","floor":17},{"not_picked":["Decay","Doubt"],"picked":"Parasite","floor":17},{"not_picked":["Voices","hubris:Sloth"],"picked":"hubris:Envy","floor":17},{"not_picked":["Redo","Compile Driver","Sweeping Beam"],"picked":"SKIP","floor":18},{"not_picked":["Gash","Hologram+1","Stack"],"picked":"SKIP","floor":20},{"not_picked":["Redo","Auto Shields"],"picked":"Glacier+1","floor":21},{"not_picked":["Go for the Eyes","Redo"],"picked":"Capacitor","floor":24},{"not_picked":["Darkness+1","ReplayTheSpireMod:System Scan+1"],"picked":"Cold Snap+1","floor":29},{"not_picked":["Undo","ReplayTheSpireMod:Calculation Training","Redo"],"picked":"SKIP","floor":31},{"not_picked":["Redo","Sweeping Beam","Coolheaded+1"],"picked":"SKIP","floor":35},{"not_picked":["Coolheaded","Leap","Reprogram+1"],"picked":"SKIP","floor":38},{"not_picked":["hubris:PowerSurge","Stack+1"],"picked":"Barrage+1","floor":44},{"not_picked":["Barrage","Streamline+1"],"picked":"Glacier","floor":47}],"player_experience":470280,"relics_obtained":[{"floor":3,"key":"Tiny Chest"},{"floor":6,"key":"Eternal Feather"},{"floor":8,"key":"infinitespire:BottledMercury"},{"floor":9,"key":"Ancient Tea Set"},{"floor":12,"key":"Matryoshka"},{"floor":24,"key":"Blue Doll"},{"floor":26,"key":"Smiling Mask"},{"floor":26,"key":"hubris:CrystalStatue"},{"floor":31,"key":"hubris:MedicalManual"},{"floor":34,"key":"hubris:GlazedTorus"},{"floor":34,"key":"Grinning Jar"},{"floor":34,"key":"Onion Ring"},{"floor":37,"key":"Nunchaku"},{"floor":37,"key":"ReplayTheSpireMod:Shallot"},{"floor":38,"key":"Pet Ghost"},{"floor":42,"key":"Bottled Flame"},{"floor":43,"key":"Golden Egg"},{"floor":44,"key":"Blood Vial"}],"event_choices":[{"cards_removed":["Parasite"],"damage_healed":0,"gold_gain":0,"player_choice":"Purged","damage_taken":0,"max_hp_gain":0,"max_hp_loss":0,"event_name":"Purifier","floor":28,"gold_loss":0},{"damage_healed":0,"gold_gain":0,"player_choice":"Upgraded","damage_taken":0,"max_hp_gain":0,"max_hp_loss":0,"event_name":"Upgrade Shrine","floor":36,"gold_loss":0,"cards_upgraded":["Buffer"]},{"damage_healed":0,"gold_gain":0,"player_choice":"Max HP","damage_taken":0,"max_hp_gain":0,"max_hp_loss":5,"event_name":"Winding Halls","floor":39,"gold_loss":0},{"damage_healed":0,"gold_gain":0,"player_choice":"Ignored","damage_taken":0,"max_hp_gain":0,"max_hp_loss":0,"event_name":"Tomb of Lord Red Mask","floor":41,"gold_loss":0}],"is_beta":false,"boss_relics":[{"not_picked":["Fusion Hammer","Cursed Key"],"picked":"Replay:Ancient Bell"},{"not_picked":["War Paint","Geode"],"picked":"ReplayTheSpireMod:TigerMarble"},{"not_picked":["infinitespire:CheckeredPen","The Courier"],"picked":"Darkstone Periapt"},{"not_picked":["hubris:Spice","Pocketwatch"],"picked":"hubris:64BitClover"},{"not_picked":["infinitespire:Cupcake","hubris:VirtuousBlindfold"],"picked":"Calling Bell"}],"items_purged_floors":[14,19,30,45,48],"is_endless":false,"potions_floor_spawned":[1,4,11,13,20,21,24,33,35,38,44],"ascension_level":1}}