{"host":"9ylwqx3xq4e4v98b","time":1610004653,"event":{"mods":["AchievementEnabler","BaseMod","Better Silent Start","Card Forge","Colored Map","DeckTracker","Minty Spire (QoL Compilation)","Permanent Neow","Quick Restart","Spicy Shops","StSLib","SuperFastMode","Td1madao Mod"],"gold_per_floor":[214,214,230,91,109,109,137,11,11,69,86,7,18,28,28,106,106,121,121,121,121,138,138,165,181,258,268,295,315,315,326,326,400,450,461,200,200,218,237,237,267,267,267,267,280,314,314,314,314,314],"floor_reached":51,"playtime":1723,"items_purged":[],"score":1734,"play_id":"1f03cf4f-0fa7-40bb-8efc-0f12bb76d921","local_time":"20210106233053","is_ascension_mode":true,"campfire_choices":[{"data":"PiercingWail","floor":6,"key":"SMITH"},{"data":"Deflect","floor":15,"key":"SMITH"},{"data":"Deflect","floor":23,"key":"SMITH"},{"data":"Backstab","floor":30,"key":"SMITH"},{"data":"Outmaneuver","floor":32,"key":"SMITH"},{"data":"Adrenaline","floor":40,"key":"SMITH"},{"data":"Night Terror","floor":42,"key":"SMITH"},{"data":"Dodge and Roll","floor":44,"key":"SMITH"},{"data":"Here Defend Chip+11","floor":49,"key":"SMITH"}],"circlet_count":0,"master_deck":["AscendersBane","Black Contract+1","Sudden Beat+1","Black Spear+1","Here Defend Chip+12","PiercingWail+1","Noxious Fumes+1","Catalyst+1","Noxious Fumes+1","Deflect+1","Provocative+1","Black Spear+1","Deflect+1","Dodge and Roll+1","Poisoned Stab+1","Burst+1","Adrenaline+1","Bouncing Flask+1","Catalyst+1","Blur+1","Bane+1","Provocative+1","Here Defend Chip+12","Corpse Explosion+1","Poisoned Stab+1","Catalyst+1","Poisoned Stab+1","Battle Trance+1","Adrenaline+1","Backstab+1","Outmaneuver+1","Night Terror+1","Crippling Poison+1","Noxious Fumes+1","Dodge and Roll+1","Adrenaline+1"],"relics":["Ring of the Snake","Hammer of Thor","Seething Fire","Anvil of the Gods","WarpedTongs","Calipers","Pantograph","Torii","Ornamental Fan","SlaversCollar","MutagenicStrength","Tiny Chest","Question Card","Matryoshka","Tiny House","TwistedFunnel","Potion Belt","Akabeko","The Courier","Dead Branch","CeramicFish","Letter Opener"],"acts_visited":["Exordium","TheCity","TheBeyond"],"potions_floor_usage":[28,28,39],"damage_taken":[{"damage":0,"enemies":"Jaw Worm","floor":1,"turns":2},{"damage":0,"enemies":"Cultist","floor":3,"turns":3},{"damage":0,"enemies":"2 Louse","floor":5,"turns":2},{"damage":0,"enemies":"3 Sentries","floor":7,"turns":6},{"damage":0,"enemies":"3 Sentries","floor":10,"turns":4},{"damage":0,"enemies":"Exordium Thugs","floor":11,"turns":4},{"damage":0,"enemies":"Blue Slaver","floor":13,"turns":1},{"damage":0,"enemies":"2 Fungi Beasts","floor":14,"turns":2},{"damage":0,"enemies":"Slime Boss","floor":16,"turns":7},{"damage":0,"enemies":"Shell Parasite","floor":18,"turns":2},{"damage":1,"enemies":"2 Thieves","floor":22,"turns":2},{"damage":0,"enemies":"Slavers","floor":24,"turns":4},{"damage":0,"enemies":"Snake Plant","floor":25,"turns":3},{"damage":1,"enemies":"Centurion and Healer","floor":27,"turns":2},{"damage":20,"enemies":"Gremlin Leader","floor":28,"turns":4},{"damage":0,"enemies":"Shelled Parasite and Fungi","floor":29,"turns":3},{"damage":0,"enemies":"3 Cultists","floor":31,"turns":4},{"damage":0,"enemies":"Automaton","floor":33,"turns":6},{"damage":0,"enemies":"3 Shapes","floor":35,"turns":4},{"damage":0,"enemies":"3 Darklings","floor":38,"turns":3},{"damage":0,"enemies":"4 Shapes","floor":39,"turns":4},{"damage":10,"enemies":"Reptomancer","floor":41,"turns":4},{"damage":0,"enemies":"Transient","floor":45,"turns":6},{"damage":1,"enemies":"Giant Head","floor":46,"turns":5},{"damage":9,"enemies":"Time Eater","floor":50,"turns":10}],"seed_played":"8339863414962637142","potions_obtained":[{"floor":1,"key":"Block Potion"},{"floor":28,"key":"Fruit Juice"},{"floor":31,"key":"ColorlessPotion"},{"floor":41,"key":"Strength Potion"}],"is_trial":false,"path_per_floor":["M","?","M","$","M","R","E","$","T","?","M","$","M","M","R","B",null,"M","?","?","$","M","R","E","M","T","M","E","M","R","M","R","B",null,"M","$","?","M","M","R","E","R","T","R","M","E","?","T","R","B",null],"character_chosen":"THE_SILENT","items_purchased":["Calipers","Catalyst","Noxious Fumes","Catalyst","TwistedFunnel","Dodge and Roll"],"campfire_rested":0,"item_purchase_floors":[4,8,8,12,36,36],"current_hp_per_floor":[59,59,59,59,59,59,59,59,59,59,59,59,59,59,59,66,66,66,66,66,66,65,65,65,65,65,64,49,49,49,49,49,71,76,76,76,76,76,76,76,66,66,66,66,66,65,65,65,65,67],"gold":314,"neow_bonus":"HUNDRED_GOLD","is_daily":false,"chose_seed":false,"campfire_upgraded":9,"win_rate":0.0,"timestamp":1610004653,"path_taken":["M","?","M","$","M","R","E","?","T","?","?","$","M","M","R","BOSS","M","?","?","$","M","R","E","M","T","M","E","?","R","M","R","BOSS","M","$","?","M","M","R","E","R","T","R","M","E","?","?","R","BOSS"],"items_purchased_type":["Relic","Card","Card","Card","Relic","Card"],"build_version":"2020-12-22","purchased_purges":0,"victory":true,"max_hp_per_floor":[66,66,66,66,66,66,66,66,66,66,66,66,66,66,66,66,66,66,66,66,66,66,66,66,66,66,66,71,71,71,71,71,71,76,76,76,76,76,76,76,76,76,76,76,76,76,76,76,76,76],"card_choices":[{"not_picked":["Dash","Bane","Acrobatics"],"picked":"SKIP","floor":1},{"not_picked":["Reflex","Bane","Dagger Throw"],"picked":"SKIP","floor":3},{"not_picked":["Dagger Spray","Dagger Throw"],"picked":"PiercingWail","floor":5},{"not_picked":["Glass Knife","Quick Slash"],"picked":"Noxious Fumes","floor":7},{"not_picked":["Poisoned Stab","Crippling Poison"],"picked":"Deflect","floor":11},{"not_picked":["Cloak And Dagger","Blade Dance"],"picked":"Blur","floor":13},{"not_picked":["Sucker Punch","Quick Slash"],"picked":"Bane","floor":14},{"not_picked":["After Image","A Thousand Cuts"],"picked":"Corpse Explosion","floor":16},{"not_picked":["Riddle With Holes","Flying Knee"],"picked":"Poisoned Stab","floor":18},{"not_picked":["Dodge and Roll","PiercingWail","Concentrate+1"],"picked":"SKIP","floor":22},{"not_picked":["PiercingWail","Cloak And Dagger","Dagger Spray"],"picked":"SKIP","floor":24},{"not_picked":["Crippling Poison","Venomology"],"picked":"Catalyst","floor":25},{"not_picked":["Bane","Outmaneuver","Dodge and Roll"],"picked":"Poisoned Stab","floor":27},{"not_picked":["Cloak And Dagger","Deflect","Finisher"],"picked":"Backstab","floor":28},{"not_picked":["Setup","Cloak And Dagger+1","All Out Attack"],"picked":"Outmaneuver","floor":29},{"not_picked":["Setup","Flechettes","Choke","Bane"],"picked":"SKIP","floor":31},{"not_picked":["Venomology","After Image","Die Die Die"],"picked":"Night Terror","floor":33},{"not_picked":["Reflex","Dagger Spray","Slice"],"picked":"Crippling Poison+1","floor":34},{"not_picked":["Outmaneuver","All Out Attack","Masterful Stab"],"picked":"Noxious Fumes+1","floor":35},{"not_picked":["Bane","Footwork","Prepared","Deflect+1"],"picked":"SKIP","floor":38},{"not_picked":["Infinite Blades","Flying Knee","Slice"],"picked":"Adrenaline","floor":39},{"not_picked":["Distraction","Flying Knee","Terror","Heel Hook"],"picked":"SKIP","floor":41},{"not_picked":["Cloak And Dagger","Outmaneuver","Dodge and Roll","Quick Slash+1"],"picked":"SKIP","floor":45},{"not_picked":["PiercingWail","Outmaneuver+1","Bane","Prepared"],"picked":"SKIP","floor":46}],"player_experience":193198,"relics_obtained":[{"floor":7,"key":"Pantograph"},{"floor":9,"key":"Torii"},{"floor":24,"key":"Tiny Chest"},{"floor":26,"key":"Question Card"},{"floor":28,"key":"Matryoshka"},{"floor":41,"key":"Potion Belt"},{"floor":43,"key":"Akabeko"},{"floor":43,"key":"The Courier"},{"floor":46,"key":"Dead Branch"},{"floor":48,"key":"CeramicFish"},{"floor":48,"key":"Letter Opener"}],"event_choices":[{"damage_healed":0,"gold_gain":0,"player_choice":"Rummage","damage_taken":0,"relics_obtained":["WarpedTongs"],"max_hp_gain":0,"max_hp_loss":0,"event_name":"Accursed Blacksmith","floor":2,"gold_loss":0,"cards_obtained":["Pain"]},{"damage_healed":0,"gold_gain":0,"player_choice":"Searched \u00273\u0027 times","damage_taken":0,"relics_obtained":["Ornamental Fan"],"max_hp_gain":0,"max_hp_loss":0,"event_name":"Dead Adventurer","floor":10,"gold_loss":0},{"damage_healed":0,"gold_gain":0,"player_choice":"Inject Mutagens","damage_taken":0,"relics_obtained":["MutagenicStrength"],"max_hp_gain":0,"max_hp_loss":0,"event_name":"Drug Dealer","floor":19,"gold_loss":0},{"damage_healed":0,"gold_gain":0,"player_choice":"Ignored","damage_taken":0,"max_hp_gain":0,"max_hp_loss":0,"event_name":"WeMeetAgain","floor":20,"gold_loss":0},{"damage_healed":0,"gold_gain":0,"player_choice":"Ignored","damage_taken":0,"max_hp_gain":0,"max_hp_loss":0,"event_name":"Tomb of Lord Red Mask","floor":37,"gold_loss":0},{"damage_healed":0,"gold_gain":0,"player_choice":"Ignored","damage_taken":0,"max_hp_gain":0,"max_hp_loss":0,"event_name":"Mysterious Sphere","floor":47,"gold_loss":0}],"is_beta":false,"boss_relics":[{"not_picked":["WristBlade","Snecko Eye"],"picked":"SlaversCollar"},{"not_picked":["Calling Bell","HoveringKite"],"picked":"Tiny House"}],"items_purged_floors":[],"is_endless":false,"potions_floor_spawned":[1,7,13,14,18,25,28,31,38,41],"ascension_level":17}}