{"host":"ve5hox67eka4rdnb","time":1610010695,"event":{"mods":["ATMod(∞¢Ë™Mod)","Act Like it!","BaseMod","Downfall","Gensokyo","Hermit","Lobotomy","Marisa£®ÏF”Í°°ƒß¿Ì…≥£©","Minty Spire (QoL Compilation)","Remilia£®¿Ÿ√◊¿Ú—«£©","Replay The Spire","StSLib","The Cursed","The Servant 0.9.4"],"gold_per_floor":[115,134,153,153,153,153,153],"floor_reached":6,"playtime":380,"items_purged":[],"score":36,"play_id":"7ca70fdd-573a-4dd0-a843-f1c2398f9789","local_time":"20210107171135","is_ascension_mode":false,"campfire_choices":[],"circlet_count":0,"master_deck":["Strike_S","Strike_S","Strike_S","Strike_S","Defend_S","Defend_S","Defend_S","KidneyShot+1","Exchange","AT_FamilyPortrait","Wellcheers","FanOfKnives","FairyFestival","Rearm","UniverseFragment","SurpressingFire"],"relics":["Uniform","AT_ATBox","CogitoBucket"],"acts_visited":["Exordium"],"potions_floor_usage":[3],"damage_taken":[{"damage":7,"enemies":"Small Slimes","floor":1,"turns":3},{"damage":0,"enemies":"2 Louse","floor":2,"turns":1},{"damage":46,"enemies":"Jaw Worm","floor":3,"turns":8},{"damage":0,"enemies":"Lagavulin","floor":6,"turns":1}],"seed_played":"2692083854776923542","potions_obtained":[{"floor":2,"key":"PowerPotion"}],"is_trial":false,"path_per_floor":["M","M","M","?","?","E"],"character_chosen":"THE_SERVANT","items_purchased":[],"campfire_rested":0,"item_purchase_floors":[],"current_hp_per_floor":[58,58,12,5,5,5,5],"gold":153,"neow_bonus":"","is_daily":false,"chose_seed":false,"campfire_upgraded":0,"win_rate":0.0,"timestamp":1610010695,"path_taken":["M","M","M","?","?","E"],"items_purchased_type":[],"build_version":"2020-12-22","purchased_purges":0,"victory":false,"max_hp_per_floor":[65,65,65,65,65,65,65],"card_choices":[{"not_picked":["Bloodbath","Murderer"],"picked":"Wellcheers","floor":1},{"not_picked":["Rearm","Replace"],"picked":"FanOfKnives","floor":1},{"not_picked":["Freischutz","BeautyBeast"],"picked":"FairyFestival","floor":2},{"not_picked":["FastForward","BottledTime"],"picked":"Rearm","floor":2},{"not_picked":["Scorched","BeautyBeast"],"picked":"UniverseFragment","floor":3},{"not_picked":["ShatteredReality","Starlight"],"picked":"SurpressingFire","floor":3}],"player_experience":138969,"relics_obtained":[],"event_choices":[{"cards_removed":["Defend_S"],"damage_healed":0,"gold_gain":0,"player_choice":"Card Removal","damage_taken":7,"max_hp_gain":0,"max_hp_loss":0,"event_name":"Golden Wing","floor":4,"gold_loss":0}],"is_beta":false,"boss_relics":[],"items_purged_floors":[],"is_endless":false,"potions_floor_spawned":[2],"killed_by":"Lagavulin","ascension_level":0}}