{"host":"axuns55dzq466eei","time":1610028397,"event":{"mods":["BaseMod","Colored Map","Keyboard Shortcuts","Minty Spire (QoL Compilation)","StSLib","SuperFastMode"],"gold_per_floor":[112,162,178,103,178,204,204,217,217,250,250,265,280,298,298,298,298],"floor_reached":16,"playtime":303,"items_purged":["Strike_B"],"score":274,"play_id":"26aee825-0b1d-45c2-9793-9c65a29b867d","local_time":"20210107230637","is_ascension_mode":true,"campfire_choices":[{"data":"Streamline","floor":7.0,"key":"SMITH"},{"data":"Fusion","floor":11.0,"key":"SMITH"},{"data":"Dualcast","floor":15.0,"key":"SMITH"}],"circlet_count":0,"master_deck":["AscendersBane","Strike_B","Strike_B","Strike_B","Defend_B","Defend_B","Defend_B","Defend_B","Zap","Dualcast+1","Streamline+1","Compile Driver","Genetic Algorithm","Fusion+1","Undo","FTL","Compile Driver"],"relics":["Cracked Core","NeowsBlessing","Matryoshka","Shuriken","Strawberry","Juzu Bracelet"],"acts_visited":["Exordium"],"potions_floor_usage":[],"damage_taken":[{"damage":0.0,"enemies":"Jaw Worm","floor":1.0,"turns":1.0},{"damage":0.0,"enemies":"Cultist","floor":3.0,"turns":1.0},{"damage":0.0,"enemies":"Gremlin Nob","floor":6.0,"turns":1.0},{"damage":0.0,"enemies":"2 Louse","floor":8.0,"turns":3.0},{"damage":5.0,"enemies":"Lagavulin","floor":10.0,"turns":5.0},{"damage":14.0,"enemies":"2 Fungi Beasts","floor":12.0,"turns":4.0},{"damage":4.0,"enemies":"Blue Slaver","floor":13.0,"turns":4.0},{"damage":7.0,"enemies":"Large Slime","floor":14.0,"turns":5.0},{"damage":34,"enemies":"The Guardian","floor":16,"turns":7}],"seed_played":"628246516448119921","potions_obtained":[{"floor":3.0,"key":"PowerPotion"},{"floor":14.0,"key":"PotionOfCapacity"}],"is_trial":false,"path_per_floor":["M","?","M","$","?","E","R","M","T","E","R","M","M","M","R","B"],"character_chosen":"DEFECT","items_purchased":[],"campfire_rested":0,"item_purchase_floors":[],"current_hp_per_floor":[64,64,64,64,53,53,53,53,60,55,55,41,37,30,30,0,0],"gold":298,"neow_bonus":"THREE_ENEMY_KILL","is_daily":false,"chose_seed":false,"campfire_upgraded":3,"win_rate":0.0,"timestamp":1610028397,"path_taken":["M","?","?","?","?","E","R","M","T","E","R","M","M","M","R","BOSS"],"items_purchased_type":[],"build_version":"2020-12-22","purchased_purges":1,"victory":false,"max_hp_per_floor":[71,71,71,71,71,71,71,71,78,78,78,78,78,78,78,78,78],"card_choices":[{"not_picked":["Stack","Rip and Tear"],"picked":"Streamline","floor":1.0},{"not_picked":["Chaos","Cold Snap"],"picked":"Compile Driver","floor":3.0},{"not_picked":["Conserve Battery","Redo"],"picked":"Genetic Algorithm","floor":6.0},{"not_picked":["Hologram","Turbo"],"picked":"Fusion","floor":8.0},{"not_picked":["Buffer","Capacitor"],"picked":"Undo","floor":10.0},{"not_picked":["Streamline","Turbo"],"picked":"FTL","floor":12.0},{"not_picked":["Stack","Loop"],"picked":"Compile Driver","floor":13.0},{"not_picked":["Streamline","Cold Snap","Turbo"],"picked":"SKIP","floor":14.0}],"player_experience":1069095,"relics_obtained":[{"floor":6.0,"key":"Matryoshka"},{"floor":9.0,"key":"Shuriken"},{"floor":9.0,"key":"Strawberry"},{"floor":10.0,"key":"Juzu Bracelet"}],"event_choices":[{"damage_healed":0.0,"max_hp_gain":0.0,"max_hp_loss":0.0,"gold_gain":50.0,"event_name":"Golden Shrine","player_choice":"Pray","floor":2.0,"gold_loss":0.0,"damage_taken":0.0},{"damage_healed":0.0,"max_hp_gain":0.0,"max_hp_loss":0.0,"gold_gain":75.0,"event_name":"World of Goop","player_choice":"Gather Gold","floor":5.0,"gold_loss":0.0,"damage_taken":11.0}],"is_beta":false,"boss_relics":[],"items_purged_floors":[4],"is_endless":false,"potions_floor_spawned":[3,14],"killed_by":"The Guardian","ascension_level":20}}