{"host":"3vgzk5mhz751jdrj","time":1610059350,"event":{"mods":["2.2 Compatiblity","AchievementEnabler","Act Like it!","Aspiration","BaseMod","Better Altar","Better Match","Better Note","Better Sensory Stone","Better Skull","Better Third Choice","Block Reminder","Colored Map","Conspire","Curses Come First","Dark Map","Displayed Cursed Tome","Downfall","Friendly Minions","GifTheSpireLib","Halation","Hubris","Marked Mod","Mimic Mod","Minty Spire (QoL Compilation)","Quick Restart","Rare Cards Sparkle","Replay The Spire","Reworked Bosses","Shop Mod","Spicy Shops","Spikes Relics","StSLib","Stuff the Spire","Thieving Mod","Trackpad","vexMod"],"gold_per_floor":[99,110,126,144,144,155,201,226,76,90,90,118,27,60,72,169,169,169,188,200,200,200,220,258,271,271,281,281,315,315,345,345,345,345],"floor_reached":32,"playtime":2465,"items_purged":[],"score":362,"play_id":"a7b37e55-6fde-4e94-a5b4-790f40812988","local_time":"20210107174230","is_ascension_mode":true,"campfire_choices":[{"data":"champ:Taunt","floor":1.0,"key":"SMITH"},{"data":"champ:LastStand","floor":9.0,"key":"SMITH"},{"floor":11.0,"key":"REST"},{"data":"champ:StanceDance","floor":18.0,"key":"SMITH"},{"floor":26.0,"key":"REST"},{"floor":28.0,"key":"REST"},{"data":"champ:SwordSigil","floor":30.0,"key":"SMITH"},{"data":"champ:Improvising","floor":30.0,"key":"SMITH"}],"circlet_count":0,"master_deck":["champ:Strike","champ:Strike","champ:Strike","champ:Strike","champ:Defend","champ:Defend","champ:Defend","champ:Defend","champ:Execute","champ:Taunt+1","champ:Backstep","champ:LastStand+1","champ:BringItOn","champ:MurderStrike","champ:GutPunch","champ:HeartStrike","champ:BerserkersShout","champ:StanceDance+1","champ:Improvising+1","champ:FocusedBerserking","champ:RageSigil","Shame","champ:SwordSigil+1","champ:RageSigil","champ:AdrenalArmor"],"relics":["champ:ChampionCrown","halation:PinkSoulGem","StuffTheSpire:Nightcore","downfall:HeartBlessingGreen","downfall:HeartBlessingBlue","vexMod:RedPlottingStone","halation:Jellyphish","hubris:TenFootPole","halation:EternalFortune","Replay:Arrowhead","hubris:BottledRain","GiantMaggot","hubris:GlazedTorus","Replay:Mystery Machine"],"acts_visited":["Exordium","TheCity"],"potions_floor_usage":[],"damage_taken":[{"damage":16.0,"enemies":"Jaw Worm","floor":2.0,"turns":4.0},{"damage":5.0,"enemies":"conspire:RoseBush","floor":3.0,"turns":3.0},{"damage":10.0,"enemies":"Small Slimes","floor":4.0,"turns":5.0},{"damage":13.0,"enemies":"3 Louse","floor":6.0,"turns":4.0},{"damage":27.0,"enemies":"3 Sentries","floor":8.0,"turns":10.0},{"damage":12.0,"enemies":"conspire:2 RoseBushes","floor":10.0,"turns":3.0},{"damage":42.0,"enemies":"Lagavulin","floor":12.0,"turns":7.0},{"damage":10.0,"enemies":"downfall:FleeingMerchant","floor":13.0,"turns":4.0},{"damage":8.0,"enemies":"conspire:MimicChest","floor":14.0,"turns":3.0},{"damage":22.0,"enemies":"Gremlin Gang","floor":15.0,"turns":6.0},{"damage":8.0,"enemies":"downfall:Ironclad","floor":16.0,"turns":3.0},{"damage":59.0,"enemies":"Spheric Guardian","floor":19.0,"turns":8.0},{"damage":61.0,"enemies":"Centurion and Healer","floor":20.0,"turns":9.0},{"damage":0.0,"enemies":"Snecko","floor":23.0,"turns":1.0},{"damage":43.0,"enemies":"Snake Plant","floor":24.0,"turns":6.0},{"damage":57.0,"enemies":"Snake Plant","floor":25.0,"turns":3.0},{"damage":44.0,"enemies":"conspire:HollyBat","floor":27.0,"turns":8.0},{"damage":48.0,"enemies":"Cultist and Chosen","floor":29.0,"turns":8.0},{"damage":70,"enemies":"Slavers","floor":31,"turns":9},{"damage":17,"enemies":"Cultist and Chosen","floor":32,"turns":2}],"seed_played":"3076161142572611461","potions_obtained":[{"floor":2.0,"key":"Adrenaline Potion"},{"floor":3.0,"key":"Energy Potion"},{"floor":12.0,"key":"Venom Potion"},{"floor":14.0,"key":"LiquidBronze"},{"floor":16.0,"key":"Elixir"},{"floor":19.0,"key":"BlessingOfTheForge"},{"floor":25.0,"key":"Explosive Potion"},{"floor":31,"key":"BlessingOfTheForge"}],"is_trial":false,"path_per_floor":["R","M","M","M","?","M","T","E","R","M","R","E","$","?","M","B",null,"R","M","M","?","?","M","MIM","M","R","M","R","MIM","R","E","M"],"character_chosen":"THE_CHAMP","items_purchased":["halation:Jellyphish"],"campfire_rested":3,"item_purchase_floors":[13],"current_hp_per_floor":[81,70,70,65,65,62,62,40,50,43,78,51,41,41,30,27,118,118,70,48,51,51,51,40,9,45,42,79,71,71,12,0,0,0],"gold":345,"neow_bonus":"TWENTY_PERCENT_HP_BONUS","is_daily":false,"chose_seed":false,"campfire_upgraded":5,"win_rate":0.0,"timestamp":1610059350,"path_taken":["R","M","M","M","?","M","T","E","R","M","R","E","$","?","M","BOSS","R","M","M","?","?","M","MIM","?","R","M","R","?","R","E","M"],"items_purchased_type":["Relic"],"build_version":"2020-12-22","purchased_purges":0,"victory":false,"max_hp_per_floor":[108,108,108,108,108,108,108,108,118,118,118,118,118,118,118,118,118,118,118,118,121,121,121,121,121,121,124,124,129,129,129,129,129,129],"card_choices":[{"not_picked":["champ:TornadoPunch","champ:BladeFlurry"],"picked":"champ:FightOn","floor":2.0},{"not_picked":["champ:CrookedStrike","champ:PerfectedStrike"],"picked":"champ:Backstep","floor":3.0},{"not_picked":["champ:TornadoPunch","champ:Haymaker"],"picked":"champ:LastStand","floor":4.0},{"not_picked":["champ:TornadoPunch","champ:GladiatorsShout"],"picked":"champ:BringItOn","floor":6.0},{"not_picked":["champ:ShieldWall","champ:FightOn"],"picked":"champ:MurderStrike","floor":8.0},{"not_picked":["champ:CrookedStrike","champ:BringItOn"],"picked":"champ:GutPunch","floor":10.0},{"not_picked":["champ:FlashCut","champ:BringItOn"],"picked":"champ:HeartStrike","floor":12.0},{"not_picked":["champ:GladiatorStyle","champ:GladiatorsShout","champ:PreciseThrust"],"picked":"SKIP","floor":13.0},{"not_picked":["champ:FocusedBerserking","champ:GutPunch"],"picked":"champ:BerserkersShout","floor":14.0},{"not_picked":["champ:BringItOn","champ:HeartStrike"],"picked":"champ:StanceDance","floor":15.0},{"not_picked":["champ:StrikeOfGenius","champ:SwordThrow"],"picked":"champ:Improvising","floor":16.0},{"not_picked":["champ:DefensiveShout+1","champ:FocusedGladiator"],"picked":"champ:FocusedBerserking","floor":19.0},{"not_picked":["champ:GutPunch","champ:TornadoPunch+1"],"picked":"champ:RageSigil","floor":20.0},{"not_picked":["champ:Circumvent","champ:FocusedBerserking+1"],"picked":"champ:SwordSigil","floor":23.0},{"not_picked":["champ:Backstep","champ:FlashCut"],"picked":"champ:RageSigil","floor":25.0},{"not_picked":["champ:Riposte","champ:DefensiveStyle","champ:StanceDance"],"picked":"SKIP","floor":27.0},{"not_picked":["champ:FlashCut","champ:CrookedStrike+1"],"picked":"champ:AdrenalArmor","floor":29.0},{"not_picked":["champ:ShieldSlam","champ:FlashCut","champ:GladiatorsShout"],"picked":"SKIP","floor":31}],"player_experience":346103,"relics_obtained":[{"floor":8.0,"key":"StuffTheSpire:Nightcore"},{"floor":12.0,"key":"vexMod:RedPlottingStone"},{"floor":14.0,"key":"hubris:TenFootPole"},{"floor":24.0,"key":"hubris:BottledRain"},{"floor":27.0,"key":"halation:EternalFortune"},{"floor":29.0,"key":"GiantMaggot"},{"floor":31,"key":"hubris:GlazedTorus"}],"event_choices":[{"damage_healed":0.0,"max_hp_gain":0.0,"max_hp_loss":0.0,"gold_gain":0.0,"event_name":"Addict","player_choice":"Stole Relic","floor":22.0,"gold_loss":0.0,"damage_taken":0.0,"relics_obtained":["Replay:Arrowhead"],"cards_obtained":["Shame"]}],"is_beta":false,"boss_relics":[{"not_picked":["StuffTheSpire:RunicConfusion","conspire:RunicOctahedron","StuffTheSpire:ModemDavis"]}],"items_purged_floors":[],"is_endless":false,"potions_floor_spawned":[2,3,12,14,16,19,25,31],"killed_by":"Cultist and Chosen","ascension_level":1}}