{"host":"dnd25fcf5l5puhl9","time":1610048586,"event":{"mods":["AchievementEnabler","Act Like it!","BaseMod","BetterRewards","Colored Map","Colored Powertips","Downfall","Gensokyo","Hermit","Hubris","Infinite Spire","Lobotomy","Minty Spire (QoL Compilation)","Replay The Spire","Shop Mod","StSLib","SuperFastMode","The Jungle","The Necromancer"],"gold_per_floor":[118,129,129,147,164,198,214,214,239,251,251,284,296,324,324,429,429,448,448,516,531,531,531,564,564,611,389,401,115,128,158,158,257,257,270,320,54,64,83,83,100,100,100],"floor_reached":42,"playtime":2172,"items_purged":["hubris:Envy","Summon_Undead_Army+1"],"score":460,"play_id":"31724ea6-0c6a-4029-83e5-8bddcd6670da","local_time":"20210107174306","is_ascension_mode":false,"campfire_choices":[{"data":"Summon_Undead_Army","floor":8,"key":"SMITH"},{"data":"Summon_Lich","floor":11,"key":"SMITH"},{"floor":23,"key":"REST"},{"floor":25,"key":"RECALL"},{"data":"Skeleton_Dragon","floor":32,"key":"SMITH"}],"circlet_count":0,"master_deck":["Strike_W","Strike_W","Strike_W","Strike_W","Defend_W","Defend_W","Defend_W","Defend_W","Negative_Energy_Arrows","Bone_Wall","Bone_Armor","Summon_Lich+1","Negative_Energy_Javelin","Spectral_Walk","Consume_Illness+1","Skeleton_Dragon+1","Bone_Armory+1","Bone_Shift+1","Corrupt+1","hubris:NaturalOne","Negative_Energy_Mist+1","Summon_Death_Knight","Apotheosis","Bones_to_Steel+1"],"relics":["Vampire_Amulet","hubris:GlazedTorus","Snack Pack","Meat on the Bone","HandDrill","hubris:Towel","Bottled Tornado","Regal Pillow","Bronze Scales","Lantern","ChewingGum","hubris:Icosahedron","Simple Rune","BranchBurnRelic","Turnip","Tiny Chest","ReplayTheSpireMod:CursedCoin","Anchor","Orichalcum","hubris:MedicalManual","hubris:SphereOfDissonance","SlaversCollar","infinitespire:Golems Mask"],"acts_visited":["Exordium","Exordium","TheBeyond"],"potions_floor_usage":[14,33],"damage_taken":[{"damage":6,"enemies":"Jaw Worm","floor":1,"turns":4},{"damage":0,"enemies":"Small Slimes","floor":2,"turns":3},{"damage":0,"enemies":"2 Louse","floor":4,"turns":3},{"damage":5,"enemies":"Looter","floor":5,"turns":4},{"damage":27,"enemies":"Gremlin Nob","floor":6,"turns":4},{"damage":6,"enemies":"Exordium Wildlife","floor":7,"turns":3},{"damage":1,"enemies":"Exordium Thugs","floor":10,"turns":4},{"damage":9,"enemies":"Replay:BlueRogue","floor":12,"turns":5},{"damage":15,"enemies":"Large Slime","floor":13,"turns":4},{"damage":23,"enemies":"Gremlin Nob","floor":14,"turns":3},{"damage":9,"enemies":"The Guardian","floor":16,"turns":9},{"damage":0,"enemies":"theJungle:GiantWrat","floor":18,"turns":4},{"damage":10,"enemies":"Shell Parasite","floor":21,"turns":5},{"damage":34,"enemies":"theJungle:Cassacara","floor":24,"turns":6},{"damage":8,"enemies":"theJungle:Snecko_Cultist_And_Trap","floor":28,"turns":5},{"damage":14,"enemies":"theJungle:JungleHuntersEncounter","floor":30,"turns":5},{"damage":13,"enemies":"Nightmare","floor":31,"turns":7},{"damage":40,"enemies":"theJungle:FunGuy","floor":33,"turns":9},{"damage":34,"enemies":"3 Darklings","floor":35,"turns":6},{"damage":3,"enemies":"Mind Bloom Boss Battle","floor":36,"turns":9},{"damage":11,"enemies":"3 Shapes","floor":38,"turns":3},{"damage":13,"enemies":"Maw","floor":39,"turns":8},{"damage":33,"enemies":"Spire Growth","floor":41,"turns":7},{"damage":30,"enemies":"Nightmare","floor":42,"turns":3}],"seed_played":"-5385751593553298553","potions_obtained":[{"floor":1,"key":"Explosive Potion"},{"floor":5,"key":"EssenceOfSteel"},{"floor":7,"key":"LiquidBronze"},{"floor":13,"key":"Fire Potion"},{"floor":14,"key":"SkillPotion"},{"floor":28,"key":"Flashbang"},{"floor":35,"key":"Reflective Coating"}],"is_trial":false,"path_per_floor":["M","M","?","M","M","E","M","R","T","M","R","E","M","E","R_BF","B",null,"M","?","?","M","AVR","R","E","R","T","$","M","$","M","NM","R","B",null,"M","?","$","M","M","?","M","NM"],"character_chosen":"NECROMANCER","items_purchased":["Snack Pack","Meat on the Bone","Summon_Undead_Army","HandDrill","ReplayTheSpireMod:CursedCoin","Anchor","Orichalcum","hubris:MedicalManual","Apotheosis"],"campfire_rested":1,"item_purchase_floors":[0,0,0,0,27,27,27,29,37],"current_hp_per_floor":[48,52,52,56,55,44,46,46,46,49,49,44,47,38,75,68,75,75,75,57,49,49,75,57,57,57,57,69,69,59,48,48,40,75,43,42,42,49,40,40,24,0,0],"gold":100,"neow_bonus":"","is_daily":false,"chose_seed":false,"campfire_upgraded":3,"win_rate":0.0,"timestamp":1610048586,"path_taken":["M","M","?","M","M","E","M","R","T","M","R","E","M","E","R_BF","BOSS","M","?","?","M","AVR","R","E","R","T","$","M","$","M","NM","R","BOSS","M","?","$","M","M","?","?","NM"],"items_purchased_type":["Relic","Relic","Card","Relic","Relic","Relic","Relic","Relic","Card"],"build_version":"2020-12-22","purchased_purges":2,"victory":false,"max_hp_per_floor":[75,75,75,75,75,75,75,75,75,75,75,75,75,75,75,75,75,75,75,75,75,75,75,75,75,75,75,75,75,75,75,75,75,75,75,75,75,75,75,75,75,75,75],"card_choices":[{"not_picked":["Exploit","Violent_Necrosis","Scare"],"picked":"SKIP","floor":1},{"not_picked":["Death_March_Dance","Finger_Of_Death"],"picked":"Bone_Armor","floor":2},{"not_picked":["Negative_Energy_Shield","Bone_Spikes","Siphon_Strength"],"picked":"SKIP","floor":4},{"not_picked":["Blood_for_Blood","Negative_Energy_Bomb"],"picked":"Summon_Lich","floor":5},{"not_picked":["Scare","Uncharnel"],"picked":"Negative_Energy_Javelin","floor":6},{"not_picked":["Blood_Curse","Chill_Blood"],"picked":"Spectral_Walk","floor":7},{"not_picked":["Bone_Bullets","Scare"],"picked":"Consume_Illness","floor":10},{"not_picked":["Negative_Energy_Burst","Bone_Bullets","Strike_from_Beyond"],"picked":"SKIP","floor":12},{"not_picked":["Chill_Blood","Negative_Energy_Javelin","Negative_Energy_Burst"],"picked":"SKIP","floor":13},{"not_picked":["Bone_Armor","Bone_Bullets","Negative_Energy_Mist"],"picked":"SKIP","floor":14},{"not_picked":["Negative_Energy_Bomb","Cloudkill"],"picked":"Skeleton_Dragon","floor":16},{"not_picked":["Slay_Living","Scare"],"picked":"Bone_Armory+1","floor":18},{"not_picked":["Violent_Necrosis","Finger_Of_Death+1"],"picked":"Bone_Shift+1","floor":20},{"not_picked":["Toxic_Smoke_Screen","Blood_Shield","Bone_Spikes"],"picked":"SKIP","floor":21},{"not_picked":["Skeleton_Dragon","Strike_from_Beyond","Blood_Magic"],"picked":"SKIP","floor":24},{"not_picked":["Blood_Shield","Strike_from_Beyond","Acid_Javelin"],"picked":"SKIP","floor":28},{"not_picked":["Bone_Armor","Death_Knell"],"picked":"Corrupt+1","floor":30},{"not_picked":["Negative_Energy_Javelin+1","Bones_to_Steel"],"picked":"Negative_Energy_Mist+1","floor":31},{"not_picked":["Hellfire","Cloudkill"],"picked":"Summon_Death_Knight","floor":33},{"not_picked":["Chill_Blood+1","Blood_Whip+1","Blood_Curse"],"picked":"SKIP","floor":35},{"not_picked":["Acid_Javelin","Consume_Illness","Requiem"],"picked":"SKIP","floor":38},{"not_picked":["Negative_Energy_Shield","Corrupt+1"],"picked":"Bones_to_Steel+1","floor":39},{"not_picked":["Chill_Blood","Consume_Illness","Vampiric_Strike+1"],"picked":"SKIP","floor":41}],"player_experience":554335,"relics_obtained":[{"floor":6,"key":"Bottled Tornado"},{"floor":9,"key":"Regal Pillow"},{"floor":12,"key":"Bronze Scales"},{"floor":14,"key":"Lantern"},{"floor":20,"key":"Simple Rune"},{"floor":24,"key":"Turnip"},{"floor":26,"key":"Tiny Chest"},{"floor":31,"key":"hubris:SphereOfDissonance"},{"floor":36,"key":"infinitespire:Golems Mask"}],"event_choices":[{"damage_healed":0,"gold_gain":0,"player_choice":"Fight","damage_taken":0,"max_hp_gain":0,"max_hp_loss":0,"event_name":"MindBloom","floor":36,"gold_loss":0},{"damage_healed":0,"gold_gain":0,"player_choice":"Ignored","damage_taken":0,"max_hp_gain":0,"max_hp_loss":0,"event_name":"NoteForYourself","floor":40,"gold_loss":0}],"is_beta":false,"boss_relics":[{"not_picked":["Painkiller Herb","Replay:Grab Bag"],"picked":"ChewingGum"},{"not_picked":["hubris:TerracottaHorce","Calling Bell"],"picked":"SlaversCollar"}],"items_purged_floors":[27,37],"is_endless":true,"potions_floor_spawned":[1,5,7,13,14,24,28,31,35,38],"killed_by":"Nightmare","ascension_level":0}}