{"host":"f4n39520dv0p5qms","time":1610052423,"event":{"mods":["AchievementEnabler","BaseMod","Colored Powertips","DeckTracker","Downfall","Infinite Spire","Minty Spire (QoL Compilation)","Replay The Spire","Shop Mod","StSLib","The Bug Knight","The Servant 0.9.4"],"gold_per_floor":[99,115,265,279,291,319,319,319,319,332,332,332,332,349,361,361,361,361],"floor_reached":16,"playtime":610,"items_purged":[],"score":102,"play_id":"c81e5c71-e1fe-4d6c-8d3a-172cfa16a1b9","local_time":"20210107234703","is_ascension_mode":false,"campfire_choices":[{"data":"champ:BerserkerStyle","floor":1,"key":"SMITH"},{"data":"champ:Execute","floor":9,"key":"SMITH"},{"data":"champ:BringItOn","floor":11,"key":"SMITH"},{"floor":13,"key":"REST"}],"circlet_count":0,"master_deck":["champ:Strike","champ:Strike","champ:Strike","champ:Strike","champ:Defend","champ:Defend","champ:Defend","champ:Defend","champ:Execute+1","champ:Taunt+1","champ:BerserkerStyle+1","champ:CrookedStrike","Slimebound:Icky","champ:SteelEdge","champ:Haymaker","champ:BringItOn+1","champ:CalledShot","champ:ArenaPreparation","champ:HoldFirm"],"relics":["champ:ChampionCrown","Dream Catcher","The Courier"],"acts_visited":["Exordium"],"potions_floor_usage":[6],"damage_taken":[{"damage":10,"enemies":"Small Slimes","floor":2,"turns":5},{"damage":7,"enemies":"2 Louse","floor":4,"turns":4},{"damage":9,"enemies":"Cultist","floor":5,"turns":4},{"damage":61,"enemies":"3 Sentries","floor":6,"turns":11},{"damage":50,"enemies":"Large Slime","floor":10,"turns":7},{"damage":7,"enemies":"Red Slaver","floor":14,"turns":5},{"damage":52,"enemies":"Exordium Wildlife","floor":15,"turns":3},{"damage":23,"enemies":"downfall:Defect","floor":16,"turns":6}],"seed_played":"-8930796831434533459","potions_obtained":[{"floor":2,"key":"Regen Potion"},{"floor":6,"key":"Weak Potion"},{"floor":10,"key":"SteroidPotion"},{"floor":12,"key":"Death Potion"},{"floor":15,"key":"CultistPotion"}],"is_trial":false,"path_per_floor":["R","M","?","M","M","E","T","?","R","M","R","?","R","M","M","B"],"character_chosen":"THE_CHAMP","items_purchased":[],"campfire_rested":1,"item_purchase_floors":[],"current_hp_per_floor":[90,90,90,87,82,51,51,51,51,12,12,12,39,32,21,0,0,0],"gold":361,"neow_bonus":"THREE_CARDS","is_daily":false,"chose_seed":false,"campfire_upgraded":3,"win_rate":0.0,"timestamp":1610052423,"path_taken":["R","M","?","M","M","E","T","?","R","?","R","?","R","M","M","BOSS"],"items_purchased_type":[],"build_version":"2020-12-22","purchased_purges":0,"victory":false,"max_hp_per_floor":[90,90,90,90,90,90,90,90,90,90,90,90,90,90,90,90,90,90],"card_choices":[{"not_picked":["champ:RapidStrikes","champ:Haymaker"],"picked":"champ:BerserkerStyle","floor":0},{"not_picked":["champ:FlashCut","champ:EnGarde"],"picked":"champ:CrookedStrike","floor":2},{"not_picked":["champ:FocusedGladiator","champ:Riposte","champ:GladiatorsShout"],"picked":"SKIP","floor":4},{"not_picked":["champ:GutPunch","champ:CrookedStrike"],"picked":"champ:SteelEdge","floor":5},{"not_picked":["champ:Circumvent","champ:FanOfKnives"],"picked":"champ:Haymaker","floor":6},{"not_picked":["champ:BladeFlurry","champ:FightOn"],"picked":"champ:BringItOn","floor":10},{"not_picked":["champ:FocusedGladiator","champ:DefensiveShout"],"picked":"champ:CalledShot","floor":13},{"not_picked":["champ:RapidStrikes","champ:BringItOn"],"picked":"champ:ArenaPreparation","floor":14},{"not_picked":["champ:FocusedBerserking","champ:PerfectedStrike"],"picked":"champ:HoldFirm","floor":15}],"player_experience":152057,"relics_obtained":[{"floor":6,"key":"Dream Catcher"},{"floor":7,"key":"The Courier"}],"event_choices":[{"damage_healed":0,"gold_gain":0,"player_choice":"Upgraded","damage_taken":0,"max_hp_gain":0,"max_hp_loss":0,"event_name":"Upgrade Shrine","floor":8,"gold_loss":0,"cards_upgraded":["champ:Taunt"]},{"damage_healed":0,"gold_gain":0,"player_choice":"Got Potions","damage_taken":0,"max_hp_gain":0,"max_hp_loss":0,"event_name":"Lab","floor":12,"gold_loss":0}],"is_beta":false,"boss_relics":[],"items_purged_floors":[],"is_endless":false,"potions_floor_spawned":[2,6,10,14,15],"killed_by":"downfall:Defect","ascension_level":0}}