{"host":"bpkhhmvsfrvlto2l","time":1610008038,"event":{"mods":["2.2 Compatiblity","Act Like it!","AlwaysNeverKeys","BaseMod","Better Silent Start","Challenge The Spire","Colored Map","Colored Powertips","Custom Start","Downfall","Energized Spire","Friendly Minions","GifTheSpireLib","Halation","Hubris","Infinite Spire","Ironclad Rager","Mimic Mod","Minty Spire (QoL Compilation)","Permanent Neow","Quick Restart","Random Character Button","Relic Sorter","Replay The Spire","Spikes Relics","StSLib","Stuff the Spire","Swap Starting Deck Mod","Trackpad"],"gold_per_floor":[118,128,128,128,2,29,29,40,40,40,67,77,102,122,122,219,219,238,238,238,249,249,249,269,269,269,269,302,330,330,361,361,361,361],"floor_reached":33,"playtime":743,"items_purged":[],"score":369,"play_id":"a56dca9d-bc2e-4fa8-acc6-75237deb8fee","local_time":"20210107032718","is_ascension_mode":true,"campfire_choices":[{"data":"Pummel","floor":7,"key":"SMITH"},{"data":"Rampage","floor":10,"key":"SMITH"},{"data":"Invigoration","floor":15,"key":"SMITH"},{"data":"Flex","floor":23,"key":"SMITH"},{"data":"Flex","floor":25,"key":"SMITH"},{"data":"Bash","floor":27,"key":"SMITH"},{"data":"Strike_R","floor":30,"key":"SMITH"},{"data":"Strike_R","floor":32,"key":"SMITH"}],"circlet_count":0,"master_deck":["Strike_R","Strike_R","Strike_R","Strike_R+1","Strike_R+1","Defend_R","Defend_R","Defend_R","Defend_R","Bash+1","Flex+1","Pummel+1","Flex+1","Rampage+1","Invigoration+1","Pummel+1"],"relics":["Burning Blood","halation:PinkSoulGem","CrustySpines","NeowsBlessing","Counterbalance","GiantMaggot","hubris:BottledRain","trackpad:DemonHeart","Ring of Chaos","hubris:Towel","Replay:Kaleidoscope","ReplayTheSpireMod:Shallot","Red Mask","halation:PrussianBluePaint"],"acts_visited":["Exordium","TheCity"],"potions_floor_usage":[2,13,16,16,24,24],"damage_taken":[{"damage":0,"enemies":"Small Slimes","floor":1,"turns":1},{"damage":0,"enemies":"Jaw Worm","floor":2,"turns":1},{"damage":0,"enemies":"Lagavulin","floor":6,"turns":1},{"damage":1,"enemies":"Cultist","floor":8,"turns":3},{"damage":9,"enemies":"Replay:BlueRogue","floor":11,"turns":6},{"damage":11,"enemies":"2 Fungi Beasts","floor":12,"turns":3},{"damage":9,"enemies":"Lagavulin","floor":13,"turns":5},{"damage":9,"enemies":"Blue Slaver","floor":14,"turns":4},{"damage":38,"enemies":"Hexaghost","floor":16,"turns":7},{"damage":11,"enemies":"Chosen","floor":18,"turns":5},{"damage":5,"enemies":"Spheric Guardian","floor":21,"turns":3},{"damage":16,"enemies":"Snake Plant","floor":24,"turns":2},{"damage":18,"enemies":"Book of Stabbing","floor":28,"turns":3},{"damage":7,"enemies":"Masked Bandits","floor":29,"turns":3},{"damage":0,"enemies":"Gremlin Leader","floor":31,"turns":5},{"damage":64,"enemies":"hubris:MusketHawk","floor":33,"turns":6}],"seed_played":"6944945712153822607","potions_obtained":[{"floor":1,"key":"Reflective Coating"},{"floor":2,"key":"Fruit Juice"},{"floor":8,"key":"EssenceOfSteel"},{"floor":14,"key":"SpeedPotion"},{"floor":16,"key":"Strength Potion"},{"floor":21,"key":"Fire Potion"}],"is_trial":false,"path_per_floor":["M","M","?","?","$","E","R","M","T","R","E","M","E","M","R","B",null,"M","?","AVR","M","?","R","M","R","T","R","E","?","R","E","R","B"],"character_chosen":"IRONCLAD","items_purchased":["Pummel","Flex"],"campfire_rested":0,"item_purchase_floors":[5,5],"current_hp_per_floor":[80,85,85,85,85,85,85,85,85,85,82,77,74,71,71,39,85,80,80,80,81,81,81,71,71,71,71,59,58,58,64,64,0,0],"gold":361,"neow_bonus":"THREE_ENEMY_KILL","is_daily":false,"chose_seed":false,"campfire_upgraded":8,"win_rate":0.0,"timestamp":1610008038,"path_taken":["M","M","?","?","?","E","R","M","T","R","E","M","E","M","R","BOSS","M","?","AVR","M","?","R","M","R","T","R","E","?","R","E","R","BOSS"],"items_purchased_type":["Card","Card"],"build_version":"2020-12-22","purchased_purges":0,"victory":false,"max_hp_per_floor":[80,85,85,85,85,85,85,85,85,85,85,85,85,85,85,85,85,85,85,85,85,85,85,85,85,85,85,85,85,85,85,85,85,85],"card_choices":[{"not_picked":["Body Slam","BarbarianYell"],"picked":"Flex","floor":2},{"not_picked":["Dark Embrace","ReplayTheSpireMod:Stacked"],"picked":"Rampage","floor":6},{"not_picked":["StuffTheSpire:RockThrow","Perfected Strike"],"picked":"Invigoration","floor":14},{"not_picked":["Shrug It Off","Thunderclap"],"picked":"Pummel+1","floor":28}],"player_experience":32708,"relics_obtained":[{"floor":6,"key":"Counterbalance"},{"floor":9,"key":"GiantMaggot"},{"floor":11,"key":"hubris:BottledRain"},{"floor":13,"key":"CrustySpines"},{"floor":26,"key":"Replay:Kaleidoscope"},{"floor":28,"key":"ReplayTheSpireMod:Shallot"},{"floor":29,"key":"Red Mask"},{"floor":31,"key":"halation:PrussianBluePaint"}],"event_choices":[{"damage_healed":0,"gold_gain":0,"player_choice":"Leave","damage_taken":0,"max_hp_gain":0,"max_hp_loss":0,"event_name":"The Cleric","floor":4,"gold_loss":0},{"damage_healed":0,"gold_gain":0,"player_choice":"Fought Bandits","damage_taken":0,"max_hp_gain":0,"max_hp_loss":0,"event_name":"Masked Bandits","floor":29,"gold_loss":0}],"is_beta":false,"boss_relics":[{"not_picked":["energizedSpire:MagnifyingGlass","StuffTheSpire:RunicHypercube"],"picked":"trackpad:DemonHeart"}],"items_purged_floors":[],"is_endless":false,"potions_floor_spawned":[1,2,8,14,16,21],"killed_by":"hubris:MusketHawk","ascension_level":1}}