{"host":"ff4g3thpm8pmsxyp","time":1610028395,"event":{"mods":["AchievementEnabler","BaseMod","Colored Map","DeckTracker","Highlight Path","Minty Spire (QoL Compilation)","Permanent Neow","Rare Cards Sparkle","Relic Stats","StSLib","SuperFastMode"],"gold_per_floor":[119,119,138,157,174,174,207,157,182,210,210,242,257,267,267,369,369,412,152,208,108,147,174,213,213,213,238,238],"floor_reached":27,"playtime":1043,"items_purged":["FollowUp","CarveReality"],"score":336,"play_id":"0eb8685d-3dae-4231-bb72-324842fa5b46","local_time":"20210107090635","is_ascension_mode":true,"campfire_choices":[{"data":"SandsOfTime","floor":6.0,"key":"SMITH"},{"data":"Eruption","floor":11.0,"key":"SMITH"},{"data":"Devotion","floor":15.0,"key":"SMITH"},{"floor":25,"key":"REST"}],"circlet_count":0,"master_deck":["Eruption+1","Vigilance","SandsOfTime+1","CrushJoints","Prostrate","Conclude","Worship","Devotion+1","FlurryOfBlows","Devotion","TalkToTheHand","Swivel","Wish","Ragnarok","SandsOfTime+1","HandOfGreed","Evaluate","Scrawl","Perseverance"],"relics":["Sozu","PreservedInsect","Orichalcum","Blood Vial","CloakClasp","Pandora\u0027s Box","Bag of Preparation","Mummified Hand"],"acts_visited":["Exordium","TheCity"],"potions_floor_usage":[],"damage_taken":[{"damage":5.0,"enemies":"Small Slimes","floor":1.0,"turns":4.0},{"damage":0.0,"enemies":"Jaw Worm","floor":3.0,"turns":4.0},{"damage":0.0,"enemies":"2 Louse","floor":4.0,"turns":2.0},{"damage":5.0,"enemies":"Blue Slaver","floor":5.0,"turns":4.0},{"damage":16.0,"enemies":"Gremlin Nob","floor":7.0,"turns":4.0},{"damage":12.0,"enemies":"3 Sentries","floor":10.0,"turns":5.0},{"damage":0.0,"enemies":"Gremlin Nob","floor":12.0,"turns":2.0},{"damage":0.0,"enemies":"2 Fungi Beasts","floor":13.0,"turns":2.0},{"damage":0.0,"enemies":"Red Slaver","floor":14.0,"turns":1.0},{"damage":11.0,"enemies":"The Guardian","floor":16.0,"turns":6.0},{"damage":0.0,"enemies":"3 Byrds","floor":18.0,"turns":3.0},{"damage":16.0,"enemies":"2 Thieves","floor":20.0,"turns":3.0},{"damage":29,"enemies":"3 Cultists","floor":22,"turns":5},{"damage":8,"enemies":"Book of Stabbing","floor":23,"turns":3},{"damage":19,"enemies":"Shelled Parasite and Fungi","floor":24,"turns":4},{"damage":38,"enemies":"Masked Bandits","floor":27,"turns":3}],"seed_played":"-2110672656848604838","potions_obtained":[],"is_trial":false,"path_per_floor":["M","?","M","M","M","R","E","?","T","E","R","E","M","M","R","B",null,"M","$","M","$","M","E","M","R","T","?"],"character_chosen":"WATCHER","items_purchased":["HandOfGreed"],"campfire_rested":1,"item_purchase_floors":[19],"current_hp_per_floor":[67,60,60,60,55,55,39,39,39,27,27,29,31,33,33,24,72,72,72,56,56,29,23,6,27,27,0,0],"gold":238,"neow_bonus":"BOSS_RELIC","is_daily":false,"chose_seed":false,"campfire_upgraded":3,"win_rate":0.0,"timestamp":1610028395,"path_taken":["M","?","M","M","M","R","E","?","T","E","R","E","M","M","R","BOSS","M","$","M","$","M","E","M","R","T","?"],"items_purchased_type":["Card"],"build_version":"2020-12-22","purchased_purges":2,"victory":false,"max_hp_per_floor":[72,72,72,72,72,72,72,72,72,72,72,72,72,72,72,72,72,72,72,72,72,72,72,72,72,72,72,72],"relic_stats":{"Sozu":6,"Blood Vial":16,"counters":[16,55],"Mummified Hand":[3],"Pandora\u0027s Box":["TalkToTheHand","Swivel","Wish","FollowUp","Ragnarok","CarveReality"],"PreservedInsect":92,"CloakClasp":[64],"Bag of Preparation":[4],"Orichalcum":[36],"obtain_stats":[{"Sozu":0,"Blood Vial":10,"Mummified Hand":26,"Pandora\u0027s Box":17,"PreservedInsect":7,"CloakClasp":12,"Bag of Preparation":23,"PureWater":0,"Orichalcum":9},{"Sozu":0,"Blood Vial":6,"Mummified Hand":15,"Pandora\u0027s Box":10,"PreservedInsect":5,"CloakClasp":7,"Bag of Preparation":14,"PureWater":0,"Orichalcum":5},{"Sozu":0,"Blood Vial":23,"Mummified Hand":52,"Pandora\u0027s Box":34,"PreservedInsect":18,"CloakClasp":25,"Bag of Preparation":48,"PureWater":0,"Orichalcum":18}]},"card_choices":[{"not_picked":["PathToVictory","Consecrate"],"picked":"SandsOfTime","floor":1.0},{"not_picked":["MentalFortress","EmptyBody"],"picked":"CrushJoints","floor":3.0},{"not_picked":["BowlingBash","EmptyFist"],"picked":"Prostrate","floor":4.0},{"not_picked":["EmptyMind","BowlingBash"],"picked":"Conclude","floor":5.0},{"not_picked":["FollowUp","CutThroughFate"],"picked":"Worship","floor":7.0},{"not_picked":["Nirvana","Crescendo","FollowUp"],"picked":"SKIP","floor":10.0},{"not_picked":["EmptyFist","CrushJoints"],"picked":"Devotion","floor":12.0},{"not_picked":["CarveReality","EmptyBody"],"picked":"FlurryOfBlows","floor":13.0},{"not_picked":["WindmillStrike","ClearTheMind","FlurryOfBlows"],"picked":"SKIP","floor":14.0},{"not_picked":["Establishment","LessonLearned"],"picked":"Devotion","floor":16.0},{"not_picked":["CrushJoints","DeceiveReality"],"picked":"SandsOfTime+1","floor":18.0},{"not_picked":["Indignation+1","CrushJoints"],"picked":"Evaluate","floor":20.0},{"not_picked":["Vengeance","SashWhip","Protect"],"picked":"SKIP","floor":22},{"not_picked":["SashWhip","Wish"],"picked":"Scrawl","floor":23},{"not_picked":["EmptyFist+1","CutThroughFate+1"],"picked":"Perseverance","floor":24}],"player_experience":256488,"relics_obtained":[{"floor":7.0,"key":"PreservedInsect"},{"floor":9.0,"key":"Orichalcum"},{"floor":10.0,"key":"Blood Vial"},{"floor":12.0,"key":"CloakClasp"},{"floor":23,"key":"Bag of Preparation"},{"floor":26,"key":"Mummified Hand"}],"event_choices":[{"cards_removed":["Strike_P"],"damage_healed":0.0,"max_hp_gain":0.0,"max_hp_loss":0.0,"gold_gain":0.0,"event_name":"Golden Wing","player_choice":"Card Removal","floor":2.0,"gold_loss":0.0,"damage_taken":7.0},{"cards_removed":["Defend_P"],"damage_healed":0.0,"max_hp_gain":0.0,"max_hp_loss":0.0,"gold_gain":0.0,"event_name":"The Cleric","player_choice":"Card Removal","floor":8.0,"gold_loss":50.0,"damage_taken":0.0},{"damage_healed":0,"gold_gain":0,"player_choice":"Fought Bandits","damage_taken":0,"max_hp_gain":0,"max_hp_loss":0,"event_name":"Masked Bandits","floor":27,"gold_loss":0}],"is_beta":false,"boss_relics":[{"not_picked":["SacredBark","Busted Crown"],"picked":"Pandora\u0027s Box"}],"items_purged_floors":[19,21],"is_endless":false,"potions_floor_spawned":[3,4,5,14,18,22],"killed_by":"Masked Bandits","ascension_level":4}}