{"host":"b995t17pt6d05w8c","time":1610029866,"event":{"mods":["AchievementEnabler","BaseMod","Colored Map","Minty Spire (QoL Compilation)","SuperFastMode"],"gold_per_floor":[16,16,27,39,59,91,16,47,47,57,74,143,143,173,173,271,271,288,288,299,150,150,176,195,195,247,261,45,45,79,97,97,192,192,210,210,210,210,229,256,37,37,37,37,50,105,105,118,118,118],"floor_reached":51,"playtime":1883,"items_purged":["Defend_P","Strike_P","Defend_P","FlurryOfBlows"],"score":1081,"play_id":"658b1044-9d00-44f9-8923-66cf08d42fc5","local_time":"20210107233106","is_ascension_mode":true,"campfire_choices":[{"data":"SandsOfTime","floor":15.0,"key":"SMITH"},{"data":"Adaptation","floor":32.0,"key":"SMITH"},{"floor":42,"key":"REST"},{"floor":49,"key":"REST"}],"circlet_count":0,"master_deck":["Defend_P","Eruption+1","Vigilance","TalkToTheHand","Crescendo","DeusExMachina","CutThroughFate","MentalFortress","SandsOfTime+1","Halt+1","Adaptation+1","Vault","ClearTheMind+1","Madness","Madness"],"relics":["PureWater","Unceasing Top","Darkstone Periapt","Pear","Ornamental Fan","HornCleat","Runic Pyramid","Regal Pillow","Bronze Scales","Membership Card","Question Card","Fusion Hammer","Du-Vu Doll","Calipers","Pantograph","Pocketwatch","Mercury Hourglass"],"acts_visited":["Exordium","TheCity","TheBeyond"],"potions_floor_usage":[39,50,50,50],"damage_taken":[{"damage":2.0,"enemies":"Small Slimes","floor":1.0,"turns":4.0},{"damage":9.0,"enemies":"Jaw Worm","floor":3.0,"turns":4.0},{"damage":0.0,"enemies":"2 Louse","floor":4.0,"turns":2.0},{"damage":10.0,"enemies":"Exordium Wildlife","floor":5.0,"turns":3.0},{"damage":18.0,"enemies":"Gremlin Nob","floor":6.0,"turns":4.0},{"damage":1.0,"enemies":"Lagavulin","floor":8.0,"turns":6.0},{"damage":15.0,"enemies":"2 Fungi Beasts","floor":10.0,"turns":3.0},{"damage":2.0,"enemies":"Large Slime","floor":11.0,"turns":4.0},{"damage":17.0,"enemies":"3 Sentries","floor":14.0,"turns":6.0},{"damage":0.0,"enemies":"Slime Boss","floor":16.0,"turns":5.0},{"damage":2.0,"enemies":"Shell Parasite","floor":18.0,"turns":3.0},{"damage":0.0,"enemies":"Spheric Guardian","floor":20.0,"turns":3.0},{"damage":2.0,"enemies":"Gremlin Leader","floor":23.0,"turns":4.0},{"damage":0.0,"enemies":"Snecko","floor":24.0,"turns":3.0},{"damage":7.0,"enemies":"Shelled Parasite and Fungi","floor":27.0,"turns":4.0},{"damage":17.0,"enemies":"Slavers","floor":30.0,"turns":5.0},{"damage":11.0,"enemies":"Centurion and Healer","floor":31.0,"turns":4.0},{"damage":0.0,"enemies":"Collector","floor":33.0,"turns":7.0},{"damage":0.0,"enemies":"3 Shapes","floor":35.0,"turns":3.0},{"damage":7,"enemies":"3 Darklings","floor":39,"turns":3},{"damage":24,"enemies":"Nemesis","floor":40,"turns":8},{"damage":1,"enemies":"Transient","floor":45,"turns":6},{"damage":7,"enemies":"2 Orb Walkers","floor":46,"turns":5},{"damage":0,"enemies":"Writhing Mass","floor":48,"turns":3},{"damage":1,"enemies":"Time Eater","floor":50,"turns":10}],"seed_played":"-6592797949633130004","potions_obtained":[{"floor":3.0,"key":"Weak Potion"},{"floor":10.0,"key":"Regen Potion"},{"floor":11.0,"key":"Weak Potion"},{"floor":14.0,"key":"FearPotion"},{"floor":16.0,"key":"Energy Potion"},{"floor":23.0,"key":"Block Potion"},{"floor":27.0,"key":"Dexterity Potion"},{"floor":35.0,"key":"DuplicationPotion"},{"floor":45,"key":"SpeedPotion"},{"floor":48,"key":"Block Potion"}],"is_trial":false,"path_per_floor":["M","?","M","M","M","E","$","E","T","M","M","T","?","E","R","B",null,"M","?","M","$","?","E","M","?","T","M","$","?","E","M","R","B",null,"M","?","?","?","M","E","$","R","T","?","M","?","T","M","R","B",null],"character_chosen":"WATCHER","items_purchased":["AttackPotion","Membership Card","Calipers"],"campfire_rested":2,"item_purchase_floors":[21,28,41],"current_hp_per_floor":[70,70,61,61,51,33,33,32,42,27,37,37,42,25,25,25,72,70,70,70,70,70,68,68,68,68,61,61,61,44,33,33,33,74,74,63,63,63,56,32,32,73,73,73,72,65,65,65,87,86],"gold":118,"neow_bonus":"REMOVE_TWO","is_daily":false,"chose_seed":false,"campfire_upgraded":2,"win_rate":0.0,"timestamp":1610029866,"path_taken":["M","?","M","M","M","E","$","E","T","M","M","?","?","E","R","BOSS","M","?","M","$","?","E","M","?","T","M","$","?","E","M","R","BOSS","M","?","?","?","?","E","$","R","T","?","?","?","?","M","R","BOSS"],"items_purchased_type":["Potion","Relic","Relic"],"build_version":"2020-12-22","purchased_purges":4,"victory":true,"max_hp_per_floor":[72,72,72,72,72,72,72,72,82,82,82,82,87,87,87,87,87,87,87,87,87,87,87,87,87,87,87,87,87,87,87,87,87,87,87,87,87,87,87,87,87,87,87,87,87,87,87,87,87,87],"card_choices":[{"not_picked":["Protect","Wireheading","EmptyFist"],"picked":"SKIP","floor":1.0},{"not_picked":["Evaluate","CrushJoints"],"picked":"TalkToTheHand","floor":3.0},{"not_picked":["Evaluate","CutThroughFate"],"picked":"Crescendo","floor":4.0},{"not_picked":["JustLucky","Halt"],"picked":"FlurryOfBlows","floor":5.0},{"not_picked":["Swivel","DeceiveReality"],"picked":"DeusExMachina","floor":6.0},{"not_picked":["CrushJoints","DeceiveReality","BowlingBash"],"picked":"SKIP","floor":8.0},{"not_picked":["EmptyFist","Conclude"],"picked":"CutThroughFate","floor":10.0},{"not_picked":["JustLucky","PathToVictory"],"picked":"MentalFortress","floor":11.0},{"not_picked":["Protect","Pray"],"picked":"SandsOfTime","floor":14.0},{"not_picked":["Sanctity","CrushJoints","Swivel"],"picked":"SKIP","floor":18.0},{"not_picked":["CrushJoints","CutThroughFate","PathToVictory"],"picked":"SKIP","floor":20.0},{"not_picked":["MasterReality","WaveOfTheHand","Swivel"],"picked":"SKIP","floor":23.0},{"not_picked":["BowlingBash","SashWhip"],"picked":"Halt+1","floor":24.0},{"not_picked":["Prostrate","Halt","MentalFortress"],"picked":"SKIP","floor":27.0},{"not_picked":["CutThroughFate","SashWhip+1"],"picked":"Vault","floor":30.0},{"not_picked":["Consecrate+1","Prostrate","BowlingBash"],"picked":"ClearTheMind+1","floor":31.0},{"not_picked":["BowlingBash+1","Evaluate+1","EmptyBody","PathToVictory"],"picked":"SKIP","floor":35.0},{"not_picked":["Crescendo","CutThroughFate","CrushJoints","FollowUp"],"picked":"SKIP","floor":39},{"not_picked":["Devotion","ReachHeaven","CutThroughFate","SashWhip+1"],"picked":"SKIP","floor":40},{"not_picked":["Vengeance+1","Evaluate+1","Halt+1","Fasting2+1"],"picked":"SKIP","floor":45},{"not_picked":["Consecrate","Crescendo+1","Indignation","ThirdEye+1"],"picked":"SKIP","floor":48}],"player_experience":40496,"relics_obtained":[{"floor":6.0,"key":"Unceasing Top"},{"floor":8.0,"key":"Darkstone Periapt"},{"floor":9.0,"key":"Pear"},{"floor":12.0,"key":"Ornamental Fan"},{"floor":14.0,"key":"HornCleat"},{"floor":23.0,"key":"Regal Pillow"},{"floor":26.0,"key":"Bronze Scales"},{"floor":30.0,"key":"Question Card"},{"floor":40,"key":"Du-Vu Doll"},{"floor":43,"key":"Pantograph"},{"floor":46,"key":"Pocketwatch"},{"floor":47,"key":"Mercury Hourglass"}],"event_choices":[{"damage_healed":0.0,"max_hp_gain":0.0,"max_hp_loss":0.0,"gold_gain":0.0,"event_name":"Living Wall","player_choice":"Grow","floor":2.0,"gold_loss":0.0,"damage_taken":0.0,"cards_upgraded":["Eruption"]},{"damage_healed":0.0,"max_hp_gain":5.0,"max_hp_loss":0.0,"gold_gain":0.0,"event_name":"Big Fish","player_choice":"Donut","floor":13.0,"gold_loss":0.0,"damage_taken":0.0},{"damage_healed":0.0,"max_hp_gain":0.0,"max_hp_loss":0.0,"gold_gain":0.0,"event_name":"The Mausoleum","player_choice":"Ignored","floor":19.0,"gold_loss":0.0,"damage_taken":0.0},{"damage_healed":0.0,"max_hp_gain":0.0,"max_hp_loss":0.0,"gold_gain":0.0,"event_name":"Vampires","player_choice":"Ignored","floor":22.0,"gold_loss":0.0,"damage_taken":0.0},{"cards_removed":["Strike_P"],"damage_healed":0.0,"max_hp_gain":0.0,"max_hp_loss":0.0,"gold_gain":0.0,"event_name":"Back to Basics","player_choice":"Elegance","floor":25.0,"gold_loss":0.0,"damage_taken":0.0},{"damage_healed":0.0,"max_hp_gain":0.0,"max_hp_loss":0.0,"gold_gain":0.0,"event_name":"The Library","player_choice":"Read","floor":29.0,"gold_loss":0.0,"damage_taken":0.0,"cards_obtained":["Adaptation"]},{"damage_healed":0.0,"max_hp_gain":0.0,"max_hp_loss":0.0,"gold_gain":0.0,"event_name":"Winding Halls","player_choice":"Embrace Madness","floor":36.0,"gold_loss":0.0,"damage_taken":11.0,"cards_obtained":["Madness","Madness"]},{"cards_removed":["Strike_P"],"damage_healed":0.0,"max_hp_gain":0.0,"max_hp_loss":0.0,"gold_gain":0.0,"event_name":"Falling","player_choice":"Removed Attack","floor":37.0,"gold_loss":0.0,"damage_taken":0.0},{"damage_healed":0.0,"max_hp_gain":0.0,"max_hp_loss":0.0,"gold_gain":0.0,"event_name":"The Woman in Blue","player_choice":"Bought 0 Potions","floor":38.0,"gold_loss":0.0,"damage_taken":0.0},{"damage_healed":0,"gold_gain":0,"player_choice":"0 cards matched","damage_taken":0,"max_hp_gain":0,"max_hp_loss":0,"event_name":"Match and Keep!","floor":44,"gold_loss":0,"cards_obtained":[]},{"damage_healed":0,"gold_gain":0,"player_choice":"Fight","damage_taken":0,"max_hp_gain":0,"max_hp_loss":0,"event_name":"Mysterious Sphere","floor":46,"gold_loss":0}],"is_beta":false,"boss_relics":[{"not_picked":["Black Star","Astrolabe"],"picked":"Runic Pyramid"},{"not_picked":["Coffee Dripper","Runic Dome"],"picked":"Fusion Hammer"}],"items_purged_floors":[7,21,28,41],"is_endless":false,"potions_floor_spawned":[3,10,11,14,16,23,27,35,45,48],"ascension_level":5}}