{"host":"5jzx1090woovszu4","time":1610002084,"event":{"mods":["Arknights The Spire","BaseMod","Minty Spire (QoL Compilation)","Robot Space Explorer","Spicy Shops","StSLib","The Dragon Tamer"],"gold_per_floor":[109,109,128,303,403,431,442,458,510,20,20,37,72,87,87,182,182,198,208,227,237,207,241,241,253,253,253,263,229,229,248,248,349,349,360,380,391,491,180,211,211,238,288,305,324,324,0,0,0,0],"floor_reached":51,"playtime":5412,"items_purged":["Doubt","RobotSpaceExplorer:Strike"],"score":816,"play_id":"8a33a47e-d07a-4982-888d-b77f7116df66","local_time":"20210107074804","is_ascension_mode":false,"campfire_choices":[{"floor":15,"key":"REST"},{"floor":24,"key":"REST"},{"data":"RobotSpaceExplorer:PowerCollector","floor":27,"key":"SMITH"},{"data":"RobotSpaceExplorer:PowerCollector","floor":32,"key":"SMITH"},{"floor":41,"key":"REST"},{"floor":46,"key":"REST"},{"data":"RobotSpaceExplorer:PowerCollector","floor":49,"key":"SMITH"}],"circlet_count":0,"master_deck":["RobotSpaceExplorer:Strike","RobotSpaceExplorer:Strike","RobotSpaceExplorer:Strike+1","RobotSpaceExplorer:Defend+1","RobotSpaceExplorer:Defend","RobotSpaceExplorer:Defend+1","RobotSpaceExplorer:Scan","RobotSpaceExplorer:MiniLasers+1","RobotSpaceExplorer:ImprovisedAttack","RobotSpaceExplorer:ShovelStrike","RobotSpaceExplorer:HighVoltage","RobotSpaceExplorer:MakeshiftVolley","RobotSpaceExplorer:PowerCollector+1","RobotSpaceExplorer:SurgingStrike","RobotSpaceExplorer:TrailblazerForm","RobotSpaceExplorer:Accelerator","RobotSpaceExplorer:Comet","RobotSpaceExplorer:PowerCollector+1","RobotSpaceExplorer:PowerCollector+1","RobotSpaceExplorer:Blitz+1","RobotSpaceExplorer:Discharger","RobotSpaceExplorer:Discharger","RobotSpaceExplorer:LaserBurst+1","RobotSpaceExplorer:Autoloader","RobotSpaceExplorer:PowerCollector"],"relics":["RobotSpaceExplorer:RoboCore","Pear","Whetstone","White Beast Statue","War Paint","Snecko Eye","StrikeDummy","Singing Bowl","Molten Egg 2","Philosopher\u0027s Stone","DollysMirror","Toy Ornithopter","Anchor","RobotSpaceExplorer:PlasmaHourglass","Bronze Scales","Ancient Tea Set"],"acts_visited":["Exordium","TheCity","TheBeyond"],"potions_floor_usage":[6,12,12,13,13,16,16,19,20,21,21,23,23,31,33,33,35,36,37,37,37,37,42,42,44,44,50],"damage_taken":[{"damage":0,"enemies":"Small Slimes","floor":1,"turns":4},{"damage":0,"enemies":"Cultist","floor":3,"turns":4},{"damage":69,"enemies":"3 Sentries","floor":6,"turns":18},{"damage":9,"enemies":"Jaw Worm","floor":7,"turns":4},{"damage":9,"enemies":"Lots of Slimes","floor":8,"turns":3},{"damage":0,"enemies":"Large Slime","floor":12,"turns":4},{"damage":4,"enemies":"Gremlin Nob","floor":13,"turns":3},{"damage":6,"enemies":"Red Slaver","floor":14,"turns":4},{"damage":16,"enemies":"Slime Boss","floor":16,"turns":6},{"damage":0,"enemies":"Chosen","floor":18,"turns":3},{"damage":0,"enemies":"2 Thieves","floor":19,"turns":1},{"damage":8,"enemies":"3 Cultists","floor":20,"turns":4},{"damage":37,"enemies":"Cultist and Chosen","floor":21,"turns":5},{"damage":0,"enemies":"Gremlin Leader","floor":23,"turns":3},{"damage":0,"enemies":"Centurion and Healer","floor":25,"turns":3},{"damage":0,"enemies":"3 Cultists","floor":28,"turns":2},{"damage":0,"enemies":"Chosen and Byrds","floor":31,"turns":3},{"damage":30,"enemies":"Champ","floor":33,"turns":4},{"damage":12,"enemies":"Orb Walker","floor":35,"turns":3},{"damage":31,"enemies":"3 Darklings","floor":36,"turns":4},{"damage":6,"enemies":"Maw","floor":37,"turns":6},{"damage":9,"enemies":"Giant Head","floor":40,"turns":5},{"damage":9,"enemies":"Nemesis","floor":42,"turns":5},{"damage":21,"enemies":"4 Shapes","floor":44,"turns":4},{"damage":17,"enemies":"Spire Growth","floor":45,"turns":4},{"damage":50,"enemies":"Time Eater","floor":50,"turns":5}],"seed_played":"1748585202893535716","potions_obtained":[{"floor":3,"key":"Fruit Juice"},{"floor":8,"key":"PowerPotion"},{"floor":12,"key":"Dexterity Potion"},{"floor":13,"key":"BlessingOfTheForge"},{"floor":14,"key":"DuplicationPotion"},{"floor":16,"key":"LiquidMemories"},{"floor":18,"key":"PowerPotion"},{"floor":19,"key":"Strength Potion"},{"floor":20,"key":"Energy Potion"},{"floor":21,"key":"GamblersBrew"},{"floor":22,"key":"RobotSpaceExplorer:PlasmaFlask"},{"floor":23,"key":"Swift Potion"},{"floor":25,"key":"Block Potion"},{"floor":28,"key":"DuplicationPotion"},{"floor":31,"key":"SkillPotion"},{"floor":33,"key":"Regen Potion"},{"floor":35,"key":"LiquidBronze"},{"floor":36,"key":"EntropicBrew"},{"floor":37,"key":"Fire Potion"},{"floor":40,"key":"LiquidBronze"},{"floor":42,"key":"Swift Potion"},{"floor":44,"key":"RobotSpaceExplorer:PlasmaFlask"},{"floor":45,"key":"Block Potion"}],"is_trial":false,"path_per_floor":["M","?","M","?","?","E","M","M","T","$","?","M","E","M","R","B",null,"M","M","M","M","?","E","R","M","T","R","M","$","?","M","R","B",null,"M","M","M","?","$","E","R","E","T","M","M","R","$","$","R","B",null],"character_chosen":"RobotSpaceExplorer","items_purchased":["White Beast Statue","Block Potion","AttackPotion","RobotSpaceExplorer:PowerCollector","DollysMirror","Toy Ornithopter","RobotSpaceExplorer:PowerCollector","Ancient Tea Set"],"campfire_rested":4,"item_purchase_floors":[10,10,10,29,39,39,47,47],"current_hp_per_floor":[82,75,75,75,75,21,12,3,3,3,35,35,31,25,54,38,97,97,97,89,52,52,52,81,81,81,81,83,83,83,85,85,57,103,93,71,65,65,65,56,87,90,90,81,64,96,96,96,96,51],"gold":0,"neow_bonus":"TEN_PERCENT_HP_BONUS","is_daily":false,"chose_seed":false,"campfire_upgraded":3,"win_rate":0.0,"timestamp":1610002084,"path_taken":["M","?","M","?","?","E","?","M","T","$","?","M","E","M","R","BOSS","M","M","M","M","?","E","R","M","T","R","?","$","?","?","R","BOSS","M","M","?","?","?","E","R","E","T","M","M","R","?","$","R","BOSS"],"items_purchased_type":["Relic","Potion","Potion","Card","Relic","Relic","Card","Relic"],"build_version":"2020-12-22","purchased_purges":2,"victory":true,"max_hp_per_floor":[82,82,82,82,82,97,97,97,97,97,97,97,97,97,97,97,97,97,97,97,97,97,97,97,97,97,97,99,99,99,101,101,103,103,105,105,105,105,105,105,105,107,107,109,109,109,109,109,109,109],"card_choices":[{"not_picked":["RobotSpaceExplorer:FrostMissile","RobotSpaceExplorer:MetalStrike"],"picked":"RobotSpaceExplorer:ImprovisedAttack","floor":1},{"not_picked":["RobotSpaceExplorer:FranticSearch","RobotSpaceExplorer:Ammunition"],"picked":"RobotSpaceExplorer:ShovelStrike","floor":3},{"not_picked":["RobotSpaceExplorer:Probe","RobotSpaceExplorer:SwiftStep"],"picked":"RobotSpaceExplorer:HighVoltage","floor":6},{"not_picked":["RobotSpaceExplorer:ToxicBomb","RobotSpaceExplorer:MiniDrones"],"picked":"RobotSpaceExplorer:MakeshiftVolley","floor":7},{"not_picked":["RobotSpaceExplorer:Fix","RobotSpaceExplorer:ScrapShield"],"picked":"RobotSpaceExplorer:PowerCollector","floor":8},{"not_picked":["RobotSpaceExplorer:Counterblock","RobotSpaceExplorer:ShovelStrike","RobotSpaceExplorer:Reload"],"picked":"SKIP","floor":12},{"not_picked":["RobotSpaceExplorer:ImprovisedAttack","RobotSpaceExplorer:GlueShot","RobotSpaceExplorer:SlimeMissile"],"picked":"SKIP","floor":13},{"not_picked":["RobotSpaceExplorer:ShockKick","RobotSpaceExplorer:FrostMissile"],"picked":"RobotSpaceExplorer:SurgingStrike","floor":14},{"not_picked":["RobotSpaceExplorer:ShockMissile","RobotSpaceExplorer:Blaster"],"picked":"RobotSpaceExplorer:TrailblazerForm","floor":16},{"not_picked":["RobotSpaceExplorer:FrostMissile","RobotSpaceExplorer:MiniDrones","RobotSpaceExplorer:MetalStrike"],"picked":"SKIP","floor":18},{"not_picked":["RobotSpaceExplorer:ShockKick","RobotSpaceExplorer:ScrapToss"],"picked":"RobotSpaceExplorer:Accelerator","floor":19},{"not_picked":["RobotSpaceExplorer:LuckyStrike","RobotSpaceExplorer:Counterblock","RobotSpaceExplorer:FranticSearch"],"picked":"SKIP","floor":20},{"not_picked":["RobotSpaceExplorer:ImprovisedAttack+1","RobotSpaceExplorer:FreezeRay"],"picked":"RobotSpaceExplorer:Comet","floor":21},{"not_picked":["RobotSpaceExplorer:Blitz","RobotSpaceExplorer:MakeshiftVolley","RobotSpaceExplorer:ImprovisedAttack+1"],"picked":"SKIP","floor":23},{"not_picked":["RobotSpaceExplorer:FreezeRay+1","RobotSpaceExplorer:Smokescreen"],"picked":"RobotSpaceExplorer:PowerCollector","floor":25},{"not_picked":["RobotSpaceExplorer:Probe","RobotSpaceExplorer:SurgingStrike","RobotSpaceExplorer:MiniDrones"],"picked":"Singing Bowl","floor":28},{"not_picked":["RobotSpaceExplorer:ExhaustFan","RobotSpaceExplorer:SurgingShield","RobotSpaceExplorer:ImprovisedAttack+1"],"picked":"Singing Bowl","floor":31},{"not_picked":["RobotSpaceExplorer:Explosion+1","RobotSpaceExplorer:Arsenal","RobotSpaceExplorer:Wormhole"],"picked":"Singing Bowl","floor":33},{"not_picked":["RobotSpaceExplorer:FreezingShield","RobotSpaceExplorer:FranticSearch+1","RobotSpaceExplorer:RigExplosive"],"picked":"Singing Bowl","floor":35},{"not_picked":["RobotSpaceExplorer:Counterblock+1","RobotSpaceExplorer:PlasmaMissile+1"],"picked":"RobotSpaceExplorer:Blitz+1","floor":36},{"not_picked":["RobotSpaceExplorer:DoubleFind","RobotSpaceExplorer:MiniDrones+1"],"picked":"RobotSpaceExplorer:Discharger","floor":37},{"not_picked":["RobotSpaceExplorer:ShockKick+1","RobotSpaceExplorer:Probe+1"],"picked":"RobotSpaceExplorer:LaserBurst+1","floor":40},{"not_picked":["RobotSpaceExplorer:ImprovisedAttack+1","RobotSpaceExplorer:ShovelStrike+1","RobotSpaceExplorer:SurgingShield+1"],"picked":"Singing Bowl","floor":42},{"not_picked":["RobotSpaceExplorer:DoubleBlock","RobotSpaceExplorer:Pulsar","RobotSpaceExplorer:ShockKick+1"],"picked":"Singing Bowl","floor":44},{"not_picked":["RobotSpaceExplorer:SelfCleaning+1","RobotSpaceExplorer:Calculate+1"],"picked":"RobotSpaceExplorer:Autoloader","floor":45}],"player_experience":614702,"relics_obtained":[{"floor":6,"key":"Pear"},{"floor":9,"key":"Whetstone"},{"floor":13,"key":"War Paint"},{"floor":23,"key":"StrikeDummy"},{"floor":26,"key":"Singing Bowl"},{"floor":30,"key":"Molten Egg 2"},{"floor":40,"key":"Anchor"},{"floor":42,"key":"RobotSpaceExplorer:PlasmaHourglass"},{"floor":43,"key":"Bronze Scales"}],"event_choices":[{"cards_removed":["RobotSpaceExplorer:Defend"],"damage_healed":0,"gold_gain":0,"player_choice":"Card Removal","damage_taken":7,"max_hp_gain":0,"max_hp_loss":0,"event_name":"Golden Wing","floor":2,"gold_loss":0},{"damage_healed":0,"gold_gain":175,"player_choice":"AGREE","damage_taken":0,"max_hp_gain":0,"max_hp_loss":0,"event_name":"Liars Game","floor":4,"gold_loss":0,"cards_obtained":["Doubt"]},{"damage_healed":0,"gold_gain":100,"player_choice":"Pray","damage_taken":0,"max_hp_gain":0,"max_hp_loss":0,"event_name":"Golden Shrine","floor":5,"gold_loss":0},{"damage_healed":32,"gold_gain":0,"player_choice":"Banana","damage_taken":0,"max_hp_gain":0,"max_hp_loss":0,"event_name":"Big Fish","floor":11,"gold_loss":0},{"damage_healed":0,"gold_gain":0,"player_choice":"Bought 2 Potions","damage_taken":0,"max_hp_gain":0,"max_hp_loss":0,"event_name":"The Woman in Blue","floor":22,"gold_loss":0},{"damage_healed":0,"gold_gain":0,"player_choice":"Relic","damage_taken":0,"max_hp_gain":0,"max_hp_loss":0,"event_name":"Wheel of Change","floor":30,"gold_loss":0},{"damage_healed":0,"gold_gain":100,"player_choice":"Pray","damage_taken":0,"max_hp_gain":0,"max_hp_loss":0,"event_name":"Golden Shrine","floor":38,"gold_loss":0}],"is_beta":false,"boss_relics":[{"not_picked":["Black Star","Busted Crown"],"picked":"Snecko Eye"},{"not_picked":["Sozu","Calling Bell"],"picked":"Philosopher\u0027s Stone"}],"items_purged_floors":[10,47],"is_endless":false,"potions_floor_spawned":[3,8,12,13,14,16,18,19,20,21,23,25,28,31,33,35,36,37,40,42,44,45],"ascension_level":0}}