{"host":"hzinic87vu8p95wn","time":1610027718,"event":{"mods":["BaseMod","Minty Spire (QoL Compilation)"],"gold_per_floor":[113,113,113,125,68,99,99,132,132,145,106,106,118,132,132,204,254,254,254,254,100,117,117,143,143,223,243,243,254,271,271,271,271,271],"floor_reached":33,"playtime":1164,"items_purged":["Strike_R+1"],"score":523,"play_id":"13e443ff-110f-4f79-9ce7-7d4d55d2d80c","local_time":"20210108005518","is_ascension_mode":true,"campfire_choices":[{"floor":7.0,"key":"REST"},{"floor":12.0,"key":"REST"},{"data":"Rampage","floor":15.0,"key":"SMITH"},{"floor":23.0,"key":"REST"},{"floor":25.0,"key":"REST"},{"floor":32,"key":"REST"}],"circlet_count":0,"master_deck":["AscendersBane","Strike_R+1","Strike_R+1","Strike_R+1","Strike_R+1","Defend_R+1","Defend_R+1","Defend_R+1","Defend_R+1","Bash+1","Cleave+1","Whirlwind","Shrug It Off","Disarm","Twin Strike","Rampage+1","Inflame+1","Headbutt","Body Slam","Battle Trance","Anger","Demon Form+1","Rage+1"],"relics":["Burning Blood","Frozen Egg 2","Blood Vial","Letter Opener","White Beast Statue","Tiny House","Paper Frog","Meat on the Bone","MutagenicStrength"],"acts_visited":["Exordium","TheCity"],"potions_floor_usage":[30,30,33,33],"damage_taken":[{"damage":3.0,"enemies":"2 Louse","floor":1.0,"turns":4.0},{"damage":11.0,"enemies":"Small Slimes","floor":4.0,"turns":4.0},{"damage":32.0,"enemies":"3 Sentries","floor":6.0,"turns":7.0},{"damage":48.0,"enemies":"Gremlin Nob","floor":8.0,"turns":5.0},{"damage":1.0,"enemies":"Cultist","floor":10.0,"turns":4.0},{"damage":0.0,"enemies":"2 Fungi Beasts","floor":13.0,"turns":2.0},{"damage":10.0,"enemies":"Looter","floor":14.0,"turns":3.0},{"damage":44.0,"enemies":"The Guardian","floor":16.0,"turns":16.0},{"damage":0.0,"enemies":"2 Thieves","floor":18.0,"turns":1.0},{"damage":26.0,"enemies":"3 Byrds","floor":22.0,"turns":5.0},{"damage":50.0,"enemies":"Book of Stabbing","floor":24.0,"turns":6.0},{"damage":14.0,"enemies":"Snake Plant","floor":27.0,"turns":5.0},{"damage":65.0,"enemies":"Centurion and Healer","floor":29.0,"turns":7.0},{"damage":38,"enemies":"Snecko","floor":30,"turns":6},{"damage":60,"enemies":"Automaton","floor":33,"turns":6}],"seed_played":"-8179005631591189860","potions_obtained":[{"floor":8.0,"key":"Dexterity Potion"},{"floor":10.0,"key":"ElixirPotion"},{"floor":16.0,"key":"EssenceOfSteel"},{"floor":17.0,"key":"SmokeBomb"},{"floor":22.0,"key":"Strength Potion"},{"floor":24.0,"key":"Weak Potion"},{"floor":27.0,"key":"Weak Potion"},{"floor":29.0,"key":"SteroidPotion"},{"floor":30,"key":"EntropicBrew"}],"is_trial":false,"path_per_floor":["M","?","?","M","$","E","R","E","T","M","$","R","M","M","R","B",null,"M","?","?","$","M","R","E","R","T","M","?","M","M","?","R","B"],"character_chosen":"IRONCLAD","items_purchased":["Shrug It Off","Fire Breathing+1","Battle Trance"],"campfire_rested":5,"item_purchase_floors":[5,11,21],"current_hp_per_floor":[71,71,60,55,55,29,51,11,11,18,18,40,48,46,46,10,64,72,49,49,49,31,56,14,39,39,45,85,38,20,20,45,0,0],"gold":271,"neow_bonus":"UPGRADE_CARD","is_daily":false,"chose_seed":false,"campfire_upgraded":1,"win_rate":0.0,"timestamp":1610027718,"path_taken":["M","?","?","M","$","E","R","E","T","M","$","R","M","M","R","BOSS","M","?","?","$","M","R","E","R","T","M","?","?","M","?","R","BOSS"],"items_purchased_type":["Card","Card","Card"],"build_version":"2020-12-22","purchased_purges":1,"victory":false,"max_hp_per_floor":[75,75,75,75,75,75,75,75,75,75,75,75,75,75,75,75,80,80,85,85,85,85,85,85,85,85,85,85,85,85,85,85,85,85],"card_choices":[{"not_picked":["Warcry","Perfected Strike"],"picked":"Cleave","floor":1.0},{"not_picked":["Heavy Blade","Shrug It Off"],"picked":"Whirlwind","floor":4.0},{"not_picked":["Corruption+1","Iron Wave"],"picked":"Disarm","floor":6.0},{"not_picked":["Thunderclap","Corruption+1"],"picked":"Twin Strike","floor":8.0},{"not_picked":["Spot Weakness","Hemokinesis"],"picked":"Rampage","floor":10.0},{"not_picked":["Dropkick","Flex"],"picked":"Inflame+1","floor":13.0},{"not_picked":["Wild Strike","Thunderclap"],"picked":"Headbutt","floor":14.0},{"not_picked":["Shrug It Off","Reckless Charge"],"picked":"Body Slam","floor":17.0},{"not_picked":["Flex","Warcry"],"picked":"Anger","floor":22.0},{"not_picked":["Flame Barrier","Perfected Strike"],"picked":"Demon Form+1","floor":24.0},{"not_picked":["Twin Strike","Iron Wave","Warcry+1"],"picked":"SKIP","floor":27.0},{"not_picked":["Seeing Red","Flex+1"],"picked":"Rage+1","floor":29.0},{"not_picked":["Uppercut","Pommel Strike","Thunderclap"],"picked":"SKIP","floor":30}],"player_experience":1555252,"relics_obtained":[{"floor":6.0,"key":"Blood Vial"},{"floor":8.0,"key":"Letter Opener"},{"floor":9.0,"key":"White Beast Statue"},{"floor":24.0,"key":"Paper Frog"},{"floor":26.0,"key":"Meat on the Bone"}],"event_choices":[{"damage_healed":0.0,"max_hp_gain":0.0,"max_hp_loss":0.0,"gold_gain":0.0,"event_name":"Living Wall","player_choice":"Grow","floor":2.0,"gold_loss":0.0,"damage_taken":0.0,"cards_upgraded":["Cleave"]},{"damage_healed":0.0,"max_hp_gain":0.0,"max_hp_loss":0.0,"gold_gain":0.0,"event_name":"Scrap Ooze","player_choice":"Success","floor":3.0,"gold_loss":0.0,"damage_taken":11.0,"relics_obtained":["Frozen Egg 2"]},{"damage_healed":0.0,"max_hp_gain":5.0,"max_hp_loss":0.0,"gold_gain":0.0,"event_name":"Forgotten Altar","player_choice":"Shed Blood","floor":19.0,"gold_loss":0.0,"damage_taken":28.0},{"damage_healed":0.0,"max_hp_gain":0.0,"max_hp_loss":0.0,"gold_gain":0.0,"event_name":"Back to Basics","player_choice":"Simplicity","floor":20.0,"gold_loss":0.0,"damage_taken":0.0,"cards_upgraded":["Strike_R","Strike_R","Strike_R","Strike_R","Strike_R","Defend_R","Defend_R","Defend_R"]},{"cards_removed":["Fire Breathing"],"damage_healed":40.0,"max_hp_gain":0.0,"max_hp_loss":0.0,"gold_gain":0.0,"event_name":"Bonfire Elementals","player_choice":"Offered Uncommon","floor":28.0,"gold_loss":0.0,"damage_taken":0.0},{"damage_healed":0,"gold_gain":0,"player_choice":"Inject Mutagens","damage_taken":0,"relics_obtained":["MutagenicStrength"],"max_hp_gain":0,"max_hp_loss":0,"event_name":"Drug Dealer","floor":31,"gold_loss":0}],"is_beta":false,"boss_relics":[{"not_picked":["Snecko Eye","Astrolabe"],"picked":"Tiny House"}],"items_purged_floors":[21],"is_endless":false,"potions_floor_spawned":[8,10,13,14,16,18,22,24,27,29,30],"killed_by":"Automaton","ascension_level":18}}