{"host":"g01l53quoe6lrer0","time":1610030355,"event":{"mods":["2.2 Compatiblity","AchievementEnabler","BaseMod","Colored Map","Highlight Path","Keyboard Shortcuts","Minty Spire (QoL Compilation)","Permanent Neow","StSLib","SuperFastMode","everything is the same but u backflip on backflip"],"gold_per_floor":[110,126,51,68,87,116,116,134,159,172,72,72,83,95,95,195,195,212,87,101,113,113,113,133,133,133,161,161,11,11,28,28,130,130,140,140,140,140,150,175,206,218,281,293,130,163,163,173,173,173],"floor_reached":51,"playtime":1017,"items_purged":["Defend_P","Defend_P","Strike_P","Strike_P","Strike_P"],"score":1278,"play_id":"d1b3a0a8-2d92-40be-90fe-f21f423a3aba","local_time":"20210107233915","is_ascension_mode":true,"campfire_choices":[{"data":"Eruption","floor":7.0,"key":"SMITH"},{"floor":12.0,"key":"REST"},{"data":"Adaptation","floor":15.0,"key":"SMITH"},{"data":"FearNoEvil","floor":23.0,"key":"SMITH"},{"floor":28.0,"key":"REST"},{"floor":32.0,"key":"REST"},{"floor":44.0,"key":"REST"},{"data":"Strike_P","floor":49.0,"key":"SMITH"}],"circlet_count":0,"master_deck":["Strike_P+1","Eruption+1","FearNoEvil+1","Adaptation+1","EmptyBody+1"],"relics":["Runic Pyramid","Ice Cream","Vajra","Empty Cage","MutagenicStrength","Pear","Ancient Tea Set","Oddly Smooth Stone","VioletLotus","MawBank","Boot","Pantograph"],"acts_visited":["Exordium","TheCity","TheBeyond"],"potions_floor_usage":[50,50],"damage_taken":[{"damage":0.0,"enemies":"Cultist","floor":1.0,"turns":2.0},{"damage":0.0,"enemies":"Small Slimes","floor":2.0,"turns":3.0},{"damage":0.0,"enemies":"Jaw Worm","floor":4.0,"turns":2.0},{"damage":0.0,"enemies":"2 Fungi Beasts","floor":5.0,"turns":2.0},{"damage":22.0,"enemies":"Lagavulin","floor":6.0,"turns":5.0},{"damage":4.0,"enemies":"Exordium Thugs","floor":8.0,"turns":3.0},{"damage":3.0,"enemies":"Blue Slaver","floor":10.0,"turns":2.0},{"damage":0.0,"enemies":"Looter","floor":13.0,"turns":2.0},{"damage":0.0,"enemies":"Large Slime","floor":14.0,"turns":2.0},{"damage":0.0,"enemies":"Slime Boss","floor":16.0,"turns":5.0},{"damage":0.0,"enemies":"Spheric Guardian","floor":18.0,"turns":2.0},{"damage":4.0,"enemies":"Shell Parasite","floor":20.0,"turns":2.0},{"damage":6.0,"enemies":"Centurion and Healer","floor":21.0,"turns":2.0},{"damage":16.0,"enemies":"Snake Plant","floor":24.0,"turns":2.0},{"damage":26.0,"enemies":"Slavers","floor":27.0,"turns":2.0},{"damage":0.0,"enemies":"Snecko","floor":31.0,"turns":2.0},{"damage":0.0,"enemies":"Collector","floor":33.0,"turns":3.0},{"damage":0.0,"enemies":"3 Darklings","floor":35.0,"turns":1.0},{"damage":8.0,"enemies":"3 Shapes","floor":39.0,"turns":1.0},{"damage":0.0,"enemies":"Giant Head","floor":40.0,"turns":2.0},{"damage":8.0,"enemies":"Sphere and 2 Shapes","floor":41.0,"turns":1.0},{"damage":0.0,"enemies":"Reptomancer","floor":46.0,"turns":2.0},{"damage":0.0,"enemies":"Spire Growth","floor":48.0,"turns":2.0},{"damage":43,"enemies":"Time Eater","floor":50,"turns":7}],"seed_played":"-7850681466008484820","potions_obtained":[{"floor":1.0,"key":"BlessingOfTheForge"},{"floor":4.0,"key":"CultistPotion"},{"floor":5.0,"key":"BottledMiracle"},{"floor":10.0,"key":"Regen Potion"},{"floor":27.0,"key":"ColorlessPotion"},{"floor":40.0,"key":"FairyPotion"},{"floor":48.0,"key":"DuplicationPotion"}],"is_trial":false,"path_per_floor":["M","M","$","M","M","E","R","M","T","M","$","R","M","M","R","B",null,"M","$","M","M","?","R","M","?","T","E","R","$","?","M","R","B",null,"M","$","?","$","M","E","M","?","T","R","$","E","?","M","R","B",null],"character_chosen":"WATCHER","items_purchased":[],"campfire_rested":4,"item_purchase_floors":[],"current_hp_per_floor":[65,65,65,65,65,43,43,39,39,36,36,57,57,57,57,57,68,68,68,64,58,58,58,42,42,52,31,55,55,55,55,79,79,81,81,81,81,81,73,73,65,65,65,78,78,78,78,78,78,35],"gold":173,"neow_bonus":"BOSS_RELIC","is_daily":false,"chose_seed":false,"campfire_upgraded":4,"win_rate":0.0,"timestamp":1610030355,"path_taken":["M","M","$","M","M","E","R","M","T","?","$","R","M","M","R","BOSS","M","$","M","M","?","R","M","?","T","E","R","$","?","?","R","BOSS","M","$","?","$","M","E","?","?","T","R","$","E","?","M","R","BOSS"],"items_purchased_type":[],"build_version":"2020-12-22","purchased_purges":5,"victory":true,"max_hp_per_floor":[72,72,72,72,72,72,72,72,72,72,72,72,72,72,72,72,72,72,72,72,72,72,72,72,72,82,82,82,82,82,82,82,82,82,82,82,82,82,82,82,82,78,78,78,78,78,78,78,78,78],"card_choices":[{"not_picked":["Sanctity","EmptyFist"],"picked":"FearNoEvil","floor":1.0},{"not_picked":["ClearTheMind","FlyingSleeves","EmptyFist"],"picked":"SKIP","floor":2.0},{"not_picked":["FlurryOfBlows","SashWhip","EmptyBody"],"picked":"SKIP","floor":4.0},{"not_picked":["CutThroughFate","FlyingSleeves","EmptyFist"],"picked":"SKIP","floor":5.0},{"not_picked":["FlyingSleeves","Halt","TalkToTheHand"],"picked":"SKIP","floor":6.0},{"not_picked":["Swivel","SandsOfTime","FlyingSleeves"],"picked":"SKIP","floor":8.0},{"not_picked":["Evaluate","Perseverance","Crescendo"],"picked":"SKIP","floor":10.0},{"not_picked":["Fasting2","Conclude"],"picked":"Adaptation","floor":13.0},{"not_picked":["WheelKick","Weave","Sanctity"],"picked":"SKIP","floor":14.0},{"not_picked":["CrushJoints","Adaptation+1","ReachHeaven"],"picked":"SKIP","floor":18.0},{"not_picked":["ReachHeaven","WindmillStrike","SandsOfTime"],"picked":"SKIP","floor":20.0},{"not_picked":["Consecrate+1","Weave","ClearTheMind"],"picked":"SKIP","floor":21.0},{"not_picked":["SashWhip","CutThroughFate","DeceiveReality"],"picked":"SKIP","floor":24.0},{"not_picked":["Vault","BowlingBash","Evaluate"],"picked":"SKIP","floor":27.0},{"not_picked":["EmptyFist","Evaluate","CutThroughFate"],"picked":"SKIP","floor":31.0},{"not_picked":["PathToVictory","WheelKick+1","BowlingBash+1"],"picked":"SKIP","floor":35.0},{"not_picked":["CrushJoints+1","Consecrate","EmptyBody"],"picked":"SKIP","floor":39.0},{"not_picked":["Consecrate+1","Protect","Indignation"],"picked":"SKIP","floor":40.0},{"not_picked":["SashWhip+1","CrushJoints+1","Fasting2"],"picked":"SKIP","floor":41.0},{"not_picked":["FollowUp","WheelKick+1","FlyingSleeves"],"picked":"SKIP","floor":46.0},{"not_picked":["Pray+1","Crescendo+1"],"picked":"EmptyBody+1","floor":48.0}],"player_experience":64779,"relics_obtained":[{"floor":6.0,"key":"Ice Cream"},{"floor":9.0,"key":"Vajra"},{"floor":26.0,"key":"Pear"},{"floor":27.0,"key":"Ancient Tea Set"},{"floor":40.0,"key":"MawBank"},{"floor":43.0,"key":"Boot"},{"floor":46.0,"key":"Pantograph"}],"event_choices":[{"damage_healed":0.0,"max_hp_gain":0.0,"max_hp_loss":0.0,"gold_gain":0.0,"event_name":"Ghosts","player_choice":"Ignored","floor":22.0,"gold_loss":0.0,"damage_taken":0.0},{"damage_healed":0.0,"max_hp_gain":0.0,"max_hp_loss":0.0,"gold_gain":0.0,"event_name":"Drug Dealer","player_choice":"Inject Mutagens","floor":25.0,"gold_loss":0.0,"damage_taken":0.0,"relics_obtained":["MutagenicStrength"]},{"damage_healed":0.0,"max_hp_gain":0.0,"max_hp_loss":0.0,"gold_gain":0.0,"event_name":"The Mausoleum","player_choice":"Opened","floor":30.0,"gold_loss":0.0,"damage_taken":0.0,"relics_obtained":["Oddly Smooth Stone"]},{"damage_healed":0.0,"max_hp_gain":0.0,"max_hp_loss":0.0,"gold_gain":0.0,"event_name":"Duplicator","player_choice":"Ignored","floor":37.0,"gold_loss":0.0,"damage_taken":0.0},{"damage_healed":0.0,"max_hp_gain":0.0,"max_hp_loss":4.0,"gold_gain":0.0,"event_name":"Winding Halls","player_choice":"Max HP","floor":42.0,"gold_loss":0.0,"damage_taken":0.0},{"cards_removed":["Vigilance"],"damage_healed":0.0,"max_hp_gain":0.0,"max_hp_loss":0.0,"gold_gain":0.0,"event_name":"Falling","player_choice":"Removed Skill","floor":47.0,"gold_loss":0.0,"damage_taken":0.0}],"is_beta":false,"boss_relics":[{"not_picked":["Coffee Dripper","Black Star"],"picked":"Empty Cage"},{"not_picked":["SlaversCollar","Pandora\u0027s Box"],"picked":"VioletLotus"}],"items_purged_floors":[3,11,19,29,45],"is_endless":false,"potions_floor_spawned":[1,4,5,10,21,27,40,46,48],"ascension_level":6}}