{"host":"miejrq8yypas90n2","time":1610018139,"event":{"mods":["100% Spire Juice","Act Like it!","BaseMod","Colored Powertips","Gensokyo","Marisa£®ÏF”Í°°ƒß¿Ì…≥£©","Minty Spire (QoL Compilation)","StSLib","The Gatherer","The Poker Player","The Servant 0.9.4"],"gold_per_floor":[114,134,145,161,336,336,354,381,407,407,90,90,110,121,121,224,224,237,237,237,253,266,300,315,240,240,240,240,240,252,7,7,104,104,124,124,142,157,167,167,187,187,213,213,224,238,257,271,271,271],"floor_reached":51,"playtime":2796,"items_purged":["PokerPlayerMod:Diamond1"],"score":727,"play_id":"17a745f0-5a35-456a-8f5b-5a3104989e9d","local_time":"20210107191539","is_ascension_mode":false,"metric_token":726,"campfire_choices":[{"data":"PokerPlayerMod:Club4","floor":6.0,"key":"SMITH"},{"floor":10.0,"key":"REST"},{"data":"PokerPlayerMod:Club5","floor":12.0,"key":"SMITH"},{"data":"PokerPlayerMod:Club5","floor":15.0,"key":"SMITH"},{"data":"PokerPlayerMod:Heart2","floor":27.0,"key":"SMITH"},{"data":"PokerPlayerMod:DamnStraight","floor":29.0,"key":"SMITH"},{"data":"PokerPlayerMod:Spade6","floor":32.0,"key":"SMITH"},{"data":"PokerPlayerMod:ClubShade","floor":40,"key":"SMITH"},{"data":"PokerPlayerMod:Heart4","floor":44,"key":"SMITH"},{"floor":49,"key":"REST"}],"circlet_count":0,"master_deck":["PokerPlayerMod:Diamond6","PokerPlayerMod:Diamond4","PokerPlayerMod:Diamond5","PokerPlayerMod:Spade7","PokerPlayerMod:Spade4","PokerPlayerMod:Heart3","PokerPlayerMod:TrumpStrike","PokerPlayerMod:BadJoker+1","PokerPlayerMod:Mulligan","PokerPlayerMod:Club6","PokerPlayerMod:HiddenCard+1","PokerPlayerMod:Trickery","PokerPlayerMod:Diamond3","PokerPlayerMod:MagicTrick","PokerPlayerMod:CloakAndDiamond","PokerPlayerMod:Club6","PokerPlayerMod:Diamond10+","CurseOfTheBell","PokerPlayerMod:ClubStrike","PokerPlayerMod:Spade7","PokerPlayerMod:DamnStraight+1","PokerPlayerMod:VarietyAttack","PokerPlayerMod:JackOfSpades+1","PokerPlayerMod:Club10+","PokerPlayerMod:Diamond10+","Injury","PokerPlayerMod:Spade9","PokerPlayerMod:Spade10+","PokerPlayerMod:DartThrow+1","PokerPlayerMod:ClubShade+1","PokerPlayerMod:Heart5","PokerPlayerMod:WasteCollection","PokerPlayerMod:Raise+1","PokerPlayerMod:Spade9","PokerPlayerMod:Club10+","PokerPlayerMod:Diamond10+","PokerPlayerMod:SpadeStrike+1"],"relics":["PokerPlayerMod:DeckCase","NeowsBlessing","War Paint","Strawberry","Meat on the Bone","Calling Bell","Vajra","Kunai","Ice Cream","FaceOfCleric","Pen Nib","Pantograph","PokerPlayerMod:PenAndEraser","Astrolabe","Smiling Mask","PokerPlayerMod:FairLicense"],"acts_visited":["Exordium","TheCity","TheBeyond"],"potions_floor_usage":[41],"damage_taken":[{"damage":0.0,"enemies":"Cultist","floor":1.0,"turns":1.0},{"damage":0.0,"enemies":"2 Louse","floor":2.0,"turns":1.0},{"damage":0.0,"enemies":"Jaw Worm","floor":3.0,"turns":1.0},{"damage":7.0,"enemies":"Gremlin Gang","floor":4.0,"turns":3.0},{"damage":13.0,"enemies":"Blue Slaver","floor":7.0,"turns":5.0},{"damage":34.0,"enemies":"Lagavulin","floor":8.0,"turns":8.0},{"damage":0.0,"enemies":"Large Slime","floor":13.0,"turns":3.0},{"damage":4.0,"enemies":"Gremlin Gang","floor":14.0,"turns":2.0},{"damage":20.0,"enemies":"Slime Boss","floor":16.0,"turns":6.0},{"damage":13.0,"enemies":"Chosen","floor":18.0,"turns":5.0},{"damage":11.0,"enemies":"2 Thieves","floor":21.0,"turns":4.0},{"damage":0.0,"enemies":"Sentry and Sphere","floor":22.0,"turns":2.0},{"damage":14.0,"enemies":"Gremlin Leader","floor":23.0,"turns":7.0},{"damage":29.0,"enemies":"Centurion and Healer","floor":24.0,"turns":5.0},{"damage":6.0,"enemies":"3 Cultists","floor":30.0,"turns":3.0},{"damage":29.0,"enemies":"Collector","floor":33.0,"turns":8.0},{"damage":4.0,"enemies":"3 Darklings","floor":35.0,"turns":4.0},{"damage":0.0,"enemies":"3 Shapes","floor":37.0,"turns":3.0},{"damage":30,"enemies":"Jaw Worm Horde","floor":38,"turns":4},{"damage":0,"enemies":"3 Darklings","floor":39,"turns":2},{"damage":15,"enemies":"Spire Growth","floor":41,"turns":4},{"damage":0,"enemies":"Transient","floor":45,"turns":5},{"damage":22,"enemies":"Jaw Worm Horde","floor":46,"turns":5},{"damage":0,"enemies":"Sphere and 2 Shapes","floor":47,"turns":2},{"damage":42,"enemies":"Writhing Mass","floor":48,"turns":5},{"damage":34,"enemies":"Donu and Deca","floor":50,"turns":7}],"seed_played":"-8750344873185801374","potions_obtained":[{"floor":2.0,"key":"LiquidMemories"},{"floor":13.0,"key":"BlessingOfTheForge"},{"floor":14.0,"key":"PowerPotion"},{"floor":16.0,"key":"LiquidMemories"},{"floor":18.0,"key":"Strength Potion"},{"floor":35.0,"key":"Block Potion"},{"floor":41,"key":"Energy Potion"},{"floor":45,"key":"LiquidMemories"}],"is_trial":false,"path_per_floor":["M","M","M","M","?","R","M","E","T","R","$","R","M","M","R","B",null,"M","?","?","M","M","E","M","?","T","R","?","R","M","$","R","B",null,"M","?","M","M","M","R","M","T","T","R","M","M","M","M","R","B",null],"character_chosen":"THE_POKER_PLAYER","items_purchased":["Meat on the Bone","PokerPlayerMod:PenAndEraser","PokerPlayerMod:Club10+"],"campfire_rested":2,"item_purchase_floors":[11,31,31],"current_hp_per_floor":[52,52,52,45,45,45,34,2,9,26,26,26,40,36,36,30,59,48,48,48,40,43,36,22,22,22,22,22,22,32,32,32,44,65,65,65,66,37,38,38,40,40,40,40,47,38,54,25,47,46],"gold":271,"neow_bonus":"THREE_ENEMY_KILL","is_daily":false,"chose_seed":false,"campfire_upgraded":8,"win_rate":0.0,"timestamp":1610018139,"path_taken":["M","?","?","M","?","R","M","E","T","R","?","R","M","?","R","BOSS","BOSS","M","?","?","M","?","E","M","?","T","R","?","R","M","$","R","BOSS","M","?","M","M","?","R","M","?","T","R","?","M","?","M","R","BOSS"],"items_purchased_type":["Relic","Relic","Undefined"],"build_version":"2020-12-22","purchased_purges":1,"victory":true,"max_hp_per_floor":[52,52,52,52,52,52,52,52,59,59,59,59,59,59,59,59,59,59,59,59,60,61,62,63,63,63,63,63,63,64,64,64,65,65,66,66,67,68,69,69,70,70,70,70,71,72,73,74,74,75],"card_choices":[{"not_picked":["PokerPlayerMod:Diamond2","PokerPlayerMod:Club2"],"picked":"PokerPlayerMod:Club4","floor":1.0},{"not_picked":["PokerPlayerMod:Heart4","PokerPlayerMod:Diamond3","PokerPlayerMod:Club3"],"picked":"SKIP","floor":2.0},{"not_picked":["PokerPlayerMod:Harden","PokerPlayerMod:Club3"],"picked":"PokerPlayerMod:HiddenCard","floor":3.0},{"not_picked":["PokerPlayerMod:CardPrinter","PokerPlayerMod:DiamondStrike"],"picked":"PokerPlayerMod:Trickery","floor":4.0},{"not_picked":["PokerPlayerMod:Diamond2","PokerPlayerMod:Diamond1"],"picked":"PokerPlayerMod:Diamond3","floor":7.0},{"not_picked":["PokerPlayerMod:Diamond1","PokerPlayerMod:DiamondStrike"],"picked":"PokerPlayerMod:MagicTrick","floor":8.0},{"not_picked":["PokerPlayerMod:Spade5","PokerPlayerMod:DiamondStrike"],"picked":"PokerPlayerMod:CloakAndDiamond","floor":13.0},{"not_picked":["PokerPlayerMod:Diamond1","PokerPlayerMod:Spade2"],"picked":"PokerPlayerMod:Club5","floor":14.0},{"not_picked":["PokerPlayerMod:Spade8","PokerPlayerMod:Diamond8"],"picked":"PokerPlayerMod:Diamond10+","floor":16.0},{"not_picked":["PokerPlayerMod:Diamond2","PokerPlayerMod:Diamond4","PokerPlayerMod:Spade1"],"picked":"SKIP","floor":18.0},{"not_picked":["PokerPlayerMod:Diamond2","PokerPlayerMod:Diamond4","PokerPlayerMod:Spade1"],"picked":"SKIP","floor":18.0},{"not_picked":["PokerPlayerMod:Diamond4","PokerPlayerMod:Diamond2","PokerPlayerMod:Diamond1"],"picked":"SKIP","floor":21.0},{"not_picked":["PokerPlayerMod:ClubDance","PokerPlayerMod:Diamond1"],"picked":"PokerPlayerMod:Extraction","floor":22.0},{"not_picked":["PokerPlayerMod:Heart1","PokerPlayerMod:CloakAndDiamond"],"picked":"PokerPlayerMod:ClubStrike","floor":23.0},{"not_picked":["PokerPlayerMod:Manipulation","PokerPlayerMod:Diamond1"],"picked":"PokerPlayerMod:Spade7","floor":24.0},{"not_picked":["PokerPlayerMod:Manipulation","PokerPlayerMod:Fold"],"picked":"PokerPlayerMod:JackOfSpades+1","floor":30.0},{"not_picked":["PokerPlayerMod:Diamond9","PokerPlayerMod:ChangeRules"],"picked":"PokerPlayerMod:Diamond10+","floor":33.0},{"not_picked":["PokerPlayerMod:CloakAndDiamond+1","PokerPlayerMod:ClubShade+1"],"picked":"PokerPlayerMod:DartThrow+1","floor":35.0},{"not_picked":["PokerPlayerMod:ClubsClub","PokerPlayerMod:CloakAndDiamond"],"picked":"PokerPlayerMod:Heart4","floor":37.0},{"not_picked":["PokerPlayerMod:Fold+1","PokerPlayerMod:Heart4"],"picked":"PokerPlayerMod:WasteCollection","floor":38},{"not_picked":["PokerPlayerMod:ClubsClub+1","PokerPlayerMod:SpadeStrike"],"picked":"PokerPlayerMod:Raise+1","floor":39},{"not_picked":["PokerPlayerMod:Spade1","PokerPlayerMod:Spade4"],"picked":"PokerPlayerMod:Spade9","floor":41},{"not_picked":["PokerPlayerMod:Diamond1","PokerPlayerMod:Diamond7","PokerPlayerMod:Diamond2"],"picked":"SKIP","floor":45},{"not_picked":["PokerPlayerMod:SpadeStrike+1","PokerPlayerMod:Diamond1"],"picked":"PokerPlayerMod:Club10+","floor":46},{"not_picked":["PokerPlayerMod:Diamond4","PokerPlayerMod:Club6"],"picked":"PokerPlayerMod:Diamond10+","floor":47},{"not_picked":["PokerPlayerMod:Spade3","PokerPlayerMod:ClubStrike+1"],"picked":"PokerPlayerMod:SpadeStrike+1","floor":48}],"player_experience":204223,"relics_obtained":[{"floor":8.0,"key":"War Paint"},{"floor":9.0,"key":"Strawberry"},{"floor":17.0,"key":"Vajra"},{"floor":17.0,"key":"Kunai"},{"floor":17.0,"key":"Ice Cream"},{"floor":23.0,"key":"Pen Nib"},{"floor":26.0,"key":"Pantograph"},{"floor":42,"key":"Smiling Mask"},{"floor":43,"key":"PokerPlayerMod:FairLicense"}],"event_choices":[{"damage_healed":0.0,"max_hp_gain":0.0,"max_hp_loss":0.0,"gold_gain":175.0,"event_name":"Liars Game","player_choice":"AGREE","floor":5.0,"gold_loss":0.0,"damage_taken":0.0,"cards_obtained":["Doubt"]},{"damage_healed":0.0,"max_hp_gain":0.0,"max_hp_loss":0.0,"gold_gain":0.0,"event_name":"The Mausoleum","player_choice":"Ignored","floor":19.0,"gold_loss":0.0,"damage_taken":0.0},{"damage_healed":0.0,"max_hp_gain":0.0,"max_hp_loss":0.0,"gold_gain":0.0,"event_name":"FaceTrader","player_choice":"Trade","floor":20.0,"gold_loss":0.0,"damage_taken":0.0,"relics_obtained":["FaceOfCleric"]},{"cards_removed":["PokerPlayerMod:Club1"],"damage_healed":0.0,"max_hp_gain":0.0,"max_hp_loss":0.0,"gold_gain":0.0,"event_name":"Beggar","player_choice":"Gave Gold","floor":25.0,"gold_loss":75.0,"damage_taken":0.0},{"damage_healed":0.0,"max_hp_gain":0.0,"max_hp_loss":0.0,"gold_gain":0.0,"cards_transformed":["PokerPlayerMod:Spade1","PokerPlayerMod:Spade2"],"event_name":"Drug Dealer","player_choice":"Became Test Subject","floor":28.0,"gold_loss":0.0,"damage_taken":0.0,"cards_obtained":["PokerPlayerMod:DamnStraight","PokerPlayerMod:VarietyAttack"]},{"damage_healed":0.0,"max_hp_gain":0.0,"max_hp_loss":0.0,"gold_gain":0.0,"cards_transformed":["PokerPlayerMod:Extraction"],"event_name":"Transmorgrifier","player_choice":"Transformed","floor":36.0,"gold_loss":0.0,"damage_taken":0.0,"cards_obtained":["PokerPlayerMod:ClubShade"]}],"is_beta":false,"boss_relics":[{"not_picked":["Coffee Dripper","Velvet Choker"],"picked":"Calling Bell"},{"not_picked":["Tiny House","SacredBark"],"picked":"Astrolabe"}],"items_purged_floors":[11],"is_endless":false,"potions_floor_spawned":[2,13,14,16,18,23,35,37,41,45],"ascension_level":0}}