{"host":"873t0y8ybyo38pfq","time":1610055936,"event":{"mods":["BaseMod","Bestiary","Colored Map","Colored Powertips","Highlight Path","Minty Spire (QoL Compilation)","Quick Restart","RNG Fix","Rare Cards Sparkle","Relic Stats","StSLib"],"gold_per_floor":[15,27,45,56,56,56,67,67,67,83,158,158,189,189,189,265,265,280,280,280,36,36,36,67,67,91,117,137,172,172,183,183,261,261,280,297,314,326,375,400,400,400],"floor_reached":41,"playtime":2005,"items_purged":["Strike_B"],"score":1162,"play_id":"d309ad4f-b955-40e9-869f-f28f63f02d3e","local_time":"20210107164536","is_ascension_mode":true,"campfire_choices":[{"data":"Sunder","floor":6,"key":"SMITH"},{"data":"Buffer","floor":8,"key":"SMITH"},{"floor":12,"key":"REST"},{"floor":15,"key":"REST"},{"floor":23,"key":"REST"},{"data":"Echo Form","floor":25,"key":"SMITH"},{"floor":30,"key":"REST"},{"data":"Machine Learning","floor":32,"key":"SMITH"}],"circlet_count":0,"master_deck":["AscendersBane","Defend_B","Defend_B","Defend_B","Defend_B","Zap","Dualcast","Buffer+1","Chaos","Tempest","Melter+1","Sunder+1","Turbo","Undo","Machine Learning+1","Meteor Strike+1","Glacier","Echo Form+1","Capacitor+1","Defragment+1","Reinforced Body","Creative AI+1","Capacitor+1","Conserve Battery","Pain","Rainbow"],"relics":["Cracked Core","WingedGreaves","Mercury Hourglass","White Beast Statue","Bronze Scales","Snecko Eye","ClockworkSouvenir","Regal Pillow","Toy Ornithopter","Frozen Egg 2","Blood Vial","Cursed Key","Whetstone"],"acts_visited":["TheCity","TheBeyond"],"potions_floor_usage":[13,13,16,24,27,29,31,33,35,40,41],"damage_taken":[{"damage":1,"enemies":"Cultist","floor":1,"turns":4},{"damage":8,"enemies":"2 Louse","floor":2,"turns":3},{"damage":0,"enemies":"Jaw Worm","floor":3,"turns":3},{"damage":10,"enemies":"2 Fungi Beasts","floor":4,"turns":3},{"damage":11,"enemies":"Looter","floor":7,"turns":2},{"damage":0,"enemies":"Large Slime","floor":10,"turns":4},{"damage":11,"enemies":"Gremlin Nob","floor":13,"turns":3},{"damage":0,"enemies":"Slime Boss","floor":16,"turns":8},{"damage":12,"enemies":"2 Thieves","floor":18,"turns":3},{"damage":0,"enemies":"Gremlin Leader","floor":24,"turns":5},{"damage":37,"enemies":"Slavers","floor":27,"turns":5},{"damage":0,"enemies":"Chosen","floor":28,"turns":2},{"damage":0,"enemies":"Gremlin Leader","floor":29,"turns":4},{"damage":17,"enemies":"Shelled Parasite and Fungi","floor":31,"turns":3},{"damage":8,"enemies":"Automaton","floor":33,"turns":9},{"damage":21,"enemies":"3 Darklings","floor":35,"turns":4},{"damage":0,"enemies":"Orb Walker","floor":36,"turns":5},{"damage":0,"enemies":"Transient","floor":37,"turns":6},{"damage":0,"enemies":"Spire Growth","floor":38,"turns":5},{"damage":20,"enemies":"Giant Head","floor":40,"turns":6},{"damage":82,"enemies":"4 Shapes","floor":41,"turns":3}],"seed_played":"-7158425127187428229","potions_obtained":[{"floor":7,"key":"SkillPotion"},{"floor":10,"key":"Fire Potion"},{"floor":13,"key":"Swift Potion"},{"floor":16,"key":"Fire Potion"},{"floor":18,"key":"PotionOfCapacity"},{"floor":24,"key":"FearPotion"},{"floor":27,"key":"Ancient Potion"},{"floor":28,"key":"FocusPotion"},{"floor":29,"key":"Energy Potion"},{"floor":31,"key":"Dexterity Potion"},{"floor":33,"key":"Energy Potion"},{"floor":35,"key":"Explosive Potion"},{"floor":36,"key":"Energy Potion"},{"floor":37,"key":"SneckoOil"},{"floor":38,"key":"FocusPotion"},{"floor":40,"key":"FearPotion"}],"is_trial":false,"path_per_floor":["M","M","M","M","T","R","M","R","T","M","?","R","E","?","R","B",null,"M","?","?","$","?","R","E","R","T","E","M","E","R","M","R","B",null,"M","M","M","M","T","E","M"],"character_chosen":"DEFECT","items_purchased":["ClockworkSouvenir"],"campfire_rested":4,"item_purchase_floors":[21],"current_hp_per_floor":[63,55,55,45,45,45,34,34,34,34,23,44,33,22,43,43,64,52,32,32,32,32,54,54,54,54,22,22,27,64,54,54,53,70,56,58,60,62,62,49,0,0],"gold":400,"neow_bonus":"TRANSFORM_TWO_CARDS","is_daily":false,"chose_seed":false,"campfire_upgraded":4,"win_rate":0.0,"timestamp":1610055936,"path_taken":["M","M","M","M","?","R","?","R","T","?","?","R","E","?","R","BOSS","M","?","?","$","?","R","E","R","T","E","M","E","R","M","R","BOSS","M","M","M","?","?","E","M"],"items_purchased_type":["Relic"],"build_version":"2020-12-22","purchased_purges":1,"victory":false,"max_hp_per_floor":[71,71,71,71,71,71,71,71,71,71,71,71,71,71,71,71,71,71,76,76,76,76,76,76,76,76,76,76,76,76,76,76,76,76,76,76,76,76,76,76,76,76],"relic_stats":{"Blood Vial":16,"Regal Pillow":15,"counters":[21,89],"Bronze Scales":[173],"Snecko Eye":[101,117,95,83],"Whetstone":["Melter"],"Cursed Key":1,"obtain_stats":[{"Regal Pillow":24,"Whetstone":40,"Frozen Egg 2":27,"Cursed Key":34,"White Beast Statue":13,"Mercury Hourglass":9,"ClockworkSouvenir":21,"Blood Vial":29,"Bronze Scales":14,"Snecko Eye":17,"WingedGreaves":5,"Cracked Core":0,"Toy Ornithopter":26},{"Regal Pillow":10,"Whetstone":20,"Frozen Egg 2":11,"Cursed Key":15,"White Beast Statue":7,"Mercury Hourglass":5,"ClockworkSouvenir":9,"Blood Vial":13,"Bronze Scales":7,"Snecko Eye":8,"WingedGreaves":4,"Cracked Core":0,"Toy Ornithopter":10},{"Regal Pillow":37,"Whetstone":86,"Frozen Egg 2":42,"Cursed Key":60,"White Beast Statue":22,"Mercury Hourglass":15,"ClockworkSouvenir":32,"Blood Vial":48,"Bronze Scales":22,"Snecko Eye":29,"WingedGreaves":13,"Cracked Core":0,"Toy Ornithopter":37}],"Toy Ornithopter":35,"Mercury Hourglass":[351]},"card_choices":[{"not_picked":["Storm","Chill"],"picked":"Tempest","floor":1},{"not_picked":["Leap","Streamline"],"picked":"Melter","floor":2},{"not_picked":["Double Energy","Barrage"],"picked":"Sunder","floor":3},{"not_picked":["Beam Cell","White Noise"],"picked":"Turbo","floor":4},{"not_picked":["Barrage","Steam","Heatsinks"],"picked":"SKIP","floor":7},{"not_picked":["Coolheaded","Beam Cell"],"picked":"Undo","floor":10},{"not_picked":["Storm","Force Field"],"picked":"Machine Learning","floor":13},{"not_picked":["All For One","Reboot"],"picked":"Meteor Strike","floor":16},{"not_picked":["Compile Driver","Static Discharge","Streamline"],"picked":"SKIP","floor":18},{"not_picked":["Storm","Hologram"],"picked":"Echo Form","floor":24},{"not_picked":["Seek","Gash"],"picked":"Capacitor+1","floor":27},{"not_picked":["Stack","Go for the Eyes","Blizzard"],"picked":"SKIP","floor":28},{"not_picked":["Self Repair+1","Beam Cell+1"],"picked":"Defragment+1","floor":29},{"not_picked":["Scrape","Compile Driver+1"],"picked":"Reinforced Body","floor":31},{"not_picked":["Biased Cognition+1","Core Surge"],"picked":"Creative AI+1","floor":33},{"not_picked":["Steam","Genetic Algorithm"],"picked":"Capacitor+1","floor":35},{"not_picked":["Coolheaded","Stack"],"picked":"Conserve Battery","floor":36},{"not_picked":["Steam Power+1","Cold Snap","Sweeping Beam"],"picked":"SKIP","floor":37},{"not_picked":["Rebound","Stack+1","Streamline"],"picked":"SKIP","floor":38},{"not_picked":["Sweeping Beam","Force Field+1"],"picked":"Rainbow","floor":40}],"player_experience":1539999,"relics_obtained":[{"floor":5,"key":"WingedGreaves"},{"floor":9,"key":"Mercury Hourglass"},{"floor":13,"key":"White Beast Statue"},{"floor":24,"key":"Regal Pillow"},{"floor":26,"key":"Toy Ornithopter"},{"floor":27,"key":"Frozen Egg 2"},{"floor":29,"key":"Blood Vial"},{"floor":40,"key":"Whetstone"}],"event_choices":[{"damage_healed":0,"gold_gain":75,"player_choice":"Gather Gold","damage_taken":11,"max_hp_gain":0,"max_hp_loss":0,"event_name":"World of Goop","floor":11,"gold_loss":0},{"damage_healed":0,"gold_gain":0,"player_choice":"Success","damage_taken":11,"relics_obtained":["Bronze Scales"],"max_hp_gain":0,"max_hp_loss":0,"event_name":"Scrap Ooze","floor":14,"gold_loss":0},{"damage_healed":0,"gold_gain":0,"player_choice":"Shed Blood","damage_taken":25,"max_hp_gain":5,"max_hp_loss":0,"event_name":"Forgotten Altar","floor":19,"gold_loss":0},{"damage_healed":0,"gold_gain":0,"player_choice":"Upgraded","damage_taken":0,"max_hp_gain":0,"max_hp_loss":0,"event_name":"Upgrade Shrine","floor":20,"gold_loss":0,"cards_upgraded":["Meteor Strike"]},{"damage_healed":0,"gold_gain":0,"cards_transformed":["Strike_B"],"player_choice":"Transformed","damage_taken":0,"max_hp_gain":0,"max_hp_loss":0,"event_name":"Transmorgrifier","floor":22,"gold_loss":0,"cards_obtained":["Glacier"]}],"is_beta":false,"boss_relics":[{"not_picked":["Astrolabe","Sozu"],"picked":"Snecko Eye"},{"not_picked":["Philosopher\u0027s Stone","Runic Dome"],"picked":"Cursed Key"}],"items_purged_floors":[21],"is_endless":false,"potions_floor_spawned":[7,10,13,16,18,24,27,28,29,31,33,35,36,37,38,40],"killed_by":"4 Shapes","ascension_level":20}}