{"host":"xshq2rhao6qj608z","time":1610052863,"event":{"mods":["AchievementEnabler","BaseMod","BetterRewards","Block Reminder","Colored Powertips","Downfall","Energized Spire","Highlight Path","Infinite Spire","Minty Spire (QoL Compilation)","Quick Restart","Rare Cards Sparkle","Replay The Spire","StSLib","The Blue Laboratory","The Jungle"],"gold_per_floor":[215,215,233,1,1,176,176,208,233,233,233,158,182,223,223,354,354,378,394,444,564,580,620,641,641,641,641,681,705,630,671,671,671,671],"floor_reached":33,"playtime":2050,"items_purged":["Doubt"],"score":358,"play_id":"3f632ba3-38a1-4ae7-844a-e3369c47634a","local_time":"20210107235423","is_ascension_mode":true,"campfire_choices":[{"floor":7,"key":"REST"},{"floor":11,"key":"REST"},{"data":"ReplayRNGCard","floor":15,"key":"SMITH"},{"floor":25,"key":"REST"},{"floor":27,"key":"REST"},{"floor":32,"key":"DIG"}],"circlet_count":0,"master_deck":["Strike_B","Strike_B","Strike_B","Strike_B","Defend_B","Defend_B+1","Defend_B","Defend_B","Zap+1","Dualcast+1","BootSequence","Redo","Sweeping Beam+1","Gash","infinitespire:FinalStrike","Steam Power","Conserve Battery","ReplayRNGCard+1","ReplayTheSpireMod:Omega Cannon","Darkness","Beam Cell","Gash","Seek","Fusion+1","Guardian:Aged","Consume+1"],"relics":["Cracked Core","Pet Ghost","Ancient Tea Set","War Paint","Golden Idol","Regal Pillow","energizedSpire:NeverEndingSparkler","ReplayTheSpireMod:Ring of Exchange","Ring of Greed","The Courier","Tiny Chest","infinitespire:Satchel","Calipers","ReplayTheSpireMod:TigerMarble","Nunchaku","Bag of Preparation","MealTicket"],"acts_visited":["Exordium","TheCity"],"potions_floor_usage":[14,16,22,31,33],"damage_taken":[{"damage":8,"enemies":"2 Louse","floor":1,"turns":3},{"damage":7,"enemies":"Small Slimes","floor":3,"turns":3},{"damage":20,"enemies":"Lagavulin","floor":8,"turns":4},{"damage":0,"enemies":"Jaw Worm","floor":13,"turns":1},{"damage":7,"enemies":"Gremlin Nob","floor":14,"turns":3},{"damage":29,"enemies":"Fading Forest","floor":16,"turns":11},{"damage":0,"enemies":"Spheric Guardian","floor":18,"turns":3},{"damage":0,"enemies":"Chosen","floor":19,"turns":3},{"damage":23,"enemies":"Snake Plant","floor":22,"turns":4},{"damage":43,"enemies":"Gremlin Leader","floor":23,"turns":8},{"damage":0,"enemies":"Snecko","floor":24,"turns":3},{"damage":8,"enemies":"Slavers","floor":28,"turns":4},{"damage":8,"enemies":"Centurion and Healer","floor":29,"turns":3},{"damage":49,"enemies":"Book of Stabbing","floor":31,"turns":7},{"damage":23,"enemies":"Champ","floor":33,"turns":6}],"seed_played":"3497997513741521606","potions_obtained":[{"floor":3,"key":"Fire Potion"},{"floor":13,"key":"champ:CounterPotion"},{"floor":18,"key":"blueLaboratory:Moonshine"},{"floor":29,"key":"blueLaboratory:StoneskinPotion"},{"floor":31,"key":"blueLaboratory:BottleOfVodka"}],"is_trial":false,"path_per_floor":["M","?","M","$","?","?","R","E","T","?","R","$","M","E","R","B",null,"M","M","?","?","M","E","M","R","T","R","E","M","?","E","R","B"],"character_chosen":"DEFECT","items_purchased":["Pet Ghost","Sweeping Beam+1","Gash"],"campfire_rested":4,"item_purchase_floors":[4,4,4],"current_hp_per_floor":[67,67,60,60,41,41,63,43,43,25,47,47,47,40,40,15,75,75,75,75,75,52,9,9,46,46,75,67,59,59,10,10,0,0],"gold":671,"neow_bonus":"HUNDRED_GOLD","is_daily":false,"chose_seed":false,"campfire_upgraded":1,"win_rate":0.0,"timestamp":1610052863,"path_taken":["M","?","M","$","?","?","R","E","T","?","R","?","M","E","R","BOSS","M","M","?","?","M","E","M","R","T","R","E","?","?","E","R","BOSS"],"items_purchased_type":["Relic","Card","Card"],"build_version":"2020-12-22","purchased_purges":1,"victory":false,"max_hp_per_floor":[75,75,75,75,75,75,75,75,75,75,75,75,75,75,75,75,75,75,75,75,75,75,75,75,75,75,75,75,75,75,75,75,75,75],"card_choices":[{"not_picked":["BasicCrystalCard","Crystallizer"],"picked":"BootSequence","floor":1},{"not_picked":["BasicCrystalCard","Chill"],"picked":"Redo","floor":3},{"not_picked":["infinitespire:DeathsTouch","infinitespire:SealOfDarkness+"],"picked":"infinitespire:FinalStrike","floor":5},{"not_picked":["Steam","ReplayGash"],"picked":"Steam Power","floor":8},{"not_picked":["Turbo","Panic Button"],"picked":"Conserve Battery","floor":13},{"not_picked":["Turbo","BootSequence"],"picked":"ReplayRNGCard","floor":14},{"not_picked":["Fission","ReplayRNGCard"],"picked":"ReplayTheSpireMod:Omega Cannon","floor":16},{"not_picked":["BootSequence","Panic Button","Time Bomb"],"picked":"SKIP","floor":18},{"not_picked":["Stack","BasicCrystalCard","Sunder"],"picked":"SKIP","floor":19},{"not_picked":["Fusion","Leap"],"picked":"Darkness","floor":21},{"not_picked":["Steam","Cold Snap"],"picked":"Beam Cell","floor":22},{"not_picked":["Turbo+1","Self Repair"],"picked":"Gash","floor":23},{"not_picked":["Barrage","Rebound+1"],"picked":"Seek","floor":24},{"not_picked":["Compile Driver","Rebound"],"picked":"Fusion+1","floor":28},{"not_picked":["Conserve Battery","Steam"],"picked":"Consume+1","floor":29},{"not_picked":["Hologram","Blizzard","Reinforced Body"],"picked":"SKIP","floor":31}],"player_experience":230642,"relics_obtained":[{"floor":8,"key":"Ancient Tea Set"},{"floor":9,"key":"War Paint"},{"floor":14,"key":"Regal Pillow"},{"floor":20,"key":"ReplayTheSpireMod:Ring of Exchange"},{"floor":20,"key":"Ring of Greed"},{"floor":20,"key":"The Courier"},{"floor":20,"key":"Tiny Chest"},{"floor":21,"key":"infinitespire:Satchel"},{"floor":23,"key":"Calipers"},{"floor":26,"key":"ReplayTheSpireMod:TigerMarble"},{"floor":28,"key":"Nunchaku"},{"floor":31,"key":"Bag of Preparation"},{"floor":32,"key":"MealTicket"}],"event_choices":[{"damage_healed":0,"gold_gain":0,"player_choice":"Grow","damage_taken":0,"max_hp_gain":0,"max_hp_loss":0,"event_name":"Living Wall","floor":2,"gold_loss":0,"cards_upgraded":["Zap"]},{"damage_healed":0,"gold_gain":175,"player_choice":"AGREE","damage_taken":0,"max_hp_gain":0,"max_hp_loss":0,"event_name":"Liars Game","floor":6,"gold_loss":0,"cards_obtained":["Doubt"]},{"damage_healed":0,"gold_gain":0,"player_choice":"Take Damage","damage_taken":18,"relics_obtained":["Golden Idol"],"max_hp_gain":0,"max_hp_loss":0,"event_name":"Golden Idol","floor":10,"gold_loss":0},{"cards_removed":["Replay:Hysterical Blindness"],"damage_healed":0,"gold_gain":0,"player_choice":"Gave Gold","damage_taken":0,"max_hp_gain":0,"max_hp_loss":0,"event_name":"Beggar","floor":30,"gold_loss":75}],"is_beta":false,"boss_relics":[{"not_picked":["Painkiller Herb","Runic Dome"],"picked":"energizedSpire:NeverEndingSparkler"}],"items_purged_floors":[12],"is_endless":false,"potions_floor_spawned":[3,13,18,29,31],"killed_by":"Champ","ascension_level":3}}