{"host":"mzux6mbdh1dk0tma","time":1610036403,"event":{"mods":["BaseMod","Block Reminder","Colored Map","Downfall","Evolution","GungeonMod","Highlight Path","Minty Spire (QoL Compilation)","Replay The Spire","Shop Mod","StSLib","The Cursed","The Servant 0.9.4"],"gold_per_floor":[112,128,128,128,142,182,195,230,230,127,170,188,188,209,209,333,333,346,346,360,10,34,72,93,93,93,93,116,0,0,14,14,134,134,154,86,4,4,4,28,84,84,107,107,107,140,140,161,200,218,218,218,218,218,33,69,69],"floor_reached":58,"playtime":4335,"items_purged":[],"score":1457,"play_id":"19d74181-209b-4179-a0a3-0b23ad2865fd","local_time":"20210107112003","is_ascension_mode":false,"campfire_choices":[{"floor":15,"key":"RECALL"},{"data":"TheCursedMod:VoidForm","floor":25,"key":"SMITH"},{"floor":27,"key":"REST"},{"floor":30,"key":"REST"},{"data":"TheCursedMod:LuckyCharm","floor":32,"key":"SMITH"},{"data":"TheCursedMod:Hemoplague","floor":42,"key":"SMITH"},{"floor":44,"key":"REST"},{"data":"TheCursedMod:OutForBlood","floor":51,"key":"SMITH"},{"data":"TheCursedMod:Hemoplague","floor":54,"key":"SMITH"}],"circlet_count":0,"master_deck":["TheCursedMod:CursedBlade","TheCursedMod:CursedBlade","TheCursedMod:CursedBlade","TheCursedMod:CursedBlade","TheCursedMod:WearCloak","TheCursedMod:WearCloak","TheCursedMod:WearCloak","TheCursedMod:WearCloak","TheCursedMod:CursedWand","TheCursedMod:CleanUpWorkshop","TheCursedMod:Dregs","TheCursedMod:RapidMovement","TheCursedMod:Torture","Injury","TheCursedMod:SurpriseAttack","TheCursedMod:OutForBlood+1","TheCursedMod:CursedShiv","TheCursedMod:HellsGateOpen","TheCursedMod:Hemoplague+1","TheCursedMod:CircleOfCorruption+1","TheCursedMod:Grudge","TheCursedMod:RapidMovement","TheCursedMod:SoulReap","TheCursedMod:VoidForm+1","TheCursedMod:CursedShiv","TheCursedMod:CircleOfFlame","TheCursedMod:LuckyCharm+1","TheCursedMod:CursedBlade","TheCursedMod:SpitefulStrike+1","TheCursedMod:ReleasedStrength","TheCursedMod:Torture+1","Pain","TheCursedMod:CursedStaff","TheCursedMod:Hemoplague+1","TheCursedMod:CursedBlade","TheCursedMod:CursedBlade","TheCursedMod:Obscuration+1","TheCursedMod:ShockAndAwe","TheCursedMod:TroublousMinions","TheCursedMod:CursedBlade","TheCursedMod:TacticalStrike","TheCursedMod:SpreadPlague","TheCursedMod:CursedShiv","TheCursedMod:Stigma","Replay:Hysterical Blindness","Clumsy","TheCursedMod:Mangle+1","Specialist","TheCursedMod:AbyssShockwave+1","TheCursedMod:CollectTribute","TheCursedMod:SpitefulPlan","TheCursedMod:WearCloak+1","TheCursedMod:HellfireBreathing","TheCursedMod:LuckyCharm"],"relics":["TheCursedMod:BlackMagic101","EVO:Axolotl","NeowsBlessing","Golden Idol","PreservedInsect","MealTicket","DemoMod:BlueGuonStone","Cursed Key","Divine Protection","DemoMod:MeltedRock","Ice Cream","SlaversCollar","Replay:PocketPolymizer","Replay:Mystery Machine","Anchor","Pocketwatch","Replay:Rubber Ducky","Bottled Tornado"],"acts_visited":["Exordium","TheCity","TheBeyond","TheEnding"],"potions_floor_usage":[33,33,41,57,57,57],"damage_taken":[{"damage":0,"enemies":"Cultist","floor":1,"turns":1},{"damage":0,"enemies":"Small Slimes","floor":2,"turns":1},{"damage":0,"enemies":"Jaw Worm","floor":5,"turns":1},{"damage":21,"enemies":"Gremlin Nob","floor":6,"turns":5},{"damage":0,"enemies":"Blue Slaver","floor":7,"turns":3},{"damage":0,"enemies":"3 Sentries","floor":8,"turns":6},{"damage":0,"enemies":"Lagavulin","floor":11,"turns":3},{"damage":7,"enemies":"Looter","floor":12,"turns":3},{"damage":0,"enemies":"Exordium Thugs","floor":14,"turns":2},{"damage":3,"enemies":"Fading Forest","floor":16,"turns":11},{"damage":0,"enemies":"Spheric Guardian","floor":18,"turns":3},{"damage":4,"enemies":"Chosen","floor":20,"turns":2},{"damage":9,"enemies":"Sentry and Sphere","floor":22,"turns":5},{"damage":17,"enemies":"Gremlin Leader","floor":23,"turns":4},{"damage":5,"enemies":"Chosen and Byrds","floor":24,"turns":4},{"damage":0,"enemies":"Centurion and Healer","floor":28,"turns":2},{"damage":0,"enemies":"3 Cultists","floor":31,"turns":3},{"damage":35,"enemies":"Collector","floor":33,"turns":7},{"damage":21,"enemies":"3 Darklings","floor":35,"turns":3},{"damage":0,"enemies":"Orb Walker","floor":40,"turns":2},{"damage":10,"enemies":"2 Orb Walkers","floor":41,"turns":4},{"damage":0,"enemies":"Nemesis","floor":46,"turns":3},{"damage":5,"enemies":"Writhing Mass","floor":48,"turns":3},{"damage":3,"enemies":"Reptomancer","floor":49,"turns":3},{"damage":0,"enemies":"Spire Growth","floor":50,"turns":3},{"damage":12,"enemies":"Time Eater","floor":52,"turns":8},{"damage":1,"enemies":"Shield and Spear","floor":56,"turns":3},{"damage":33,"enemies":"The Heart","floor":57,"turns":5}],"seed_played":"-7412462624698125327","potions_obtained":[{"floor":1,"key":"Toxic Potion"},{"floor":7,"key":"Block Potion"},{"floor":11,"key":"Elixir"},{"floor":13,"key":"Strength Potion"},{"floor":35,"key":"Explosive Potion"},{"floor":46,"key":"Weak Potion"}],"is_trial":false,"path_per_floor":["M","M","?","?","M","E","M","E","T","$","E","M","?","M","R","B",null,"M","?","M","$","M","E","M","R","T","R","M","$","R","M","R","B",null,"M","$","$","PTL","PTL","M","?","R","T","R","T","E","?","M","E","M","R","B",null,"R","$","E","B",null],"character_chosen":"THE_CURSED","items_purchased":["TheCursedMod:Hemoplague","TheCursedMod:CircleOfCorruption+1","TheCursedMod:LuckyCharm","Divine Protection","TheCursedMod:CursedBlade","TheCursedMod:Hemoplague","TheCursedMod:CursedBlade","TheCursedMod:CursedBlade","TheCursedMod:TacticalStrike","TheCursedMod:HellfireBreathing","TheCursedMod:WearCloak+1","TheCursedMod:HellfireBreathing","DistilledChaos"],"campfire_rested":3,"item_purchase_floors":[10,10,21,21,21,29,29,36,36,37,55,55,55],"current_hp_per_floor":[75,75,75,75,75,54,54,54,54,69,69,62,62,62,62,64,75,75,75,72,75,68,51,58,58,58,75,75,75,75,75,75,40,75,54,69,75,75,75,75,67,67,67,75,75,75,75,70,72,72,72,63,75,75,75,74,42],"gold":69,"neow_bonus":"THREE_ENEMY_KILL","is_daily":false,"chose_seed":false,"campfire_upgraded":5,"win_rate":0.0,"timestamp":1610036403,"path_taken":["M","M","?","?","M","E","M","E","T","$","E","M","?","M","R","BOSS","M","?","M","$","M","E","M","R","T","R","M","$","R","M","R","BOSS","M","?","$","PTL","PTL","M","?","R","?","R","T","E","?","M","E","M","R","BOSS","R","$","E","BOSS"],"items_purchased_type":["Card","Card","Card","Relic","Card","Card","Card","Card","Card","Card","Card","Card","Potion"],"build_version":"2020-12-22","purchased_purges":0,"victory":true,"max_hp_per_floor":[75,75,75,75,75,75,75,75,75,75,75,75,75,75,75,75,75,75,75,75,75,75,75,75,75,75,75,75,75,75,75,75,75,75,75,75,75,75,75,75,75,75,75,75,75,75,75,75,75,75,75,75,75,75,75,75,75],"card_choices":[{"not_picked":["TheCursedMod:Wield","TheCursedMod:CursedMace"],"picked":"TheCursedMod:RapidMovement","floor":1},{"not_picked":["TheCursedMod:VitalStrike","TheCursedMod:SmokeScreen"],"picked":"TheCursedMod:Torture","floor":2},{"not_picked":["TheCursedMod:RavingStaff","TheCursedMod:SoulReap"],"picked":"TheCursedMod:SurpriseAttack","floor":5},{"not_picked":["TheCursedMod:VitalStrike","TheCursedMod:Evocation"],"picked":"TheCursedMod:OutForBlood","floor":6},{"not_picked":["TheCursedMod:SpitefulPray","TheCursedMod:SurpriseAttack"],"picked":"TheCursedMod:CursedShiv","floor":7},{"not_picked":["TheCursedMod:EmpowerCircles","TheCursedMod:SpreadPlague"],"picked":"TheCursedMod:HellsGateOpen","floor":8},{"not_picked":["TheCursedMod:CursedBlade","TheCursedMod:CircleOfCorruption"],"picked":"TheCursedMod:Grudge","floor":11},{"not_picked":["TheCursedMod:BloodBarrier","TheCursedMod:CursedMace"],"picked":"TheCursedMod:RapidMovement","floor":12},{"not_picked":["TheCursedMod:CircleOfFlame","TheCursedMod:CursedBlade"],"picked":"TheCursedMod:SoulReap","floor":14},{"not_picked":["TheCursedMod:DemonicPact","TheCursedMod:OutForBlood"],"picked":"TheCursedMod:VoidForm","floor":16},{"not_picked":["TheCursedMod:TacticalStrike","TheCursedMod:AbyssShockwave"],"picked":"TheCursedMod:CursedShiv","floor":18},{"not_picked":["TheCursedMod:CircleOfWindfury","TheCursedMod:RapidMovement"],"picked":"TheCursedMod:CircleOfFlame","floor":20},{"not_picked":["TheCursedMod:RapidMovement","TheCursedMod:CircleOfFlame+1"],"picked":"TheCursedMod:SpitefulStrike+1","floor":22},{"not_picked":["TheCursedMod:Stigma","TheCursedMod:Stretching"],"picked":"TheCursedMod:ReleasedStrength","floor":23},{"not_picked":["TheCursedMod:Evocation","TheCursedMod:Stretching+1"],"picked":"TheCursedMod:Torture+1","floor":24},{"not_picked":["TheCursedMod:SoulCrush","TheCursedMod:PrepareRite"],"picked":"TheCursedMod:CursedStaff","floor":28},{"not_picked":["TheCursedMod:CircleOfAmplification+1","TheCursedMod:CircleOfCorruption"],"picked":"TheCursedMod:Obscuration+1","floor":31},{"not_picked":["TheCursedMod:AntiAging","TheCursedMod:StunningStrike"],"picked":"TheCursedMod:ShockAndAwe","floor":33},{"not_picked":["TheCursedMod:SaltUponWound+1","TheCursedMod:Wield+1"],"picked":"TheCursedMod:TroublousMinions","floor":35},{"not_picked":["TheCursedMod:FleshFromBone+1","TheCursedMod:CursedMace"],"picked":"TheCursedMod:SpreadPlague","floor":40},{"not_picked":["TheCursedMod:SmokeScreen","TheCursedMod:Grudge"],"picked":"TheCursedMod:CursedShiv","floor":41},{"not_picked":["TheCursedMod:CursedRelics","TheCursedMod:RapidMovement"],"picked":"TheCursedMod:Mangle+1","floor":46},{"not_picked":["Magnetism","expansioncontent:SlimeTackle"],"picked":"Specialist","floor":47},{"not_picked":["TheCursedMod:SaltUponWound","TheCursedMod:SoulCrush"],"picked":"TheCursedMod:AbyssShockwave+1","floor":48},{"not_picked":["TheCursedMod:WearCloak+1","TheCursedMod:Wield"],"picked":"TheCursedMod:CollectTribute","floor":49},{"not_picked":["TheCursedMod:CursedBlade+1","TheCursedMod:PrepareRite"],"picked":"TheCursedMod:SpitefulPlan","floor":50},{"not_picked":["TheCursedMod:Stretching","TheCursedMod:RavingStaff"],"picked":"TheCursedMod:LuckyCharm","floor":56}],"player_experience":63382,"relics_obtained":[{"floor":6,"key":"PreservedInsect"},{"floor":8,"key":"MealTicket"},{"floor":11,"key":"DemoMod:BlueGuonStone"},{"floor":23,"key":"DemoMod:MeltedRock"},{"floor":26,"key":"Ice Cream"},{"floor":41,"key":"Replay:PocketPolymizer"},{"floor":43,"key":"Replay:Mystery Machine"},{"floor":45,"key":"Anchor"},{"floor":46,"key":"Pocketwatch"},{"floor":49,"key":"Replay:Rubber Ducky"},{"floor":56,"key":"Bottled Tornado"}],"event_choices":[{"damage_healed":0,"gold_gain":0,"player_choice":"Take Wound","damage_taken":0,"relics_obtained":["Golden Idol"],"max_hp_gain":0,"max_hp_loss":0,"event_name":"Golden Idol","floor":4,"gold_loss":0,"cards_obtained":["Injury"]},{"damage_healed":0,"gold_gain":0,"player_choice":"Got Potions","damage_taken":0,"max_hp_gain":0,"max_hp_loss":0,"event_name":"Lab","floor":13,"gold_loss":0},{"damage_healed":0,"gold_gain":0,"player_choice":"Ignored","damage_taken":0,"max_hp_gain":0,"max_hp_loss":0,"event_name":"Purifier","floor":19,"gold_loss":0},{"damage_healed":0,"gold_gain":0,"player_choice":"Fight","damage_taken":0,"max_hp_gain":0,"max_hp_loss":0,"event_name":"Mysterious Sphere","floor":41,"gold_loss":0},{"damage_healed":0,"gold_gain":0,"player_choice":"Memory 1","damage_taken":0,"max_hp_gain":0,"max_hp_loss":0,"event_name":"SensoryStone","floor":47,"gold_loss":0}],"is_beta":false,"boss_relics":[{"not_picked":["Ectoplasm","Ring of Chaos"],"picked":"Cursed Key"},{"not_picked":["Sozu","Empty Cage"],"picked":"SlaversCollar"}],"items_purged_floors":[],"is_endless":false,"potions_floor_spawned":[1,7,11,22,23,28,35,46],"ascension_level":0}}