{"host":"f1yp41yk4w46r4xn","time":1610059952,"event":{"mods":["AchievementEnabler","Act Like it!","BaseMod","BetterRewards","Block Reminder","Conspire","Downfall","GifTheSpireLib","Highlight Path","Hubris","Infinite Spire","Jedi Mod","Minty Spire (QoL Compilation)","Pale of the Ancients","Replay The Spire","StSLib","Stuff the Spire"],"gold_per_floor":[99,118,138,138,253,266,266,266,266,295,295,312,330,6,6,6,6,6],"floor_reached":16,"playtime":1132,"items_purged":["Looming Evil"],"score":104,"play_id":"ea95a027-ba27-4955-b092-917c028334c7","local_time":"20210107205232","is_ascension_mode":false,"campfire_choices":[{"floor":1.0,"key":"DIG"},{"data":"hubris:InfiniteBlow+1","floor":9.0,"key":"SMITH"}],"circlet_count":0,"master_deck":["hexamod:Strike","hexamod:Strike","hexamod:Strike","hexamod:Strike","hexamod:Defend","hexamod:Defend","hexamod:Defend","hexamod:Defend","hexamod:Sear","hexamod:Float","hexamod:HauntingEcho","hexamod:RetreatToShadows","hexamod:RadiantFlame","hexamod:EmpoweredFlame","hubris:InfiniteBlow+3","hexamod:RainOfEmbers","hexamod:ChargedBarrage","hexamod:Hexaguard","hexamod:HauntingEcho","Replay:SS_fish_2"],"relics":["hexamod:SpiritBrand","hubris:CuriousFeather","StuffTheSpire:Gunfinga","hubris:Icosahedron","hubris:DeckOfHolding","StuffTheSpire:EmeraldSignet","Ring of Hypnosis","Ring of Fury","Dream Catcher"],"acts_visited":["Exordium"],"potions_floor_usage":[15],"damage_taken":[{"damage":0.0,"enemies":"Jaw Worm","floor":2.0,"turns":3.0},{"damage":3.0,"enemies":"2 Louse","floor":3.0,"turns":2.0},{"damage":0.0,"enemies":"Small Slimes","floor":5.0,"turns":2.0},{"damage":2.0,"enemies":"Blue Slaver","floor":6.0,"turns":4.0},{"damage":11.0,"enemies":"Replay:BlueRogue","floor":10.0,"turns":5.0},{"damage":5.0,"enemies":"3 Louse","floor":12.0,"turns":3.0},{"damage":21.0,"enemies":"Red Slaver","floor":13.0,"turns":4.0},{"damage":16.0,"enemies":"downfall:FleeingMerchant","floor":14.0,"turns":5.0},{"damage":0,"enemies":"Lots of Slimes","floor":15,"turns":1},{"damage":30,"enemies":"downfall:Defect","floor":16,"turns":4}],"seed_played":"-4695188417552042521","potions_obtained":[{"floor":5.0,"key":"Explosive Potion"},{"floor":12.0,"key":"Flashbang"}],"is_trial":false,"path_per_floor":["R","M","M","?","M","M","T","?","R","E","?","M","M","$","M","B"],"character_chosen":"THE_SPIRIT","items_purchased":["Replay:SS_fish_2","Dream Catcher"],"campfire_rested":0,"item_purchase_floors":[14,14],"current_hp_per_floor":[49,49,46,46,46,68,68,51,51,40,40,35,14,21,21,0,0,0],"gold":6,"neow_bonus":"ONE_RARE_RELIC","is_daily":false,"chose_seed":false,"campfire_upgraded":1,"win_rate":0.0,"timestamp":1610059952,"path_taken":["R","M","M","?","M","M","T","?","R","E","?","?","M","$","M","BOSS"],"items_purchased_type":["Card","Relic"],"build_version":"2020-12-22","purchased_purges":1,"victory":false,"max_hp_per_floor":[70,70,70,70,70,70,70,70,70,70,70,70,70,70,70,70,70,70],"card_choices":[{"not_picked":["hexamod:BacktrackSmack","hexamod:HeatMetal"],"picked":"hexamod:HauntingEcho","floor":2.0},{"not_picked":["hexamod:ThermalTransfer","hexamod:GhostLash"],"picked":"hexamod:RetreatToShadows","floor":3.0},{"not_picked":["hexamod:ShieldOfDarkness","hexamod:FlamesFromBeyond"],"picked":"hexamod:RadiantFlame","floor":5.0},{"not_picked":["hexamod:Firestarter","hexamod:FourthSeal"],"picked":"hexamod:EmpoweredFlame","floor":6.0},{"not_picked":["infinitespire:Collect","Replay:Fractal Strike"],"picked":"hubris:InfiniteBlow+1","floor":8.0},{"not_picked":["hexamod:GhostShield","hexamod:SixthSeal"],"picked":"hexamod:RainOfEmbers","floor":10.0},{"not_picked":["hexamod:RainOfEmbers","hexamod:Haunt"],"picked":"hexamod:ChargedBarrage","floor":12.0},{"not_picked":["hexamod:RainOfEmbers","hexamod:GhostOfSpirePresent"],"picked":"hexamod:Hexaguard","floor":13.0},{"not_picked":["hexamod:HeatCrush","hexamod:ThermalTransfer"],"picked":"hexamod:HauntingEcho","floor":14.0}],"player_experience":202665,"relics_obtained":[{"floor":1.0,"key":"StuffTheSpire:Gunfinga"},{"floor":7.0,"key":"hubris:DeckOfHolding"},{"floor":10.0,"key":"StuffTheSpire:EmeraldSignet"},{"floor":11.0,"key":"Ring of Hypnosis"},{"floor":11.0,"key":"Ring of Fury"}],"event_choices":[],"is_beta":false,"boss_relics":[],"items_purged_floors":[14],"is_endless":false,"potions_floor_spawned":[5,12,15],"killed_by":"downfall:Defect","ascension_level":0}}