{"host":"6cjsh2hjzszjl3p1","time":1610041779,"event":{"mods":["BaseMod","Colored Map","Downfall","Hermit","Minty Spire (QoL Compilation)","Replay The Spire","StSLib"],"gold_per_floor":[117,63,82,99,19,54,69,69,94,105,105,105,105,105],"floor_reached":13,"playtime":789,"items_purged":[],"score":85,"play_id":"92469dd6-66d6-4648-9c82-3f6cc76d9bdb","local_time":"20210108014939","is_ascension_mode":false,"campfire_choices":[{"floor":8,"key":"RECALL"}],"circlet_count":0,"master_deck":["hermit:Strike_Hermit","hermit:Strike_Hermit","hermit:Strike_Hermit","hermit:Strike_Hermit","hermit:Defend_Hermit","hermit:Defend_Hermit","hermit:Defend_Hermit","hermit:Defend_Hermit","hermit:Snapshot","hermit:Covet","hermit:Snipe","hermit:Determination","hermit:Determination","hermit:BodyArmor","hermit:Grudge","hermit:GoldenBullet","hermit:Roulette","hermit:Quickdraw","hermit:Manifest"],"relics":["hermit:Momento","NeowsBlessing","Bronze Scales","Potion Belt"],"acts_visited":["Exordium"],"potions_floor_usage":[],"damage_taken":[{"damage":0,"enemies":"Cultist","floor":1,"turns":1},{"damage":0,"enemies":"Jaw Worm","floor":3,"turns":1},{"damage":0,"enemies":"Small Slimes","floor":4,"turns":2},{"damage":39,"enemies":"3 Sentries","floor":6,"turns":12},{"damage":12,"enemies":"Exordium Wildlife","floor":7,"turns":5},{"damage":5,"enemies":"Exordium Thugs","floor":10,"turns":4},{"damage":27,"enemies":"Lagavulin","floor":13,"turns":5}],"seed_played":"2166075204091459117","potions_obtained":[{"floor":4,"key":"Ancient Potion"},{"floor":10,"key":"Explosive Potion"}],"is_trial":false,"path_per_floor":["M","$","M","M","$","E","M","R","T","M","PTL","PTL","E"],"character_chosen":"HERMIT","items_purchased":["hermit:Determination","hermit:GoldenBullet"],"campfire_rested":0,"item_purchase_floors":[2,5],"current_hp_per_floor":[75,75,75,75,75,36,24,24,24,19,19,19,0,0],"gold":105,"neow_bonus":"THREE_ENEMY_KILL","is_daily":false,"chose_seed":false,"campfire_upgraded":0,"win_rate":0.0,"timestamp":1610041779,"path_taken":["M","?","M","?","$","E","M","R","T","M","PTL","PTL","E"],"items_purchased_type":["Card","Card"],"build_version":"2020-12-22","purchased_purges":0,"victory":false,"max_hp_per_floor":[75,75,75,75,75,75,75,75,75,75,75,75,75,75],"card_choices":[{"not_picked":["hermit:Desperado","hermit:CursedWeapon"],"picked":"hermit:Snipe","floor":1},{"not_picked":["hermit:Enervate","hermit:Midnight"],"picked":"hermit:BodyArmor","floor":3},{"not_picked":["hermit:Feint","hermit:Ricochet"],"picked":"hermit:Grudge","floor":4},{"not_picked":["hermit:Brawl","hermit:NoHoldsBarred"],"picked":"hermit:Roulette","floor":6},{"not_picked":["hermit:SprayPray","hermit:GhostlyPresence"],"picked":"hermit:Quickdraw","floor":7},{"not_picked":["hermit:Midnight","hermit:Coalescence"],"picked":"hermit:Manifest","floor":10}],"player_experience":123370,"relics_obtained":[{"floor":6,"key":"Bronze Scales"},{"floor":9,"key":"Potion Belt"}],"event_choices":[],"is_beta":false,"boss_relics":[],"items_purged_floors":[],"is_endless":false,"potions_floor_spawned":[4,10],"killed_by":"Lagavulin","ascension_level":0}}