{"host":"hgkb2zpbo2dcws21","time":1610029650,"event":{"mods":["AchievementEnabler","BaseMod","Colored Map","Colored Powertips","Custom Start","DeckTracker","KOR Keyword Fix","Minty Spire (QoL Compilation)","Relic Stats","StSLib","SuperFastMode"],"gold_per_floor":[112,112,122,35,35,35,67,67,90,108,122,122,156,7,7,80,80,96,96,116,116,130,130,130,130],"floor_reached":24,"playtime":343,"items_purged":["Strike_R"],"score":458,"play_id":"66af22b9-4316-478d-a5ee-502acfb446ad","local_time":"20210107232730","is_ascension_mode":true,"campfire_choices":[{"data":"Dark Embrace","floor":6,"key":"SMITH"},{"data":"Spot Weakness","floor":8,"key":"SMITH"},{"data":"Fire Breathing","floor":12,"key":"SMITH"},{"data":"Offering","floor":15,"key":"SMITH"},{"data":"Evolve","floor":23,"key":"SMITH"}],"circlet_count":0,"master_deck":["AscendersBane","Strike_R","Strike_R","Strike_R","Strike_R","Defend_R","Defend_R+1","Defend_R","Defend_R","Bash","Pommel Strike+1","Wild Strike","Dark Embrace+1","Spot Weakness+1","Evolve+1","Fire Breathing+1","Shrug It Off","Offering+1","Juggernaut","Shrug It Off","Pain"],"relics":["Burning Blood","NeowsBlessing","StoneCalendar","Happy Flower","Anchor","White Beast Statue","Mark of Pain","WarpedTongs"],"acts_visited":["Exordium","TheCity"],"potions_floor_usage":[22,24],"damage_taken":[{"damage":0,"enemies":"Jaw Worm","floor":1,"turns":1},{"damage":0,"enemies":"Small Slimes","floor":3,"turns":1},{"damage":0,"enemies":"Gremlin Nob","floor":7,"turns":1},{"damage":0,"enemies":"2 Louse","floor":10,"turns":3},{"damage":9,"enemies":"Red Slaver","floor":11,"turns":3},{"damage":22,"enemies":"3 Sentries","floor":13,"turns":4},{"damage":23,"enemies":"Hexaghost","floor":16,"turns":7},{"damage":13,"enemies":"2 Thieves","floor":18,"turns":2},{"damage":6,"enemies":"Chosen","floor":20,"turns":3},{"damage":38,"enemies":"Centurion and Healer","floor":22,"turns":5},{"damage":36,"enemies":"Slavers","floor":24,"turns":3}],"seed_played":"5829991457992441525","potions_obtained":[{"floor":7,"key":"ColorlessPotion"},{"floor":13,"key":"GamblersBrew"},{"floor":18,"key":"Block Potion"},{"floor":20,"key":"BloodPotion"},{"floor":22,"key":"Energy Potion"}],"is_trial":false,"path_per_floor":["M","?","M","$","?","R","E","R","T","M","M","R","E","$","R","B",null,"M","$","M","?","M","R","E"],"character_chosen":"IRONCLAD","items_purchased":["Dark Embrace","Offering"],"campfire_rested":0,"item_purchase_floors":[4,14],"current_hp_per_floor":[74,56,62,62,39,39,45,45,45,51,48,48,32,32,32,15,60,53,53,53,53,36,36,0,0],"gold":130,"neow_bonus":"THREE_ENEMY_KILL","is_daily":false,"chose_seed":false,"campfire_upgraded":5,"win_rate":0.0,"timestamp":1610029650,"path_taken":["M","?","M","$","?","R","E","R","T","M","M","R","E","$","R","BOSS","M","$","M","?","?","R","E"],"items_purchased_type":["Card","Card"],"build_version":"2020-12-22","purchased_purges":1,"victory":false,"max_hp_per_floor":[75,75,75,75,75,75,75,75,75,75,75,75,75,75,75,75,75,75,75,75,75,75,75,75,75],"relic_stats":{"Happy Flower":[10],"counters":[11,33],"StoneCalendar":[0],"obtain_stats":[{"Anchor":9,"NeowsBlessing":0,"Happy Flower":7,"StoneCalendar":2,"Mark of Pain":17,"Burning Blood":0,"White Beast Statue":13,"WarpedTongs":21},{"Anchor":3,"NeowsBlessing":0,"Happy Flower":3,"StoneCalendar":1,"Mark of Pain":7,"Burning Blood":0,"White Beast Statue":6,"WarpedTongs":9},{"Anchor":3,"NeowsBlessing":0,"Happy Flower":3,"StoneCalendar":1,"Mark of Pain":20,"Burning Blood":0,"White Beast Statue":13,"WarpedTongs":25}],"Burning Blood":60,"WarpedTongs":[8]},"card_choices":[{"not_picked":["Armaments","Dual Wield"],"picked":"Pommel Strike","floor":1},{"not_picked":["Feel No Pain","Clothesline"],"picked":"Wild Strike","floor":3},{"not_picked":["Exhume","Body Slam"],"picked":"Spot Weakness","floor":7},{"not_picked":["True Grit","Thunderclap"],"picked":"Evolve","floor":10},{"not_picked":["Intimidate","Combust"],"picked":"Fire Breathing","floor":11},{"not_picked":["Perfected Strike","Headbutt"],"picked":"Shrug It Off","floor":13},{"not_picked":["Fiend Fire","Feed"],"picked":"Juggernaut","floor":16},{"not_picked":["Flex","Rupture","Wild Strike"],"picked":"SKIP","floor":18},{"not_picked":["Wild Strike+1","Anger"],"picked":"Shrug It Off","floor":20},{"not_picked":["Limit Break","Whirlwind","Clash"],"picked":"SKIP","floor":22}],"player_experience":1133529,"relics_obtained":[{"floor":7,"key":"Happy Flower"},{"floor":9,"key":"Anchor"},{"floor":13,"key":"White Beast Statue"}],"event_choices":[{"damage_healed":0,"gold_gain":0,"player_choice":"Success","damage_taken":18,"relics_obtained":["StoneCalendar"],"max_hp_gain":0,"max_hp_loss":0,"event_name":"Scrap Ooze","floor":2,"gold_loss":0},{"damage_healed":0,"gold_gain":0,"player_choice":"Entered Light","damage_taken":23,"max_hp_gain":0,"max_hp_loss":0,"event_name":"Shining Light","floor":5,"gold_loss":0,"cards_upgraded":["Defend_R","Pommel Strike"]},{"damage_healed":0,"gold_gain":0,"player_choice":"Rummage","damage_taken":0,"relics_obtained":["WarpedTongs"],"max_hp_gain":0,"max_hp_loss":0,"event_name":"Accursed Blacksmith","floor":21,"gold_loss":0,"cards_obtained":["Pain"]}],"is_beta":false,"boss_relics":[{"not_picked":["Astrolabe","Runic Dome"],"picked":"Mark of Pain"}],"items_purged_floors":[14],"is_endless":false,"potions_floor_spawned":[7,13,16,18,20,22],"killed_by":"Slavers","ascension_level":20}}