{"host":"9vecvdjkx64cw9bo","time":1610017639,"event":{"mods":["Ascension Unlocker","BaseMod","Custom Start","Keyboard Shortcuts","Minty Spire (QoL Compilation)","Quick Restart","StSLib","SuperFastMode"],"gold_per_floor":[119,194,194,344,344,344,375,246,246,286,286,96,115,128,128,221,221,240,240,155,30,30,300,300,319,329,329,341,341,341],"floor_reached":29,"playtime":453,"items_purged":["Strike_B","Strike_B","Strike_B"],"score":488,"play_id":"bda17ead-dbb5-46e9-bb71-4a4824189453","local_time":"20210107200719","is_ascension_mode":true,"campfire_choices":[{"data":"Zap","floor":6.0,"key":"SMITH"},{"data":"Coolheaded","floor":11.0,"key":"SMITH"},{"data":"Darkness","floor":15.0,"key":"SMITH"},{"floor":24.0,"key":"REST"}],"circlet_count":0,"master_deck":["AscendersBane","Strike_B","Defend_B","Defend_B","Defend_B","Defend_B","Zap+1","Dualcast","Turbo","Conserve Battery","Gash","Coolheaded+1","Darkness+1","Echo Form","Hologram"],"relics":["Cracked Core","NeowsBlessing","Bloody Idol","Odd Mushroom","Blue Candle","Mercury Hourglass","Cursed Key","Potion Belt"],"acts_visited":["Exordium","TheCity"],"potions_floor_usage":[26,28],"damage_taken":[{"damage":0.0,"enemies":"Small Slimes","floor":1.0,"turns":1.0},{"damage":0.0,"enemies":"The Mushroom Lair","floor":7.0,"turns":1.0},{"damage":0.0,"enemies":"Gremlin Nob","floor":10.0,"turns":1.0},{"damage":0.0,"enemies":"Jaw Worm","floor":13.0,"turns":4.0},{"damage":0.0,"enemies":"2 Louse","floor":14.0,"turns":1.0},{"damage":15.0,"enemies":"Hexaghost","floor":16.0,"turns":9.0},{"damage":22.0,"enemies":"2 Thieves","floor":18.0,"turns":4.0},{"damage":16.0,"enemies":"Shell Parasite","floor":25.0,"turns":5.0},{"damage":29,"enemies":"Centurion and Healer","floor":26,"turns":7},{"damage":2,"enemies":"Snecko","floor":28,"turns":5},{"damage":24,"enemies":"3 Cultists","floor":29,"turns":5}],"seed_played":"1380855991176841573","potions_obtained":[{"floor":10.0,"key":"PotionOfCapacity"},{"floor":13.0,"key":"Strength Potion"},{"floor":18.0,"key":"Swift Potion"},{"floor":26,"key":"Regen Potion"}],"is_trial":false,"path_per_floor":["M","?","?","?","?","R","?","$","T","E","R","$","M","M","R","B",null,"M","?","?","$","$","?","R","M","M","T","M","M"],"character_chosen":"DEFECT","items_purchased":["Gash","Darkness"],"campfire_rested":1,"item_purchase_floors":[8,12],"current_hp_per_floor":[64,53,29,29,22,22,22,22,22,22,22,22,22,22,22,7,55,33,33,33,33,33,21,42,31,7,7,24,0,0],"gold":341,"neow_bonus":"THREE_ENEMY_KILL","is_daily":false,"chose_seed":false,"campfire_upgraded":3,"win_rate":0.0,"timestamp":1610017639,"path_taken":["M","?","?","?","?","R","?","$","T","E","R","$","M","M","R","BOSS","M","?","?","$","$","?","R","?","M","T","M","M"],"items_purchased_type":["Card","Card"],"build_version":"2020-12-22","purchased_purges":3,"victory":false,"max_hp_per_floor":[71,71,71,71,71,71,71,71,71,71,71,71,71,71,71,71,71,71,71,71,71,71,71,71,71,71,71,71,71,71],"card_choices":[{"not_picked":["Stack","Steam Power"],"picked":"Turbo","floor":1.0},{"not_picked":["Stack","Tempest"],"picked":"Conserve Battery","floor":7.0},{"not_picked":["Beam Cell","Redo"],"picked":"Coolheaded","floor":10.0},{"not_picked":["Tempest","Rebound","Conserve Battery"],"picked":"SKIP","floor":13.0},{"not_picked":["Conserve Battery","Heatsinks","Ball Lightning"],"picked":"SKIP","floor":14.0},{"not_picked":["Hyperbeam","Seek"],"picked":"Echo Form","floor":16.0},{"not_picked":["Steam","Ball Lightning","Conserve Battery+1"],"picked":"SKIP","floor":18.0},{"not_picked":["Turbo","Scrape+1","Beam Cell"],"picked":"SKIP","floor":25.0},{"not_picked":["Melter","Scrape","Storm"],"picked":"SKIP","floor":26},{"not_picked":["Barrage","Sweeping Beam"],"picked":"Hologram","floor":28}],"player_experience":781453,"relics_obtained":[{"floor":7.0,"key":"Odd Mushroom"},{"floor":9.0,"key":"Blue Candle"},{"floor":10.0,"key":"Mercury Hourglass"}],"event_choices":[{"damage_healed":0.0,"max_hp_gain":0.0,"max_hp_loss":0.0,"gold_gain":75.0,"event_name":"World of Goop","player_choice":"Gather Gold","floor":2.0,"gold_loss":0.0,"damage_taken":11.0},{"damage_healed":0.0,"max_hp_gain":0.0,"max_hp_loss":0.0,"gold_gain":0.0,"event_name":"Golden Idol","player_choice":"Take Damage","floor":3.0,"gold_loss":0.0,"damage_taken":24.0,"relics_obtained":["Golden Idol"]},{"damage_healed":0.0,"max_hp_gain":0.0,"max_hp_loss":0.0,"gold_gain":150.0,"event_name":"Liars Game","player_choice":"AGREE","floor":4.0,"gold_loss":0.0,"damage_taken":0.0,"cards_obtained":["Doubt"]},{"cards_removed":["Doubt"],"damage_healed":0.0,"max_hp_gain":0.0,"max_hp_loss":0.0,"gold_gain":0.0,"event_name":"Golden Wing","player_choice":"Card Removal","floor":5.0,"gold_loss":0.0,"damage_taken":7.0},{"damage_healed":0.0,"max_hp_gain":0.0,"max_hp_loss":0.0,"gold_gain":0.0,"event_name":"Mushrooms","player_choice":"Fought Mushrooms","floor":7.0,"gold_loss":0.0,"damage_taken":0.0},{"damage_healed":0.0,"max_hp_gain":0.0,"max_hp_loss":0.0,"gold_gain":0.0,"event_name":"Forgotten Altar","player_choice":"Gave Idol","floor":19.0,"relics_lost":["Golden Idol"],"gold_loss":0.0,"damage_taken":0.0,"relics_obtained":["Bloody Idol"]},{"damage_healed":0.0,"max_hp_gain":0.0,"max_hp_loss":0.0,"gold_gain":0.0,"event_name":"Addict","player_choice":"Obtained Relic","floor":20.0,"gold_loss":85.0,"damage_taken":0.0,"relics_obtained":["Potion Belt"]},{"damage_healed":0.0,"max_hp_gain":0.0,"max_hp_loss":0.0,"gold_gain":270.0,"event_name":"Knowing Skull","player_choice":"GOLD GOLD GOLD ","floor":23.0,"potions_obtained":[],"gold_loss":0.0,"damage_taken":27.0,"cards_obtained":[]}],"is_beta":false,"boss_relics":[{"not_picked":["Snecko Eye","Fusion Hammer"],"picked":"Cursed Key"}],"items_purged_floors":[8,12,21],"is_endless":false,"potions_floor_spawned":[10,13,18,26],"killed_by":"3 Cultists","ascension_level":20}}