{"host":"dw8ij7emqco3quom","time":1610059154,"event":{"mods":["BaseMod","Minty Spire (QoL Compilation)"],"gold_per_floor":[112,124,124,124,88,128,144,144,144,169,169,20,59,14,14,143,143,163,176,195,195,195],"floor_reached":21,"playtime":1311,"items_purged":[],"score":236,"play_id":"7a4366aa-fde6-478d-bda1-6fcdab6000cd","local_time":"20210107233914","is_ascension_mode":true,"campfire_choices":[{"floor":11,"key":"REST"},{"floor":15,"key":"REST"}],"circlet_count":0,"master_deck":["Strike_G","Strike_G","Strike_G","Strike_G","Strike_G","Defend_G","Defend_G","Defend_G","Defend_G","Defend_G","Survivor","Neutralize","Dagger Spray","Deadly Poison","Injury","Crippling Poison","Dagger Throw","Acrobatics","Terror","Deadly Poison","Burst","Dagger Throw+1","Sucker Punch+1","Underhanded Strike+1"],"relics":["Philosopher\u0027s Stone","Golden Idol","Ornamental Fan","FaceOfCleric","Molten Egg 2","Omamori","Oddly Smooth Stone","Cursed Key"],"acts_visited":["Exordium","TheCity"],"potions_floor_usage":[6,19,21],"damage_taken":[{"damage":0,"enemies":"Small Slimes","floor":1,"turns":3},{"damage":7,"enemies":"Jaw Worm","floor":2,"turns":4},{"damage":26,"enemies":"3 Sentries","floor":6,"turns":7},{"damage":2,"enemies":"Cultist","floor":7,"turns":3},{"damage":7,"enemies":"Large Slime","floor":10,"turns":6},{"damage":20,"enemies":"Gremlin Nob","floor":13,"turns":4},{"damage":15,"enemies":"Hexaghost","floor":16,"turns":9},{"damage":24,"enemies":"Spheric Guardian","floor":18,"turns":4},{"damage":6,"enemies":"3 Byrds","floor":19,"turns":5},{"damage":17,"enemies":"Snake Plant","floor":20,"turns":4},{"damage":20,"enemies":"Shelled Parasite and Fungi","floor":21,"turns":1}],"seed_played":"-5364514955681330997","potions_obtained":[{"floor":2,"key":"PowerPotion"},{"floor":10,"key":"BlessingOfTheForge"},{"floor":20,"key":"AttackPotion"}],"is_trial":false,"path_per_floor":["M","M","?","?","$","E","M","?","T","M","R","$","E","$","R","B",null,"M","M","M","M"],"character_chosen":"THE_SILENT","items_purchased":["Crippling Poison","Omamori","Deadly Poison"],"campfire_rested":2,"item_purchase_floors":[5,12,14],"current_hp_per_floor":[70,63,63,63,63,37,35,35,35,29,50,50,31,31,52,38,64,41,36,20,0,0],"gold":195,"neow_bonus":"BOSS_RELIC","is_daily":false,"chose_seed":false,"campfire_upgraded":0,"win_rate":0.0,"timestamp":1610059154,"path_taken":["M","M","?","?","?","E","M","?","T","M","R","$","E","$","R","BOSS","M","?","M","M"],"items_purchased_type":["Card","Relic","Card"],"build_version":"2020-12-22","purchased_purges":0,"victory":false,"max_hp_per_floor":[70,70,70,70,70,70,70,70,70,71,71,71,72,72,72,73,73,74,75,76,76,76],"card_choices":[{"not_picked":["Finisher","Quick Slash"],"picked":"Dagger Spray","floor":1},{"not_picked":["Masterful Stab","Heel Hook"],"picked":"Deadly Poison","floor":2},{"not_picked":["Backflip","Reflex"],"picked":"Dagger Throw","floor":6},{"not_picked":["Cloak And Dagger","Predator"],"picked":"Acrobatics","floor":7},{"not_picked":["Deflect","Calculated Gamble","Escape Plan"],"picked":"SKIP","floor":10},{"not_picked":["Sucker Punch+1","Deflect"],"picked":"Terror","floor":13},{"not_picked":["Wraith Form v2","Malaise"],"picked":"Burst","floor":16},{"not_picked":["Dodge and Roll","Slice+1"],"picked":"Dagger Throw+1","floor":18},{"not_picked":["PiercingWail+1","Prepared"],"picked":"Sucker Punch+1","floor":19},{"not_picked":["Sucker Punch+1","Well Laid Plans+1"],"picked":"Underhanded Strike+1","floor":20}],"player_experience":624726,"relics_obtained":[{"floor":6,"key":"Ornamental Fan"},{"floor":9,"key":"Molten Egg 2"},{"floor":13,"key":"Oddly Smooth Stone"}],"event_choices":[{"damage_healed":0,"gold_gain":0,"player_choice":"Take Wound","damage_taken":0,"relics_obtained":["Golden Idol"],"max_hp_gain":0,"max_hp_loss":0,"event_name":"Golden Idol","floor":3,"gold_loss":0,"cards_obtained":["Injury"]},{"damage_healed":0,"gold_gain":0,"player_choice":"Ignored","damage_taken":0,"max_hp_gain":0,"max_hp_loss":0,"event_name":"Golden Wing","floor":4,"gold_loss":0},{"damage_healed":0,"gold_gain":0,"player_choice":"Trade","damage_taken":0,"relics_obtained":["FaceOfCleric"],"max_hp_gain":0,"max_hp_loss":0,"event_name":"FaceTrader","floor":8,"gold_loss":0}],"is_beta":false,"boss_relics":[{"not_picked":["Black Star","SlaversCollar"],"picked":"Cursed Key"}],"items_purged_floors":[],"is_endless":false,"potions_floor_spawned":[2,10,20],"killed_by":"Shelled Parasite and Fungi","ascension_level":5}}