{"host":"dowi7cgbhepuzvpj","time":1610025627,"event":{"mods":["AchievementEnabler","BaseMod","Colored Map","Highlight Path","Keyboard Shortcuts","Minty Spire (QoL Compilation)","Permanent Neow","Quick Restart","StSLib","SuperFastMode"],"gold_per_floor":[117,117,42,42,13,13,29,47,47,47,77,105,61,73,73,152,202,217,142,67,67,67,67,67],"floor_reached":23,"playtime":373,"items_purged":[],"score":341,"play_id":"d2963df6-4ee9-4750-9307-6f761141e451","local_time":"20210107222027","is_ascension_mode":true,"campfire_choices":[{"data":"Apotheosis","floor":6,"key":"SMITH"},{"floor":10,"key":"REST"},{"floor":15,"key":"REST"}],"circlet_count":0,"master_deck":["AscendersBane","Strike_B","Strike_B","Defend_B","Defend_B","Defend_B","Defend_B+1","Zap","Dualcast","Apotheosis+1","Auto Shields","Conserve Battery","Ball Lightning","Loop","Double Energy","Self Repair","Compile Driver","Core Surge","Self Repair","Chaos","White Noise","Capacitor"],"relics":["Cracked Core","Nunchaku","Cables","Odd Mushroom","Tiny House"],"acts_visited":["Exordium","TheCity"],"potions_floor_usage":[],"damage_taken":[{"damage":7,"enemies":"Jaw Worm","floor":1,"turns":3},{"damage":2,"enemies":"2 Louse","floor":7,"turns":3},{"damage":10,"enemies":"Small Slimes","floor":8,"turns":4},{"damage":18,"enemies":"The Mushroom Lair","floor":12,"turns":4},{"damage":17,"enemies":"3 Louse","floor":14,"turns":3},{"damage":28,"enemies":"Slime Boss","floor":16,"turns":6},{"damage":2,"enemies":"Chosen","floor":18,"turns":4},{"damage":22,"enemies":"Book of Stabbing","floor":23,"turns":3}],"seed_played":"6702284866930692898","potions_obtained":[{"floor":14,"key":"Explosive Potion"},{"floor":16,"key":"SpeedPotion"}],"is_trial":false,"path_per_floor":["M","?","?","?","$","R","M","M","T","R","?","?","$","M","R","B",null,"M","?","$","?","$","E"],"character_chosen":"DEFECT","items_purchased":["Conserve Battery","Self Repair","White Noise"],"campfire_rested":2,"item_purchase_floors":[5,13,20],"current_hp_per_floor":[57,62,62,36,36,36,34,24,24,44,44,26,26,16,36,18,61,74,74,74,74,74,52,52],"gold":67,"neow_bonus":"RANDOM_COLORLESS_2","is_daily":false,"chose_seed":false,"campfire_upgraded":1,"win_rate":0.0,"timestamp":1610025627,"path_taken":["M","?","?","?","$","R","M","M","T","R","?","?","$","?","R","BOSS","M","?","$","?","$","E"],"items_purchased_type":["Card","Card","Card"],"build_version":"2020-12-22","purchased_purges":0,"victory":false,"max_hp_per_floor":[64,69,69,69,69,69,69,69,69,69,69,69,69,69,69,69,74,74,74,74,74,74,74,74],"card_choices":[{"not_picked":["The Bomb","Secret Technique"],"picked":"Apotheosis","floor":0},{"not_picked":["Turbo","Consume"],"picked":"Auto Shields","floor":1},{"not_picked":["Coolheaded","Gash"],"picked":"Ball Lightning","floor":7},{"not_picked":["Blizzard","Lockon"],"picked":"Loop","floor":8},{"not_picked":["Compile Driver","Beam Cell"],"picked":"Double Energy","floor":12},{"not_picked":["Rebound","Heatsinks"],"picked":"Compile Driver","floor":14},{"not_picked":["Amplify","Meteor Strike"],"picked":"Core Surge","floor":16},{"not_picked":["Steam Power","Steam"],"picked":"Self Repair","floor":17},{"not_picked":["Redo+1","Conserve Battery"],"picked":"Chaos","floor":18}],"player_experience":767475,"relics_obtained":[{"floor":9,"key":"Cables"},{"floor":12,"key":"Odd Mushroom"}],"event_choices":[{"damage_healed":0,"gold_gain":0,"player_choice":"Donut","damage_taken":0,"max_hp_gain":5,"max_hp_loss":0,"event_name":"Big Fish","floor":2,"gold_loss":0},{"cards_removed":["Strike_B"],"damage_healed":0,"gold_gain":0,"player_choice":"Card Removal","damage_taken":0,"max_hp_gain":0,"max_hp_loss":0,"event_name":"The Cleric","floor":3,"gold_loss":75},{"damage_healed":0,"gold_gain":0,"player_choice":"Success","damage_taken":26,"relics_obtained":["Nunchaku"],"max_hp_gain":0,"max_hp_loss":0,"event_name":"Scrap Ooze","floor":4,"gold_loss":0},{"damage_healed":0,"gold_gain":30,"player_choice":"Searched \u00271\u0027 times","damage_taken":0,"max_hp_gain":0,"max_hp_loss":0,"event_name":"Dead Adventurer","floor":11,"gold_loss":0},{"damage_healed":0,"gold_gain":0,"player_choice":"Fought Mushrooms","damage_taken":0,"max_hp_gain":0,"max_hp_loss":0,"event_name":"Mushrooms","floor":12,"gold_loss":0},{"cards_removed":["Strike_B"],"damage_healed":0,"gold_gain":0,"player_choice":"Gave Gold","damage_taken":0,"max_hp_gain":0,"max_hp_loss":0,"event_name":"Beggar","floor":19,"gold_loss":75},{"damage_healed":0,"gold_gain":0,"player_choice":"Read","damage_taken":0,"max_hp_gain":0,"max_hp_loss":0,"event_name":"The Library","floor":21,"gold_loss":0,"cards_obtained":["Capacitor"]}],"is_beta":false,"boss_relics":[{"not_picked":["Velvet Choker","Inserter"],"picked":"Tiny House"}],"items_purged_floors":[],"is_endless":false,"potions_floor_spawned":[14,16,18],"killed_by":"Book of Stabbing","ascension_level":19}}