{"host":"i2ir6b55gxkcwpt4","time":1610040745,"event":{"mods":["BaseMod","Colored Map","Colored Powertips","Lobotomy","LobotomyExtend","Marisa£®ÏF”Í°°ƒß¿Ì…≥£©","Minty Spire (QoL Compilation)"],"gold_per_floor":[113,188,20,52,67,67,124,124,149,149,149,149,149],"floor_reached":12,"playtime":708,"items_purged":[],"score":76,"play_id":"618f679f-276a-404c-a03b-aeb1aead1fcc","local_time":"20210108013225","is_ascension_mode":false,"campfire_choices":[{"data":"WitchOfGreed","floor":6,"key":"SMITH"},{"data":"PropBag","floor":11,"key":"SMITH"}],"circlet_count":0,"master_deck":["Strike_MRS","Strike_MRS","Strike_MRS","Strike_MRS","Defend_MRS","Defend_MRS","Defend_MRS","Defend_MRS","MasterSpark","UpSweep","CherryBlossoms","GalacticHalo","WitchOfGreed+1","BigBird","DC","GreedKing","SporeBomb","PropBag+1"],"relics":["MiniHakkero","CogitoBucket","LetterFromLob","Juzu Bracelet","Ancient Tea Set","Smiling Mask","Gaze_r","AmplifyWand"],"acts_visited":["Exordium"],"potions_floor_usage":[7],"damage_taken":[{"damage":1,"enemies":"Jaw Worm","floor":1,"turns":3},{"damage":0,"enemies":"Small Slimes","floor":4,"turns":4},{"damage":1,"enemies":"Cultist","floor":5,"turns":3},{"damage":5,"enemies":"Gremlin Nob","floor":7,"turns":3},{"damage":15,"enemies":"Looter","floor":10,"turns":5},{"damage":13,"enemies":"Lagavulin","floor":12,"turns":2}],"seed_played":"-6284434998374526389","potions_obtained":[{"floor":4,"key":"BottledSpark"},{"floor":7,"key":"LiquidBronze"},{"floor":7,"key":"Explosive Potion"}],"is_trial":false,"path_per_floor":["M","?","$","M","M","R","E","?","T","M","R","E"],"character_chosen":"MARISA","items_purchased":["Juzu Bracelet","WitchOfGreed"],"campfire_rested":0,"item_purchase_floors":[3,3],"current_hp_per_floor":[74,63,63,63,62,62,57,57,57,1,1,0,0],"gold":149,"neow_bonus":"","is_daily":false,"chose_seed":false,"campfire_upgraded":2,"win_rate":0.0,"timestamp":1610040745,"path_taken":["M","?","?","M","M","R","E","?","T","M","R","E"],"items_purchased_type":["Relic","Card"],"build_version":"2020-12-22","purchased_purges":0,"victory":false,"max_hp_per_floor":[75,75,75,75,75,75,75,75,75,1,1,1,1],"card_choices":[{"not_picked":["FairyFestival","CrumblingArmor"],"picked":"CherryBlossoms","floor":1},{"not_picked":["IllusionStar","GrandCross"],"picked":"GalacticHalo","floor":1},{"not_picked":["Funeral","Murderer"],"picked":"BigBird","floor":4},{"not_picked":["GravityBeat","Orbital"],"picked":"DC","floor":4},{"not_picked":["SpiderBud","VoidDream"],"picked":"GreedKing","floor":5},{"not_picked":["WitchOfGreed","LuminesStrike"],"picked":"SporeBomb","floor":5},{"not_picked":["UnstableBomb","IllusionStar"],"picked":"PropBag","floor":7}],"player_experience":66635,"relics_obtained":[{"floor":1,"key":"LetterFromLob"},{"floor":7,"key":"Ancient Tea Set"},{"floor":9,"key":"Smiling Mask"}],"event_choices":[{"damage_healed":0,"gold_gain":75,"player_choice":"Gather Gold","damage_taken":11,"max_hp_gain":0,"max_hp_loss":0,"event_name":"World of Goop","floor":2,"gold_loss":0},{"damage_healed":0,"gold_gain":0,"player_choice":"Bought 0 Potions","damage_taken":0,"max_hp_gain":0,"max_hp_loss":0,"event_name":"The Woman in Blue","floor":8,"gold_loss":0}],"is_beta":false,"boss_relics":[],"items_purged_floors":[],"is_endless":false,"potions_floor_spawned":[7,10],"killed_by":"Lagavulin","ascension_level":0}}