{"host":"tjicewryrzew529r","time":1610034927,"event":{"mods":["AchievementEnabler","BaseMod","Block Reminder","Colored Map","Googly Eyes","Highlight Path","Minty Spire (QoL Compilation)","StSLib","The Servant 0.9.4"],"gold_per_floor":[117,134,148,148,173,211,211,161,186,229,250,250,323,20,20,146,146,161,68,68,62,62,62,100,115,115,35,74,74,112,150,150,280,280,295,310,334,349,412,453,477,477,504,57,109,109,141,70,70,70,70,70,15,60,60],"floor_reached":56,"playtime":4414,"items_purged":["Defend_S","Writhe","Strike_S"],"score":1552,"play_id":"dfc40b6d-2a72-4193-8202-1e9e27ecc1f8","local_time":"20210107235527","is_ascension_mode":true,"campfire_choices":[{"data":"GearUp","floor":7.0,"key":"SMITH"},{"data":"TrueSight","floor":12.0,"key":"SMITH"},{"floor":15.0,"key":"REST"},{"data":"SilverMatrix","floor":23.0,"key":"SMITH"},{"data":"Solidify","floor":29.0,"key":"SMITH"},{"floor":32.0,"key":"REST"},{"floor":42,"key":"REST"},{"data":"Moonlight","floor":46,"key":"SMITH"},{"floor":49,"key":"RECALL"},{"data":"TheWorld","floor":52,"key":"SMITH"}],"circlet_count":0,"master_deck":["Strike_S","Strike_S","Defend_S","Defend_S","Defend_S","KidneyShot+1","Exchange","Defy","Comet","Spin","GearUp+1","TrueSight+1","Good Instincts","Orbit","Luminosity+1","SilverMatrix+1","Bandage Up","TimeTheft","BottledTime","Solidify+1","BottledTime","TheWorld+1","Hightail+1","Moonlight+1","Manipulate+1","StarChef+1","FlawlessForm","Alleviate+1","Gouge","Collapse","TimeTheft+1","Snipe","BestPractice","Shuttle","Luminosity","BottledTime+1"],"relics":["Uniform","Golden Idol","Centennial Puzzle","Happy Flower","Ancient Tea Set","Sozu","The Courier","Ornamental Fan","Mercury Hourglass","WingedGreaves","Toy Ornithopter","Kunai","Runic Pyramid","StoneCalendar","Regal Pillow","CeramicFish","Boot","Blood Vial","Bronze Scales","Torii"],"acts_visited":["Exordium","TheCity","TheBeyond","TheEnding"],"potions_floor_usage":[],"damage_taken":[{"damage":2.0,"enemies":"Jaw Worm","floor":1.0,"turns":3.0},{"damage":4.0,"enemies":"2 Louse","floor":2.0,"turns":3.0},{"damage":5.0,"enemies":"Small Slimes","floor":3.0,"turns":4.0},{"damage":2.0,"enemies":"Gremlin Gang","floor":5.0,"turns":6.0},{"damage":15.0,"enemies":"Gremlin Nob","floor":6.0,"turns":4.0},{"damage":1.0,"enemies":"Lagavulin","floor":10.0,"turns":8.0},{"damage":0.0,"enemies":"Blue Slaver","floor":11.0,"turns":3.0},{"damage":21.0,"enemies":"Lagavulin Event","floor":13.0,"turns":9.0},{"damage":21.0,"enemies":"The Guardian","floor":16.0,"turns":14.0},{"damage":0.0,"enemies":"3 Byrds","floor":18.0,"turns":3.0},{"damage":4.0,"enemies":"2 Thieves","floor":21.0,"turns":4.0},{"damage":20.0,"enemies":"Gremlin Leader","floor":24.0,"turns":8.0},{"damage":6.0,"enemies":"Snake Plant","floor":25.0,"turns":8.0},{"damage":18.0,"enemies":"Slavers","floor":28.0,"turns":4.0},{"damage":2.0,"enemies":"Book of Stabbing","floor":30.0,"turns":6.0},{"damage":18.0,"enemies":"Slavers","floor":31.0,"turns":3.0},{"damage":0.0,"enemies":"Automaton","floor":33.0,"turns":13.0},{"damage":6.0,"enemies":"3 Shapes","floor":35.0,"turns":4.0},{"damage":12.0,"enemies":"3 Darklings","floor":36.0,"turns":3.0},{"damage":24,"enemies":"4 Shapes","floor":37,"turns":4},{"damage":0,"enemies":"Maw","floor":38,"turns":11},{"damage":0,"enemies":"Mind Bloom Boss Battle","floor":39,"turns":7},{"damage":29,"enemies":"Nemesis","floor":40,"turns":7},{"damage":5,"enemies":"Spire Growth","floor":41,"turns":5},{"damage":18,"enemies":"Reptomancer","floor":45,"turns":7},{"damage":13,"enemies":"Writhing Mass","floor":47,"turns":4},{"damage":4,"enemies":"Awakened One","floor":50,"turns":13},{"damage":18,"enemies":"Shield and Spear","floor":54,"turns":6},{"damage":32,"enemies":"The Heart","floor":55,"turns":10}],"seed_played":"-1764913950037721814","potions_obtained":[{"floor":2.0,"key":"LiquidBronze"},{"floor":5.0,"key":"Regen Potion"},{"floor":6.0,"key":"DuplicationPotion"},{"floor":11.0,"key":"Swift Potion"}],"is_trial":false,"path_per_floor":["M","M","M","?","M","E","R","?","T","E","M","R","?","$","R","B",null,"M","$","?","M","?","R","E","M","T","$","E","R","E","E","R","B",null,"M","M","M","M","?","E","M","R","T","$","E","R","M","$","R","B",null,"R","$","E","B",null],"character_chosen":"THE_SERVANT","items_purchased":["Good Instincts","Orbit","Luminosity","Bandage Up","Boot","Gouge","Collapse","Blood Vial","BestPractice","Shuttle","Luminosity"],"campfire_rested":3,"item_purchase_floors":[14,14,14,19,44,44,44,44,48,48,53],"current_hp_per_floor":[63,59,54,38,36,33,33,33,33,32,32,32,11,11,30,9,65,65,65,65,63,63,63,45,43,43,43,29,29,31,17,36,40,65,59,51,31,35,39,14,13,47,47,47,35,35,28,28,28,30,65,65,65,53,27],"gold":60,"neow_bonus":"UPGRADE_CARD","is_daily":false,"chose_seed":false,"campfire_upgraded":6,"win_rate":0.0,"timestamp":1610034927,"path_taken":["M","M","M","?","M","E","R","?","T","E","M","R","?","$","R","BOSS","M","$","?","?","?","R","E","M","T","$","E","R","E","E","R","BOSS","M","M","M","M","?","E","M","R","T","$","E","R","M","$","R","BOSS","R","$","E","BOSS"],"items_purchased_type":["Card","Card","Card","Card","Relic","Card","Card","Relic","Card","Card","Card"],"build_version":"2020-12-22","purchased_purges":3,"victory":true,"max_hp_per_floor":[65,65,65,65,65,65,65,65,65,65,65,65,65,65,65,65,65,65,65,65,65,65,65,65,65,65,65,65,65,65,65,65,65,65,65,65,65,65,65,65,65,65,65,65,65,65,65,65,65,65,65,65,65,65,65],"card_choices":[{"not_picked":["Replace","Potential","Starlight"],"picked":"SKIP","floor":1.0},{"not_picked":["DoubleEdge","Shuttle"],"picked":"Defy","floor":2.0},{"not_picked":["WasteNot","Orbit"],"picked":"Comet","floor":3.0},{"not_picked":["ShatteredReality","Revamp"],"picked":"Spin","floor":5.0},{"not_picked":["BottledTime","Hightail"],"picked":"GearUp","floor":6.0},{"not_picked":["Alleviate","Revamp"],"picked":"TrueSight","floor":10.0},{"not_picked":["Alleviate","Unruled","Advance"],"picked":"SKIP","floor":11.0},{"not_picked":["ForgedInTime","PendulumOfEternity"],"picked":"SilverMatrix","floor":16.0},{"not_picked":["FastForward","Revamp","DoubleEdge"],"picked":"SKIP","floor":18.0},{"not_picked":["Defy","MoonPhase"],"picked":"TimeTheft","floor":21.0},{"not_picked":["Defy","ShiftingGears"],"picked":"BottledTime","floor":24.0},{"not_picked":["Rewind+1","Desolation"],"picked":"Solidify","floor":25.0},{"not_picked":["Alleviate","Replace","Unruled"],"picked":"SKIP","floor":28.0},{"not_picked":["Manipulate","FastForward","GearUp"],"picked":"SKIP","floor":30.0},{"not_picked":["Replace","Revamp"],"picked":"BottledTime","floor":31.0},{"not_picked":["PendulumOfEternity","FloweringNight"],"picked":"TheWorld","floor":33.0},{"not_picked":["Spin","Rearm","Starlight"],"picked":"SKIP","floor":35.0},{"not_picked":["Desolation","Replace+1"],"picked":"Hightail+1","floor":36.0},{"not_picked":["BottledTime","Spin+1"],"picked":"Moonlight","floor":37},{"not_picked":["FastForward","Moonlight+1"],"picked":"Manipulate+1","floor":38},{"not_picked":["BottledTime","DoubleEdge"],"picked":"StarChef+1","floor":39},{"not_picked":["Ricochet+1","TimeWarp"],"picked":"FlawlessForm","floor":40},{"not_picked":["Ricochet","Comet"],"picked":"Alleviate+1","floor":41},{"not_picked":["Unruled","Misdirection"],"picked":"TimeTheft+1","floor":45},{"not_picked":["Alleviate","DualDimension+1"],"picked":"Snipe","floor":47},{"not_picked":["Starlight","Ricochet"],"picked":"BottledTime+1","floor":54}],"player_experience":408899,"relics_obtained":[{"floor":6.0,"key":"Centennial Puzzle"},{"floor":10.0,"key":"Happy Flower"},{"floor":13.0,"key":"Ancient Tea Set"},{"floor":24.0,"key":"Ornamental Fan"},{"floor":26.0,"key":"Mercury Hourglass"},{"floor":28.0,"key":"WingedGreaves"},{"floor":30.0,"key":"Toy Ornithopter"},{"floor":31.0,"key":"Kunai"},{"floor":39,"key":"StoneCalendar"},{"floor":40,"key":"Regal Pillow"},{"floor":43,"key":"CeramicFish"},{"floor":45,"key":"Bronze Scales"},{"floor":54,"key":"Torii"}],"event_choices":[{"damage_healed":0.0,"max_hp_gain":0.0,"max_hp_loss":0.0,"gold_gain":0.0,"event_name":"Golden Idol","player_choice":"Take Damage","floor":4.0,"gold_loss":0.0,"damage_taken":16.0,"relics_obtained":["Golden Idol"]},{"cards_removed":["Strike_S"],"damage_healed":0.0,"max_hp_gain":0.0,"max_hp_loss":0.0,"gold_gain":0.0,"event_name":"The Cleric","player_choice":"Card Removal","floor":8.0,"gold_loss":50.0,"damage_taken":0.0},{"damage_healed":0.0,"max_hp_gain":0.0,"max_hp_loss":0.0,"gold_gain":0.0,"event_name":"Dead Adventurer","player_choice":"Searched \u00271\u0027 times","floor":13.0,"gold_loss":0.0,"damage_taken":0.0},{"damage_healed":0.0,"max_hp_gain":0.0,"max_hp_loss":0.0,"gold_gain":0.0,"event_name":"Accursed Blacksmith","player_choice":"Forge","floor":20.0,"gold_loss":0.0,"damage_taken":0.0,"cards_upgraded":["Luminosity"]},{"damage_healed":0.0,"max_hp_gain":0.0,"max_hp_loss":0.0,"gold_gain":0.0,"event_name":"The Mausoleum","player_choice":"Opened","floor":22.0,"gold_loss":0.0,"damage_taken":0.0,"relics_obtained":["The Courier"],"cards_obtained":["Writhe"]},{"damage_healed":0,"gold_gain":0,"player_choice":"Fight","damage_taken":0,"max_hp_gain":0,"max_hp_loss":0,"event_name":"MindBloom","floor":39,"gold_loss":0}],"is_beta":false,"boss_relics":[{"not_picked":["Tiny House","SlaversCollar"],"picked":"Sozu"},{"not_picked":["SacredBark","Philosopher\u0027s Stone"],"picked":"Runic Pyramid"}],"items_purged_floors":[14,27,44],"is_endless":false,"potions_floor_spawned":[2,5,6,11,18,24,28,33,38,39,45,54],"ascension_level":4}}