{"host":"38maufg2dcy7va3m","time":1610001469,"event":{"mods":["Act Like it!","BaseMod","Downfall","Duelist Mod","GifTheSpireLib","Hubris","Infinite Spire","Minty Spire (QoL Compilation)","Replay The Spire","StSLib","The Bug Knight","The Construct","The Cursed","The Hierophant","The Necromancer","The Poker Player","The Runesmith","everything is the same but u backflip on backflip"],"gold_per_floor":[110,130,130,3,19,19,35,35,62,62,62,87,106,106,106,232,232,250,275,300,323,78,112,112,71,96,96,120,120,145,160,160,281,281,297,297,317,337,337,337,337,358,413,427,427,427],"floor_reached":45,"playtime":3031,"items_purged":[],"score":481,"play_id":"aca3695b-3806-4258-a13d-b72143a4c7b1","local_time":"20210106223749","is_ascension_mode":false,"campfire_choices":[{"data":"Toxic_Smoke_Screen","floor":6,"key":"SMITH"},{"floor":11,"key":"REST"},{"data":"Summon_Lich","floor":15,"key":"SMITH"},{"floor":24,"key":"REST"},{"data":"Summon_Undead_Army","floor":29,"key":"SMITH"},{"floor":32,"key":"REST"},{"floor":40,"key":"REST"}],"circlet_count":0,"master_deck":["Strike_W","Strike_W","Strike_W","Strike_W","Defend_W","Defend_W","Defend_W","Defend_W","Negative_Energy_Arrows","Bone_Wall+1","Toxic_Smoke_Screen","Bone_Armor","Toxic_Smoke_Screen+1","Blood_Curse","Summon_Lich+1","Negative_Energy_Sphere","Death_March_Dance","Injury","Negative_Energy_Burst","Acid_Javelin","Bone_Spikes","Reap_The_Weak","Negative_Energy_Shield","Toxic_Smoke_Screen","Bone_Prison","Death_Coil","Cloudkill","Cloudkill","Summon_Undead_Army+1","Bone_Spikes","Shackles_Of_Pain+1","Bone_Shift","Bones_to_Steel+1","Negative_Energy_Shield","Negative_Energy_Shield","Uncharnel","Death_March_Dance","Death_Knell","Life_Drain+1","Grasp_Heart","Delirium","Neutralize","Detonate_Bones","Replay:SS_fish_2","infinitespire:Fortify","Thousand_Bone_Knives+1","Shackles_Of_Pain","Deaths_Shadow+1","infinitespire:Fortify","Death_Knell","Bone_Prison+1","Death_Coil+1"],"relics":["m_SnakeBloodCore","Potion Belt","Golden Idol","Dream Catcher","infinitespire:Cubic Diamond","Mirror","construct:ClawGrip","Orrery","PreservedInsect","Simple Rune","ReplayTheSpireMod:SealedPack","construct:WeddingRing","hubris:Towel","Omamori"],"acts_visited":["Exordium","TheCity","TheBeyond"],"potions_floor_usage":[5,12,16,18,23,31,33,38,44],"damage_taken":[{"damage":0,"enemies":"Small Slimes","floor":1,"turns":3},{"damage":8,"enemies":"Jaw Worm","floor":2,"turns":6},{"damage":0,"enemies":"2 Louse","floor":5,"turns":2},{"damage":26,"enemies":"Gremlin Gang","floor":7,"turns":6},{"damage":6,"enemies":"Large Slime","floor":12,"turns":7},{"damage":1,"enemies":"2 Fungi Beasts","floor":13,"turns":4},{"damage":59,"enemies":"The Guardian","floor":16,"turns":16},{"damage":0,"enemies":"Spheric Guardian","floor":18,"turns":3},{"damage":0,"enemies":"3 Byrds","floor":19,"turns":3},{"damage":21,"enemies":"Centurion and Healer","floor":20,"turns":11},{"damage":19,"enemies":"3 Cultists","floor":21,"turns":6},{"damage":16,"enemies":"theDuelist:KaibaA2","floor":23,"turns":5},{"damage":13,"enemies":"Snecko","floor":28,"turns":5},{"damage":7,"enemies":"Centurion and Healer","floor":30,"turns":7},{"damage":13,"enemies":"Sentry and Sphere","floor":31,"turns":4},{"damage":54,"enemies":"Champ","floor":33,"turns":11},{"damage":20,"enemies":"Orb Walker","floor":35,"turns":4},{"damage":13,"enemies":"3 Shapes","floor":37,"turns":4},{"damage":64,"enemies":"Sphere and 2 Shapes","floor":38,"turns":9},{"damage":5,"enemies":"Transient","floor":42,"turns":5},{"damage":22,"enemies":"Writhing Mass","floor":44,"turns":8},{"damage":26,"enemies":"Reptomancer","floor":45,"turns":2}],"seed_played":"1358727053013156418","potions_obtained":[{"floor":2,"key":"ColorlessPotion"},{"floor":7,"key":"Regen Potion"},{"floor":13,"key":"sneckomod:MuddlingPotion"},{"floor":16,"key":"Energy Potion"},{"floor":21,"key":"champ:CounterPotion"},{"floor":30,"key":"Weak Potion"},{"floor":31,"key":"sneckomod:MuddlingPotion"},{"floor":37,"key":"Regen Potion"},{"floor":42,"key":"Toxic Potion"}],"is_trial":false,"path_per_floor":["M","M","?","$","M","R","M","?","T","?","R","M","M","T","R","B",null,"M","M","M","M","$","E","R","$","T","?","M","R","M","M","R","B",null,"M","?","M","M","AVR","R","?","M","T","M","E"],"character_chosen":"NECROMANCER","items_purchased":["Toxic_Smoke_Screen","Blood_Curse","Summon_Lich","Cloudkill","Orrery","Uncharnel"],"campfire_rested":4,"item_purchase_floors":[4,4,4,22,22,25],"current_hp_per_floor":[75,69,54,54,58,58,40,40,40,40,62,74,75,75,75,19,75,75,75,57,41,41,28,50,50,50,75,65,65,61,51,73,22,75,58,58,48,16,16,38,38,36,36,23,0,0],"gold":427,"neow_bonus":"RANDOM_COMMON_RELIC","is_daily":false,"chose_seed":false,"campfire_upgraded":3,"win_rate":0.0,"timestamp":1610001469,"path_taken":["M","M","?","$","M","R","M","?","T","?","R","M","M","?","R","BOSS","M","?","M","M","$","E","R","$","T","?","M","R","M","M","R","BOSS","M","?","M","M","AVR","R","?","M","T","M","E"],"items_purchased_type":["Card","Card","Card","Card","Relic","Card"],"build_version":"2020-12-22","purchased_purges":0,"victory":false,"max_hp_per_floor":[75,75,75,75,75,75,75,75,75,75,75,75,75,75,75,75,75,75,75,75,75,75,75,75,75,75,75,75,75,75,75,75,75,75,75,75,75,75,75,75,75,75,75,75,75,75],"card_choices":[{"not_picked":["Shackles_Of_Pain","Bone_Shift"],"picked":"Toxic_Smoke_Screen","floor":1},{"not_picked":["Shade_Step","Death_March_Dance"],"picked":"Bone_Armor","floor":2},{"not_picked":["Summon_Undead_Army","Bone_Armor"],"picked":"Negative_Energy_Sphere","floor":5},{"not_picked":["Deaths_Shadow","Scare"],"picked":"Death_March_Dance","floor":7},{"not_picked":["Blood_Whip","Bone_Prison"],"picked":"Negative_Energy_Burst","floor":11},{"not_picked":["Epidemic","Bone_Armor"],"picked":"Acid_Javelin","floor":12},{"not_picked":["Negative_Energy_Sphere","Shackles_Of_Pain"],"picked":"Bone_Spikes","floor":13},{"not_picked":["Blood_Wake","Skeleton_Dragon"],"picked":"Reap_The_Weak","floor":16},{"not_picked":["Consume_Illness","Flesh_Made_Foul+1"],"picked":"Negative_Energy_Shield","floor":18},{"not_picked":["Chill_Blood","Blood_Shield"],"picked":"Toxic_Smoke_Screen","floor":19},{"not_picked":["Blood_Shield","Toxic_Smoke_Screen"],"picked":"Bone_Prison","floor":20},{"not_picked":["Shackles_Of_Pain","Violent_Necrosis"],"picked":"Death_Coil","floor":21},{"not_picked":["Death_March_Dance","Blood_Whip+1"],"picked":"Summon_Undead_Army","floor":22},{"not_picked":["Death_March_Dance+1","Blood_Shield"],"picked":"Bone_Spikes","floor":22},{"not_picked":["Spectral_Walk","Skeleton_Dragon"],"picked":"Shackles_Of_Pain+1","floor":22},{"not_picked":["Chill_Blood","Deaths_Shadow"],"picked":"Bone_Shift","floor":22},{"not_picked":["Epidemic","Death_Coil"],"picked":"Bones_to_Steel+1","floor":22},{"not_picked":["Blood_Shield","Scare"],"picked":"Negative_Energy_Shield","floor":23},{"not_picked":["Siphon_Strength","Death_March_Dance"],"picked":"Negative_Energy_Shield","floor":24},{"not_picked":["Siphon_Strength","Blood_Curse"],"picked":"Death_March_Dance","floor":28},{"not_picked":["Life_Tap","Chill_Blood","Life_Drain"],"picked":"SKIP","floor":30},{"not_picked":["Bone_Armor","Bone_Prison"],"picked":"Death_Knell","floor":31},{"not_picked":["Necromantic_Selection","Bone_Armor"],"picked":"Life_Drain+1","floor":32},{"not_picked":["Detonate_Bones","Blood_Wake"],"picked":"Grasp_Heart","floor":33},{"not_picked":["sneckomod:Unknown","hierophant:Punish"],"picked":"Neutralize","floor":34},{"not_picked":["Summon_Death_Knight","Skeleton_Dragon"],"picked":"Detonate_Bones","floor":34},{"not_picked":["Replay:SS_hec_2","expansioncontent:GoopSpray"],"picked":"Replay:SS_fish_2","floor":34},{"not_picked":["infinitespire:SealOfDarkness+","Replay:Fractal Strike"],"picked":"infinitespire:Fortify","floor":34},{"not_picked":["Siphon_Strength+1","Finger_Of_Death"],"picked":"Thousand_Bone_Knives+1","floor":35},{"not_picked":["Consume_Illness","Necromantic_Selection+1"],"picked":"Shackles_Of_Pain","floor":37},{"not_picked":["Bone_Armor","Strike_from_Beyond+1"],"picked":"Deaths_Shadow+1","floor":38},{"not_picked":["Bone_Shift+1","Bones_to_Steel+1"],"picked":"Death_Knell","floor":40},{"not_picked":["Strike_from_Beyond+1","Vampiric_Strike+1"],"picked":"Bone_Prison+1","floor":42},{"not_picked":["Bone_Armory+1","Bone_Shift+1"],"picked":"Death_Coil+1","floor":44}],"player_experience":235305,"relics_obtained":[{"floor":9,"key":"Dream Catcher"},{"floor":14,"key":"Mirror"},{"floor":23,"key":"PreservedInsect"},{"floor":26,"key":"Simple Rune"},{"floor":43,"key":"Omamori"}],"event_choices":[{"damage_healed":0,"gold_gain":0,"player_choice":"Entered Light","damage_taken":15,"max_hp_gain":0,"max_hp_loss":0,"event_name":"Shining Light","floor":3,"gold_loss":0,"cards_upgraded":["Bone_Wall","Strike_W"]},{"damage_healed":0,"gold_gain":0,"player_choice":"Take Wound","damage_taken":0,"relics_obtained":["Golden Idol"],"max_hp_gain":0,"max_hp_loss":0,"event_name":"Golden Idol","floor":8,"gold_loss":0,"cards_obtained":["Injury"]},{"damage_healed":25,"gold_gain":0,"player_choice":"Heal","damage_taken":0,"max_hp_gain":0,"max_hp_loss":0,"event_name":"The Library","floor":27,"gold_loss":0},{"damage_healed":0,"gold_gain":0,"player_choice":"Ignored","damage_taken":0,"max_hp_gain":0,"max_hp_loss":0,"event_name":"Mysterious Sphere","floor":36,"gold_loss":0}],"is_beta":false,"boss_relics":[{"not_picked":["Velvet Choker","Cursed Key"],"picked":"construct:ClawGrip"},{"not_picked":["hubris:CrackedHourglass","Replay:Grab Bag"],"picked":"ReplayTheSpireMod:SealedPack"}],"items_purged_floors":[],"is_endless":false,"potions_floor_spawned":[2,7,13,16,21,30,31,37,42],"killed_by":"Reptomancer","ascension_level":0}}