{"host":"rhrkddapnlgqm7yj","time":1610015118,"event":{"mods":["AchievementEnabler","BaseMod","Bestiary","Better Note","Colored Map","Colored Powertips","Filter the Spire","Gold Saver","Minty Spire (QoL Compilation)","Rare Cards Sparkle","Relic Stats","Remove Card Discount Mod","StSLib","SuperFastMode","The IronCluck","Waifu the Spire","everything is the same but u backflip on backflip"],"gold_per_floor":[115,115,128,126,136,136,171,171,171,171,188,222,240,257,257,358,358,374,422,433,453,467,502,502,531,557,392,392,392,89,117,117,217,217,233,233,233,251,301,334,334,367,391,391,391,391,402,427,427,427],"floor_reached":51,"playtime":2347,"items_purged":["Regret","Strike_R","Strike_R","Strike_R","Strike_R","Strike_R","Bash"],"score":865,"play_id":"bcf7cf4a-8179-468d-9004-52adbdabb3b0","local_time":"20210107112518","is_ascension_mode":true,"campfire_choices":[{"data":"Spot Weakness","floor":6,"key":"SMITH"},{"data":"Sword Boomerang","floor":8,"key":"SMITH"},{"data":"Whirlwind","floor":15,"key":"SMITH"},{"data":"Demon Form","floor":24,"key":"SMITH"},{"data":"Sword Boomerang","floor":28,"key":"SMITH"},{"data":"RitualDagger","floor":32,"key":"SMITH"},{"data":"Heavy Blade","floor":41,"key":"SMITH"},{"data":"Berserk","floor":49,"key":"SMITH"}],"circlet_count":0,"master_deck":["Defend_R","Defend_R","Defend_R","Sword Boomerang+1","Spot Weakness+1","Sword Boomerang+1","Burning Pact+1","Double Tap+1","Whirlwind+1","True Grit+1","Demon Form+1","Thunderclap","Cleave","Body Slam+1","Battle Trance+1","RitualDagger+1","Intimidate+1","Berserk+1","Heavy Blade+1","Madness+1","Madness+1","Shrug It Off+1","Battle Trance+1","Inflame","Entrench+1","Shrug It Off+1"],"relics":["SlaversCollar","Ornamental Fan","Smiling Mask","Toxic Egg 2","Juzu Bracelet","Coffee Dripper","Vajra","Mango","Gremlin Horn","Nunchaku","Bag of Marbles","Chemical X","Anchor","Tiny Chest","Velvet Choker","Peace Pipe","White Beast Statue","Potion Belt","Oddly Smooth Stone","Sundial","Kunai"],"acts_visited":["Exordium","TheCity","TheBeyond"],"potions_floor_usage":[14,14,22,33,33,42,50],"damage_taken":[{"damage":15,"enemies":"Jaw Worm","floor":1,"turns":5},{"damage":9,"enemies":"Small Slimes","floor":3,"turns":4},{"damage":0,"enemies":"Cultist","floor":5,"turns":3},{"damage":10,"enemies":"Gremlin Nob","floor":7,"turns":3},{"damage":4,"enemies":"Large Slime","floor":11,"turns":5},{"damage":16,"enemies":"3 Sentries","floor":12,"turns":5},{"damage":3,"enemies":"3 Louse","floor":13,"turns":4},{"damage":8,"enemies":"Red Slaver","floor":14,"turns":3},{"damage":17,"enemies":"Slime Boss","floor":16,"turns":6},{"damage":21,"enemies":"2 Thieves","floor":18,"turns":3},{"damage":6,"enemies":"Spheric Guardian","floor":20,"turns":3},{"damage":19,"enemies":"Centurion and Healer","floor":21,"turns":3},{"damage":13,"enemies":"3 Cultists","floor":22,"turns":3},{"damage":26,"enemies":"Slavers","floor":23,"turns":4},{"damage":10,"enemies":"Book of Stabbing","floor":25,"turns":3},{"damage":30,"enemies":"Slavers","floor":31,"turns":4},{"damage":11,"enemies":"Automaton","floor":33,"turns":4},{"damage":0,"enemies":"3 Shapes","floor":35,"turns":1},{"damage":4,"enemies":"3 Darklings","floor":38,"turns":2},{"damage":7,"enemies":"Mind Bloom Boss Battle","floor":39,"turns":5},{"damage":5,"enemies":"Giant Head","floor":40,"turns":6},{"damage":41,"enemies":"Nemesis","floor":42,"turns":3},{"damage":2,"enemies":"Sphere and 2 Shapes","floor":47,"turns":1},{"damage":18,"enemies":"Reptomancer","floor":48,"turns":3},{"damage":46,"enemies":"Donu and Deca","floor":50,"turns":6}],"seed_played":"7669632915837711716","potions_obtained":[{"floor":7,"key":"LiquidMemories"},{"floor":13,"key":"ColorlessPotion"},{"floor":14,"key":"FairyPotion"},{"floor":16,"key":"Dexterity Potion"},{"floor":21,"key":"BloodPotion"},{"floor":22,"key":"PowerPotion"},{"floor":35,"key":"Block Potion"},{"floor":40,"key":"Explosive Potion"},{"floor":42,"key":"SkillPotion"},{"floor":47,"key":"Swift Potion"},{"floor":48,"key":"FearPotion"}],"is_trial":false,"path_per_floor":["M","?","M","$","M","R","E","R","T","?","M","E","M","M","R","B",null,"M","T","M","M","M","E","R","E","T","$","R","?","$","E","R","B",null,"M","?","?","M","?","E","R","E","T","T","?","?","M","E","R","B",null],"character_chosen":"IRONCLAD","items_purchased":["Bag of Marbles","Chemical X","Anchor"],"campfire_rested":0,"item_purchase_floors":[27,30,30],"current_hp_per_floor":[65,65,56,56,56,56,46,46,46,80,76,60,57,49,49,32,80,59,59,53,34,37,25,25,15,15,15,15,9,9,15,15,4,94,94,94,82,78,71,66,66,25,25,25,25,82,80,62,62,16],"gold":427,"neow_bonus":"BOSS_RELIC","is_daily":false,"chose_seed":false,"campfire_upgraded":8,"win_rate":0.0,"timestamp":1610015118,"path_taken":["M","?","M","$","M","R","E","R","T","?","M","E","M","M","R","BOSS","M","?","M","M","M","E","R","E","T","$","R","?","$","E","R","BOSS","M","?","?","M","?","E","R","E","T","?","?","?","M","E","R","BOSS"],"items_purchased_type":["Relic","Relic","Relic"],"build_version":"2020-12-22","purchased_purges":7,"victory":true,"max_hp_per_floor":[80,80,80,80,80,80,80,80,80,80,80,80,80,80,80,80,80,80,80,80,80,80,94,94,94,94,94,94,94,94,94,94,94,94,94,94,94,94,94,94,94,94,94,94,94,82,82,82,82,82],"relic_stats":{"Peace Pipe":0,"Nunchaku":[7],"Gremlin Horn":[7,9],"counters":[25,92],"Ornamental Fan":[116],"Sundial":[0],"Tiny Chest":1,"Juzu Bracelet":1,"Chemical X":[11],"Kunai":[1],"Smiling Mask":-288,"obtain_stats":[{"Potion Belt":42,"Gremlin Horn":25,"Vajra":19,"Velvet Choker":34,"Oddly Smooth Stone":43,"Mango":23,"Juzu Bracelet":12,"Smiling Mask":7,"Burning Blood":0,"White Beast Statue":40,"Peace Pipe":39,"SlaversCollar":0,"Nunchaku":26,"Anchor":30,"Ornamental Fan":2,"Sundial":44,"Tiny Chest":31,"Coffee Dripper":17,"Bag of Marbles":27,"Chemical X":30,"Kunai":48,"Toxic Egg 2":9},{"Potion Belt":22,"Gremlin Horn":15,"Vajra":10,"Velvet Choker":17,"Oddly Smooth Stone":22,"Mango":14,"Juzu Bracelet":6,"Smiling Mask":4,"Burning Blood":0,"White Beast Statue":21,"Peace Pipe":20,"SlaversCollar":0,"Nunchaku":15,"Anchor":15,"Ornamental Fan":1,"Sundial":22,"Tiny Chest":16,"Coffee Dripper":9,"Bag of Marbles":15,"Chemical X":15,"Kunai":24,"Toxic Egg 2":4},{"Potion Belt":82,"Gremlin Horn":57,"Vajra":41,"Velvet Choker":65,"Oddly Smooth Stone":82,"Mango":54,"Juzu Bracelet":25,"Smiling Mask":15,"Burning Blood":0,"White Beast Statue":79,"Peace Pipe":73,"SlaversCollar":0,"Nunchaku":57,"Anchor":57,"Ornamental Fan":5,"Sundial":82,"Tiny Chest":61,"Coffee Dripper":38,"Bag of Marbles":57,"Chemical X":57,"Kunai":86,"Toxic Egg 2":15}]},"card_choices":[{"not_picked":["Headbutt","Heavy Blade"],"picked":"Sword Boomerang","floor":1},{"not_picked":["Sever Soul","Combust"],"picked":"Spot Weakness","floor":3},{"not_picked":["Second Wind","Power Through"],"picked":"Sword Boomerang","floor":5},{"not_picked":["Perfected Strike","Power Through","Infernal Blade"],"picked":"SKIP","floor":7},{"not_picked":["Armaments+1","Rage+1"],"picked":"Burning Pact+1","floor":11},{"not_picked":["Intimidate+1","Twin Strike"],"picked":"Double Tap+1","floor":12},{"not_picked":["Headbutt","Feel No Pain"],"picked":"Whirlwind","floor":13},{"not_picked":["Burning Pact+1","Warcry+1"],"picked":"True Grit+1","floor":14},{"not_picked":["Reaper","Brutality"],"picked":"Demon Form","floor":16},{"not_picked":["True Grit+1","Iron Wave"],"picked":"Thunderclap","floor":18},{"not_picked":["Headbutt","True Grit+1"],"picked":"Cleave","floor":20},{"not_picked":["Infernal Blade+1","Twin Strike"],"picked":"Body Slam+1","floor":21},{"not_picked":["Blood for Blood","Cleave","Infernal Blade+1"],"picked":"SKIP","floor":22},{"not_picked":["Blood for Blood+1","Armaments+1","Burning Pact+1"],"picked":"SKIP","floor":23},{"not_picked":["Perfected Strike","Demon Form"],"picked":"Battle Trance+1","floor":25},{"not_picked":["Second Wind+1","Hemokinesis"],"picked":"Intimidate+1","floor":31},{"not_picked":["Corruption","Demon Form"],"picked":"Berserk","floor":33},{"not_picked":["Flex+1","Second Wind+1"],"picked":"Heavy Blade","floor":35},{"not_picked":["Rupture","Second Wind+1","Blood for Blood+1"],"picked":"SKIP","floor":38},{"not_picked":["Dark Embrace+1","Pommel Strike"],"picked":"Shrug It Off+1","floor":39},{"not_picked":["Cleave+1","Headbutt"],"picked":"Battle Trance+1","floor":40},{"not_picked":["Rampage+1","Warcry+1"],"picked":"Inflame","floor":42},{"not_picked":["Iron Wave","Rupture+1"],"picked":"Entrench+1","floor":47},{"not_picked":["Flex+1","True Grit+1"],"picked":"Shrug It Off+1","floor":48}],"player_experience":50413,"relics_obtained":[{"floor":7,"key":"Smiling Mask"},{"floor":9,"key":"Toxic Egg 2"},{"floor":12,"key":"Juzu Bracelet"},{"floor":19,"key":"Vajra"},{"floor":23,"key":"Mango"},{"floor":25,"key":"Gremlin Horn"},{"floor":26,"key":"Nunchaku"},{"floor":31,"key":"Tiny Chest"},{"floor":39,"key":"Peace Pipe"},{"floor":40,"key":"White Beast Statue"},{"floor":42,"key":"Potion Belt"},{"floor":43,"key":"Oddly Smooth Stone"},{"floor":44,"key":"Sundial"},{"floor":48,"key":"Kunai"}],"event_choices":[{"damage_healed":0,"gold_gain":0,"player_choice":"Box","damage_taken":0,"relics_obtained":["Ornamental Fan"],"max_hp_gain":0,"max_hp_loss":0,"event_name":"Big Fish","floor":2,"gold_loss":0,"cards_obtained":["Regret"]},{"damage_healed":34,"gold_gain":0,"player_choice":"Full Heal","damage_taken":0,"max_hp_gain":0,"max_hp_loss":0,"event_name":"Wheel of Change","floor":10,"gold_loss":0},{"damage_healed":0,"gold_gain":0,"player_choice":"Joined the Cult","damage_taken":6,"max_hp_gain":0,"max_hp_loss":0,"event_name":"Nest","floor":29,"gold_loss":0,"cards_obtained":["RitualDagger"]},{"cards_removed":["Defend_R"],"damage_healed":0,"gold_gain":0,"player_choice":"Offered Basic","damage_taken":0,"max_hp_gain":0,"max_hp_loss":0,"event_name":"Bonfire Elementals","floor":36,"gold_loss":0},{"damage_healed":0,"gold_gain":0,"player_choice":"Embrace Madness","damage_taken":12,"max_hp_gain":0,"max_hp_loss":0,"event_name":"Winding Halls","floor":37,"gold_loss":0,"cards_obtained":["Madness","Madness"]},{"damage_healed":0,"gold_gain":0,"player_choice":"Fight","damage_taken":0,"max_hp_gain":0,"max_hp_loss":0,"event_name":"MindBloom","floor":39,"gold_loss":0},{"damage_healed":0,"gold_gain":0,"player_choice":"Ignored","damage_taken":0,"max_hp_gain":0,"max_hp_loss":0,"event_name":"Tomb of Lord Red Mask","floor":45,"gold_loss":0},{"damage_healed":82,"gold_gain":0,"player_choice":"Heal","damage_taken":0,"max_hp_gain":0,"max_hp_loss":12,"event_name":"The Moai Head","floor":46,"gold_loss":0}],"is_beta":false,"boss_relics":[{"not_picked":["SacredBark","Runic Cube"],"picked":"Coffee Dripper"},{"not_picked":["Pandora\u0027s Box","Fusion Hammer"],"picked":"Velvet Choker"}],"items_purged_floors":[4,27,27,27,27,27,30],"is_endless":false,"potions_floor_spawned":[7,13,14,16,21,22,25,35,40,42,47,48],"ascension_level":1}}