{"host":"69bxgjr0sv0a6xc4","time":1610054305,"event":{"mods":["Act Like it!","BaseMod","Better Altar","Better Match","Better Note","Better Sensory Stone","Better Skull","Better Third Choice","BetterRewards","DeckTracker","Friendly Minions","Jorbs\u0027s Wanderer Trilogy","Lobotomy","LobotomyExtend","Minty Spire (QoL Compilation)","Relic Stats","Spicy Shops","StSLib","The Bladedancer","Unceasing Turn Reminder"],"gold_per_floor":[278,297,21,21,21,21,21,21,21,21,41,60,75,23,23,23,23],"floor_reached":16,"playtime":5537,"items_purged":["Strike_G"],"score":158,"play_id":"5ba37f92-79f9-40a1-936b-3bec402c0e33","local_time":"20210107221825","is_ascension_mode":true,"campfire_choices":[{"data":"Accuracy","floor":6,"key":"SMITH"},{"data":"Neutralize","floor":8,"key":"SMITH"},{"data":"Dagger Spray","floor":10,"key":"SMITH"},{"data":"Defend_G","floor":15,"key":"SMITH"}],"circlet_count":0,"master_deck":["AscendersBane","Strike_G","Strike_G","Strike_G","Strike_G","Defend_G","Defend_G","Defend_G","Defend_G","Defend_G+1","Survivor","Neutralize+1","Dagger Spray+1","Accuracy+1","Trip","QueenOfHatred"],"relics":["Ring of the Snake","CogitoBucket","LetterFromLob","ShedSkin_r","The Specimen"],"acts_visited":["Exordium"],"potions_floor_usage":[13,16],"damage_taken":[{"damage":2,"enemies":"Jaw Worm","floor":1,"turns":6},{"damage":7,"enemies":"Small Slimes","floor":2,"turns":4},{"damage":0,"enemies":"Cultist","floor":11,"turns":3},{"damage":13,"enemies":"Gremlin Gang","floor":12,"turns":4},{"damage":0,"enemies":"Large Slime","floor":13,"turns":6},{"damage":33,"enemies":"Hexaghost","floor":16,"turns":11}],"seed_played":"-4442466560063812031","potions_obtained":[{"floor":1,"key":"BlessingOfTheForge"},{"floor":13,"key":"SteroidPotion"}],"is_trial":false,"path_per_floor":["M","M","$","M","?","R","?","R","T","R","M","M","M","?","R","B"],"character_chosen":"THE_SILENT","items_purchased":["Accuracy"],"campfire_rested":0,"item_purchase_floors":[3],"current_hp_per_floor":[57,50,50,22,22,22,22,22,22,22,22,9,9,9,9,0,0],"gold":23,"neow_bonus":"","is_daily":false,"chose_seed":false,"campfire_upgraded":4,"win_rate":0.0,"timestamp":1610054305,"path_taken":["M","M","$","M","?","R","?","R","T","R","M","?","?","?","R","BOSS"],"items_purchased_type":["Card"],"build_version":"2020-12-22","purchased_purges":1,"victory":false,"max_hp_per_floor":[66,66,66,66,66,66,66,66,66,66,66,66,66,66,66,66,66],"relic_stats":{"counters":[6,34],"obtain_stats":[{"CogitoBucket":0,"The Specimen":9,"LetterFromLob":1,"ShedSkin_r":4,"Ring of the Snake":0},{"CogitoBucket":0,"The Specimen":2,"LetterFromLob":1,"ShedSkin_r":2,"Ring of the Snake":0},{"CogitoBucket":0,"The Specimen":10,"LetterFromLob":6,"ShedSkin_r":10,"Ring of the Snake":0}],"Ring of the Snake":[12]},"card_choices":[{"not_picked":["Concentrate","Underhanded Strike","Finisher"],"picked":"SKIP","floor":1},{"not_picked":["Crippling Poison","Backflip"],"picked":"Dagger Spray","floor":2},{"not_picked":["HandOfGreed","Violence"],"picked":"Trip","floor":7},{"not_picked":["Quick Slash","Slice","Underhanded Strike"],"picked":"SKIP","floor":11},{"not_picked":["Flechettes","Expertise","Calculated Gamble"],"picked":"SKIP","floor":12},{"not_picked":["SingingMachine","VoidDream"],"picked":"QueenOfHatred","floor":13},{"not_picked":["Deflect","Prepared","Bouncing Flask"],"picked":"SKIP","floor":13}],"player_experience":878755,"relics_obtained":[{"floor":1,"key":"LetterFromLob"},{"floor":9,"key":"The Specimen"}],"event_choices":[{"damage_healed":0,"gold_gain":0,"player_choice":"Ignored","damage_taken":21,"max_hp_gain":0,"max_hp_loss":0,"event_name":"betterThird:BetterSerpent","floor":5,"gold_loss":0},{"damage_healed":0,"gold_gain":1,"player_choice":"1","damage_taken":0,"max_hp_gain":0,"max_hp_loss":0,"event_name":"betterStone:BetterStone","floor":7,"gold_loss":0},{"damage_healed":0,"gold_gain":0,"player_choice":"Left","damage_taken":0,"max_hp_gain":0,"max_hp_loss":0,"event_name":"betterThird:BetterGoop","floor":14,"gold_loss":52}],"is_beta":false,"boss_relics":[],"items_purged_floors":[3],"is_endless":false,"potions_floor_spawned":[1,13],"killed_by":"Hexaghost","ascension_level":15}}