{"host":"i1h39d0gfh5c6uxl","time":1610032311,"event":{"mods":["AchievementEnabler","BaseMod","Colored Map","Colored Powertips","Highlight Path","Minty Spire (QoL Compilation)"],"gold_per_floor":[110,126,91,108,120,147,147,176,176,210,152,152,165,165,165,165,165],"floor_reached":16,"playtime":1187,"items_purged":[],"score":240,"play_id":"6b73ccaf-f194-4822-b1b5-f8d1d6b0a939","local_time":"20210107231151","is_ascension_mode":true,"campfire_choices":[{"floor":7.0,"key":"REST"},{"floor":15.0,"key":"REST"}],"circlet_count":0,"master_deck":["AscendersBane","Strike_R","Strike_R","Strike_R","Strike_R","Defend_R","Defend_R","Defend_R","Defend_R","Bash","Iron Wave","True Grit","Disarm","Pommel Strike","Corruption"],"relics":["Burning Blood","Unceasing Top","StrikeDummy","Self Forming Clay","Bag of Marbles"],"acts_visited":["Exordium"],"potions_floor_usage":[],"damage_taken":[{"damage":19.0,"enemies":"Small Slimes","floor":1.0,"turns":4.0},{"damage":14.0,"enemies":"Jaw Worm","floor":2.0,"turns":4.0},{"damage":10.0,"enemies":"Cultist","floor":4.0,"turns":5.0},{"damage":5.0,"enemies":"Blue Slaver","floor":5.0,"turns":7.0},{"damage":28.0,"enemies":"Lagavulin","floor":6.0,"turns":6.0},{"damage":35.0,"enemies":"3 Sentries","floor":8.0,"turns":11.0},{"damage":33.0,"enemies":"Lagavulin","floor":10.0,"turns":6.0},{"damage":1.0,"enemies":"3 Louse","floor":13.0,"turns":2.0},{"damage":46,"enemies":"Hexaghost","floor":16,"turns":11}],"seed_played":"-446432231896152191","potions_obtained":[{"floor":1.0,"key":"Fire Potion"},{"floor":4.0,"key":"CultistPotion"},{"floor":10.0,"key":"ColorlessPotion"}],"is_trial":false,"path_per_floor":["M","M","?","M","M","E","R","E","T","E","?","?","M","?","R","B"],"character_chosen":"IRONCLAD","items_purchased":[],"campfire_rested":2,"item_purchase_floors":[],"current_hp_per_floor":[62,54,74,70,71,49,73,44,44,17,17,17,22,22,46,0,0],"gold":165,"neow_bonus":"TEN_PERCENT_HP_BONUS","is_daily":false,"chose_seed":false,"campfire_upgraded":0,"win_rate":0.0,"timestamp":1610032311,"path_taken":["M","M","?","M","M","E","R","E","T","E","?","?","M","?","R","BOSS"],"items_purchased_type":[],"build_version":"2020-12-22","purchased_purges":0,"victory":false,"max_hp_per_floor":[82,82,82,82,82,82,82,82,82,82,82,82,82,82,82,82,82],"card_choices":[{"not_picked":["Dual Wield","Dropkick"],"picked":"Iron Wave","floor":1.0},{"not_picked":["Spot Weakness","Body Slam"],"picked":"True Grit","floor":2.0},{"not_picked":["Thunderclap","Blood for Blood"],"picked":"Disarm","floor":4.0},{"not_picked":["Infernal Blade","Rupture"],"picked":"Pommel Strike","floor":5.0},{"not_picked":["Intimidate","Sentinel","Warcry"],"picked":"SKIP","floor":6.0},{"not_picked":["Shockwave","Entrench"],"picked":"Corruption","floor":8.0},{"not_picked":["Headbutt","Wild Strike","Clash"],"picked":"SKIP","floor":10.0},{"not_picked":["Heavy Blade","Seeing Red","Burning Pact"],"picked":"SKIP","floor":13.0}],"player_experience":1324883,"relics_obtained":[{"floor":6.0,"key":"Unceasing Top"},{"floor":8.0,"key":"StrikeDummy"},{"floor":9.0,"key":"Self Forming Clay"},{"floor":10.0,"key":"Bag of Marbles"}],"event_choices":[{"damage_healed":20.0,"max_hp_gain":0.0,"max_hp_loss":0.0,"gold_gain":0.0,"event_name":"The Cleric","player_choice":"Healed","floor":3.0,"gold_loss":35.0,"damage_taken":0.0},{"damage_healed":0.0,"max_hp_gain":0.0,"max_hp_loss":0.0,"gold_gain":0.0,"event_name":"World of Goop","player_choice":"Left Gold","floor":11.0,"gold_loss":58.0,"damage_taken":0.0},{"damage_healed":0.0,"max_hp_gain":0.0,"max_hp_loss":0.0,"gold_gain":0.0,"event_name":"Scrap Ooze","player_choice":"Fled","floor":12.0,"gold_loss":0.0,"damage_taken":0.0},{"cards_removed":["Strike_R"],"damage_healed":0.0,"max_hp_gain":0.0,"max_hp_loss":0.0,"gold_gain":0.0,"event_name":"Bonfire Elementals","player_choice":"Offered Basic","floor":14.0,"gold_loss":0.0,"damage_taken":0.0}],"is_beta":false,"boss_relics":[],"items_purged_floors":[],"is_endless":false,"potions_floor_spawned":[1,4,10],"killed_by":"Hexaghost","ascension_level":20}}