{"host":"l3mntlxfatf6lpxm","time":1610031991,"event":{"mods":["2.2 Compatiblity","AchievementEnabler","Arknights The Spire","Aspiration","Bard","BaseMod","Beaked The Cultist","Better Altar","Better Match","Better Note","Better Sensory Stone","Better Skull","Better Third Choice","Challenge The Spire","Colored Powertips","Defuse TimeMaze Blight","Displayed Cursed Tome","Dota2Spire","Downfall","Ekko","Energized Spire","Gold Saver","Hubris","Infinite Spire","Jorbs\u0027s Wanderer Trilogy","Kratos Character Expansion","Luminous","Marisa????????","Minty Spire (QoL Compilation)","Replay The Spire","Retaliation","Shade Mod","Shop Mod","Somnambulant","Spicy Shops","StSLib","The Blue Laboratory","The Caster","The Construct","The Cursed","The Jungle","The Marked","The Runesmith","The Servant 0.9.4","TheVacant","Thieving Mod","Trackpad","Unceasing Turn Reminder","Virulent Crown","Wandering Minibosses"],"gold_per_floor":[1214,1021,1031,950,962,993,993,993,1042,1042,1052,1080,1180,1198,1198,1300,1300,1316,1328,1328,1358,1358,1358,1306,1306,1306,1306,1321,1337,1337,1368,1368,1464,1464,1480,1480,1491,1491,1491,1491,1504,1537,1537,1562,1587,1487,1503,1503,1522,1537,1628,1628],"floor_reached":53,"playtime":3856,"items_purged":["Injury","caster:Heavy+1"],"score":720,"play_id":"548f363b-6e86-4aa0-877c-4a7b36f6495d","local_time":"20210107160631","is_ascension_mode":false,"campfire_choices":[{"data":"ats:Childhood Dance","floor":10.0,"key":"SMITH"},{"data":"1","floor":15.0,"key":"LIFT"},{"floor":23.0,"key":"REST"},{"data":"2","floor":25,"key":"LIFT"},{"floor":27,"key":"REST"},{"floor":32,"key":"REST"},{"data":"3","floor":43,"key":"LIFT"},{"floor":48,"key":"REST"}],"circlet_count":0,"master_deck":["ats:Strike C","ats:Strike G","ats:Strike S","ats:Strike V","ats:Armor Crushing Shot","ats:Defend","ats:Defend","ats:Defend","ats:Defend","ats:Emotion Absorption","ats:Revitalization","ats:Demon Strength","ats:Childhood Dance+1","ats:Thermite Blade","ats:Curse Doll","ats:Magnetic Hammer","ats:Magnetic Hammer","ats:Charging Defense","ats:Apocalypse","ats:Hook Shot","ats:Very Hot Blade","ats:Healing Strengthening","ats:Shadow Assault","ats:Apocalypse","ats:Counter Healing Mode","ats:Apocalypse","ats:Demon Strength","ats:Dogmatic Field","ats:Shell Defense","ats:Automatic Cover","ats:True Silver Slash","ats:Ignite+1","ats:Rat Pack","ats:Shell Defense+1","ats:Thorns+1","ats:Automatic Cover","ats:Cat Scratch+1"],"relics":["ats:Sanity","NeowsBlessing","Replay:Towering Pillar of Hats","ats:Originium","Dota2Spire:EchoSabre","Runesmith:AutoHammer","ats:Originium","Girya","trackpad:Trackpad","Red Mask","Dota2Spire:EyeOfSkadi","Dota2Spire:ShivaGuard","aspiration:FrozenJewel","beaked:ShinyBauble","Fusion Hammer","BargainBundle","Dota2Spire:BattleFury","Runesmith:Locket","infinitespire:Magic Flask","Dream Catcher"],"acts_visited":["Exordium","TheCity","TheBeyond"],"potions_floor_usage":[28,44,44,49,52,52,52],"damage_taken":[{"damage":0.0,"enemies":"Jaw Worm","floor":1.0,"turns":1.0},{"damage":0.0,"enemies":"2 Louse","floor":3.0,"turns":2.0},{"damage":0.0,"enemies":"Cultist","floor":5.0,"turns":1.0},{"damage":12.0,"enemies":"Gremlin Nob","floor":6.0,"turns":5.0},{"damage":0.0,"enemies":"Large Slime","floor":11.0,"turns":5.0},{"damage":4.0,"enemies":"Replay:BlueRogue","floor":12.0,"turns":7.0},{"damage":12.0,"enemies":"Gremlin Gang","floor":14.0,"turns":5.0},{"damage":66.0,"enemies":"Hexaghost","floor":16.0,"turns":16.0},{"damage":38.0,"enemies":"Chosen","floor":18.0,"turns":6.0},{"damage":15.0,"enemies":"3 Byrds","floor":19.0,"turns":5.0},{"damage":40.0,"enemies":"Masked Bandits","floor":21.0,"turns":5.0},{"damage":15,"enemies":"Snake Plant","floor":28,"turns":2},{"damage":21,"enemies":"Centurion and Healer","floor":29,"turns":7},{"damage":1,"enemies":"Slavers","floor":31,"turns":3},{"damage":50,"enemies":"Champ","floor":33,"turns":10},{"damage":7,"enemies":"Orb Walker","floor":35,"turns":2},{"damage":0,"enemies":"3 Shapes","floor":37,"turns":2},{"damage":13,"enemies":"3 Darklings","floor":41,"turns":4},{"damage":87,"enemies":"Giant Head","floor":42,"turns":9},{"damage":36,"enemies":"Reptomancer","floor":44,"turns":6},{"damage":60,"enemies":"Spire Growth","floor":47,"turns":6},{"damage":0,"enemies":"Writhing Mass","floor":49,"turns":5},{"damage":34,"enemies":"Transient","floor":50,"turns":5},{"damage":84,"enemies":"Awakened One","floor":52,"turns":10}],"seed_played":"3362008865860530546","potions_obtained":[{"floor":1.0,"key":"blueLaboratory:FruitPreserves"},{"floor":12.0,"key":"blueLaboratory:BottledHope"},{"floor":14.0,"key":"blueLaboratory:ExaltedPotion"},{"floor":18.0,"key":"Slimebound:ThreeZeroPotion"},{"floor":21.0,"key":"blueLaboratory:EmptyBottle"},{"floor":31,"key":"blueLaboratory:NullPotion"},{"floor":33,"key":"Cursed Concoction"},{"floor":41,"key":"blueLaboratory:BottledHope"},{"floor":44,"key":"Block Potion"},{"floor":49,"key":"LiquidMemories"},{"floor":50,"key":"Dota2Spire:HealingSalve"}],"is_trial":false,"path_per_floor":["M","$","M","$","M","E","?","?","T","R","M","E","?","M","R","B",null,"M","M","?","?","AVR","R","$","R","T","R","M","M","T","E","R","B",null,"M","$","M","PTL","PTL","?","M","E","R","E","T","$","M","R","M","M","R","B",null],"character_chosen":"DOCTOR_CLASS","items_purchased":["ats:Demon Strength","ats:Childhood Dance","ats:Thermite Blade","ats:Magnetic Hammer","ats:Apocalypse","ats:Automatic Cover"],"campfire_rested":4,"item_purchase_floors":[2,2,2,4,24,36],"current_hp_per_floor":[72,72,72,72,72,60,60,60,60,60,65,69,69,62,62,17,72,36,24,24,7,7,28,33,33,33,56,41,40,40,39,62,35,77,70,70,70,70,70,77,64,65,65,77,77,77,62,77,77,77,77,77],"gold":1628,"neow_bonus":"THREE_ENEMY_KILL","is_daily":false,"chose_seed":false,"campfire_upgraded":1,"win_rate":0.0,"timestamp":1610031991,"path_taken":["M","$","M","$","M","E","?","?","T","R","M","E","?","?","R","BOSS","M","M","?","?","AVR","R","$","R","T","R","M","M","?","E","R","BOSS","M","$","M","PTL","PTL","?","M","E","R","E","T","$","M","R","M","M","R","BOSS"],"items_purchased_type":["Card","Card","Card","Card","Card","Card"],"build_version":"2020-12-22","purchased_purges":2,"victory":true,"max_hp_per_floor":[72,72,72,72,72,72,72,72,72,72,72,72,72,72,72,72,72,72,72,72,72,72,72,77,77,77,77,77,77,77,77,77,77,77,77,77,77,77,77,77,77,77,77,77,77,77,77,77,77,77,77,77],"card_choices":[{"not_picked":["ats:Directed Diagnosis","ats:Childhood Dance"],"picked":"ats:Revitalization","floor":1.0},{"not_picked":["ats:Cat Scratch","ats:Childhood Dance"],"picked":"ats:Curse Doll","floor":3.0},{"not_picked":["ats:Flame Of Heaven","ats:Chain Hook"],"picked":"ats:Charging Defense","floor":5.0},{"not_picked":["ats:Spore Proliferation","ats:Nebulous Foxfire"],"picked":"ats:Apocalypse","floor":6.0},{"not_picked":["ats:Closed Bolt Burst Fire","ats:Flexible Camouflage"],"picked":"ats:Hook Shot","floor":11.0},{"not_picked":["ats:Hammer On","ats:Composite Medical Shells"],"picked":"ats:Very Hot Blade","floor":12.0},{"not_picked":["ats:Powerful Strike","ats:Childhood Dance"],"picked":"ats:Healing Strengthening","floor":14.0},{"not_picked":["ats:Echo Reverb","ats:Ambush"],"picked":"ats:Shadow Assault","floor":16.0},{"not_picked":["ats:Explosion Area Strengthen","ats:Flexible Camouflage","ats:Curse Doll"],"picked":"SKIP","floor":18.0},{"not_picked":["ats:Consecutive Shot Auto","ats:Mental Burst"],"picked":"ats:Apocalypse","floor":19.0},{"not_picked":["ats:Powerful Strike","ats:Consecutive Shot Auto"],"picked":"ats:Counter Healing Mode","floor":21.0},{"not_picked":["ats:Leaping Hammer","ats:Burning Ground","ats:Poison Spread+1"],"picked":"SKIP","floor":28},{"not_picked":["ats:Apocalypse","ats:Wolf Pack"],"picked":"ats:Demon Strength","floor":29},{"not_picked":["ats:Rat Pack","ats:Composite Medical Shells","ats:Poison Spread+1"],"picked":"SKIP","floor":31},{"not_picked":["ats:Disruption Kick","ats:Echo Reverb"],"picked":"ats:Dogmatic Field","floor":33},{"not_picked":["ats:Childhood Dance+1","ats:Assault Order"],"picked":"ats:Shell Defense","floor":35},{"not_picked":["ats:Shell Defense+1","ats:Ignite+1"],"picked":"ats:True Silver Slash","floor":37},{"not_picked":["ats:Consecutive Shot Auto","ats:Childhood Dance+1"],"picked":"ats:Ignite+1","floor":41},{"not_picked":["ats:Curse Doll","ats:Shell Defense+1"],"picked":"ats:Rat Pack","floor":42},{"not_picked":["ats:Poison Spread+1","ats:Cat Scratch"],"picked":"ats:Shell Defense+1","floor":44},{"not_picked":["ats:Sword Rain","ats:Neurotoxin"],"picked":"ats:Thorns+1","floor":47},{"not_picked":["ats:Revitalization+1","ats:Leaping Hammer"],"picked":"ats:Automatic Cover","floor":49},{"not_picked":["ats:Mental Burst+1","ats:Leaping Hammer+1"],"picked":"ats:Cat Scratch+1","floor":50}],"player_experience":784213,"relics_obtained":[{"floor":6.0,"key":"ats:Originium"},{"floor":6.0,"key":"Dota2Spire:EchoSabre"},{"floor":9.0,"key":"Runesmith:AutoHammer"},{"floor":12.0,"key":"ats:Originium"},{"floor":12.0,"key":"Girya"},{"floor":21.0,"key":"Red Mask"},{"floor":26,"key":"Dota2Spire:ShivaGuard"},{"floor":30,"key":"aspiration:FrozenJewel"},{"floor":31,"key":"ats:Originium"},{"floor":31,"key":"beaked:ShinyBauble"},{"floor":42,"key":"ats:Originium"},{"floor":42,"key":"Runesmith:Locket"},{"floor":44,"key":"ats:Originium"},{"floor":44,"key":"infinitespire:Magic Flask"},{"floor":45,"key":"Dream Catcher"}],"event_choices":[{"damage_healed":0.0,"max_hp_gain":0.0,"max_hp_loss":0.0,"gold_gain":100.0,"event_name":"Golden Shrine","player_choice":"Pray","floor":13.0,"gold_loss":0.0,"damage_taken":0.0},{"damage_healed":0.0,"max_hp_gain":0.0,"max_hp_loss":0.0,"gold_gain":0.0,"event_name":"betterNote:BetterNote","player_choice":"Ignored","floor":20.0,"gold_loss":0.0,"damage_taken":0.0,"cards_obtained":["theMarked:UnarmedFury"]},{"damage_healed":0.0,"max_hp_gain":0.0,"max_hp_loss":0.0,"gold_gain":0.0,"event_name":"Masked Bandits","player_choice":"Fought Bandits","floor":21.0,"gold_loss":0.0,"damage_taken":0.0}],"is_beta":false,"boss_relics":[{"not_picked":["Pandora\u0027s Box","energizedSpire:HugeHouse"],"picked":"trackpad:Trackpad"},{"not_picked":["Painkiller Herb","Empty Cage"],"picked":"Fusion Hammer"}],"items_purged_floors":[36,46],"is_endless":false,"potions_floor_spawned":[1,12,14,16,18,21,31,33,41,44,49,50],"ascension_level":0}}