{"host":"91wa4o5ujshb9wjo","time":1610062161,"event":{"mods":["AchievementEnabler","BaseMod","Conspire","Hubris","Infinite Spire","Minty Spire (QoL Compilation)","Shop Mod","StSLib","SuperFastMode","The Construct"],"gold_per_floor":[115,125,11,31,31,75,96,114,114,134,84,84,34,47,47,186,186,196,166,222,247,297,297,396,396,447,459,484,796,808,919,931,1015,1015],"floor_reached":33,"playtime":934,"items_purged":["Defend_R"],"score":274,"play_id":"dba67f06-8f1f-4fd4-aba4-cda19123ac2e","local_time":"20210108002921","is_ascension_mode":false,"campfire_choices":[{"data":"Juggernaut","floor":12,"key":"SMITH"},{"data":"conspire:SpireCoStock","floor":15,"key":"SMITH"},{"floor":23,"key":"REST"},{"floor":27,"key":"REST"},{"data":"True Grit","floor":32,"key":"SMITH"}],"circlet_count":0,"master_deck":["Defend_R","Defend_R","Bash","Thunderclap","True Grit+1","Hemokinesis","Juggernaut+1","True Grit","Shrug It Off","conspire:SpireCoStock+1","conspire:Purge","Whirlwind","Whirlwind+1","infinitespire:Starlight"],"relics":["Burning Blood","Golden Idol","Strawberry","Bottled Tornado","hubris:TerracottaHorce","Ancient Tea Set","hubris:Zylophone","MawBank","Old Coin","Lantern","hubris:KleinBottle","ClockworkSouvenir","hubris:BottledHeart"],"acts_visited":["Exordium","TheCity"],"potions_floor_usage":[6,6,16,20,20,20,20,28,28,31],"damage_taken":[{"damage":6,"enemies":"2 Louse","floor":1,"turns":3},{"damage":7,"enemies":"conspire:RoseBush","floor":2,"turns":3},{"damage":2,"enemies":"Cultist","floor":4,"turns":2},{"damage":27,"enemies":"Lagavulin","floor":6,"turns":8},{"damage":17,"enemies":"Exordium Thugs","floor":7,"turns":4},{"damage":10,"enemies":"Looter","floor":8,"turns":3},{"damage":9,"enemies":"Blue Slaver","floor":10,"turns":4},{"damage":8,"enemies":"Gremlin Gang","floor":14,"turns":5},{"damage":19,"enemies":"The Guardian","floor":16,"turns":12},{"damage":41,"enemies":"2 Thieves","floor":18,"turns":5},{"damage":12,"enemies":"Shell Parasite","floor":20,"turns":5},{"damage":22,"enemies":"Centurion and Healer","floor":22,"turns":8},{"damage":2,"enemies":"Snake Plant","floor":28,"turns":3},{"damage":0,"enemies":"Chosen and Byrds","floor":31,"turns":6},{"damage":4,"enemies":"Champ","floor":33,"turns":13}],"seed_played":"-8666655241347366898","potions_obtained":[{"floor":2,"key":"EssenceOfSteel"},{"floor":4,"key":"Block Potion"},{"floor":10,"key":"FearPotion"},{"floor":16,"key":"construct:ShiftPotion"},{"floor":18,"key":"Weak Potion"},{"floor":19,"key":"EntropicBrew"},{"floor":19,"key":"Fire Potion"},{"floor":22,"key":"Block Potion"}],"is_trial":false,"path_per_floor":["M","M","$","M","?","E","M","M","T","M","?","R","?","M","R","B",null,"M","?","M","T","M","R","?","T","T","R","M","$","?","M","R","B"],"character_chosen":"IRONCLAD","items_purchased":["Hemokinesis","Old Coin","Lantern","hubris:KleinBottle","ClockworkSouvenir"],"campfire_rested":2,"item_purchase_floors":[3,29,29,29,29],"current_hp_per_floor":[80,79,79,80,74,60,49,45,45,42,42,42,42,40,40,27,68,33,33,27,27,11,35,35,35,35,59,63,4,1,1,1,0,0],"gold":1015,"neow_bonus":"","is_daily":false,"chose_seed":false,"campfire_upgraded":3,"win_rate":0.0,"timestamp":1610062161,"path_taken":["M","M","$","M","?","E","M","M","T","M","?","R","?","M","R","BOSS","M","?","?","?","M","R","?","?","T","R","M","?","?","M","R","BOSS"],"items_purchased_type":["Card","Relic","Relic","Relic","Relic"],"build_version":"2020-12-22","purchased_purges":1,"victory":false,"max_hp_per_floor":[80,80,80,80,74,81,81,81,81,81,81,81,81,81,81,81,81,81,81,81,81,81,81,81,81,81,81,81,81,1,1,1,1,1],"card_choices":[{"not_picked":["Flex","Perfected Strike"],"picked":"Thunderclap","floor":1},{"not_picked":["Headbutt","Shrug It Off"],"picked":"True Grit","floor":2},{"not_picked":["hubris:ReadiedAction","Infernal Blade","Entrench"],"picked":"SKIP","floor":4},{"not_picked":["Sword Boomerang","Juggernaut","Perfected Strike"],"picked":"SKIP","floor":6},{"not_picked":["Sword Boomerang","Perfected Strike"],"picked":"Juggernaut","floor":6},{"not_picked":["Clothesline","Clash"],"picked":"True Grit","floor":7},{"not_picked":["Shrug It Off","Flame Barrier","Warcry"],"picked":"SKIP","floor":8},{"not_picked":["Flame Barrier","Warcry"],"picked":"Shrug It Off","floor":8},{"not_picked":["conspire:ExplosiveBarrier","Body Slam","Flame Barrier"],"picked":"SKIP","floor":10},{"not_picked":["Sword Boomerang","Armaments","Reckless Charge"],"picked":"SKIP","floor":14},{"not_picked":["conspire:HitWhereItHurts","Corruption"],"picked":"conspire:Purge","floor":16},{"not_picked":["Dark Embrace","Twin Strike"],"picked":"Whirlwind","floor":18},{"not_picked":["Cleave","Anger","Hemokinesis"],"picked":"SKIP","floor":20},{"not_picked":["Clothesline","Battle Trance+1"],"picked":"Whirlwind+1","floor":22},{"not_picked":["hubris:ReadiedAction","Thunderclap","Perfected Strike"],"picked":"SKIP","floor":28},{"not_picked":["infinitespire:Menacing","infinitespire:Fortify"],"picked":"infinitespire:Starlight","floor":29},{"not_picked":["Twin Strike+1","Armaments","Pommel Strike"],"picked":"SKIP","floor":31}],"player_experience":7449,"relics_obtained":[{"floor":6,"key":"Strawberry"},{"floor":9,"key":"Bottled Tornado"},{"floor":21,"key":"Ancient Tea Set"},{"floor":25,"key":"hubris:Zylophone"},{"floor":26,"key":"MawBank"}],"event_choices":[{"damage_healed":0,"gold_gain":0,"player_choice":"Lose Max HP","damage_taken":0,"relics_obtained":["Golden Idol"],"max_hp_gain":0,"max_hp_loss":6,"event_name":"Golden Idol","floor":5,"gold_loss":0},{"cards_removed":["Strike_R"],"damage_healed":0,"gold_gain":0,"player_choice":"Card Removal","damage_taken":0,"max_hp_gain":0,"max_hp_loss":0,"event_name":"The Cleric","floor":11,"gold_loss":50},{"damage_healed":0,"gold_gain":0,"player_choice":"Invest 1","damage_taken":0,"max_hp_gain":0,"max_hp_loss":0,"event_name":"conspire:Investor","floor":13,"gold_loss":0},{"damage_healed":0,"gold_gain":0,"player_choice":"Bought 2 Potions","damage_taken":0,"max_hp_gain":0,"max_hp_loss":0,"event_name":"The Woman in Blue","floor":19,"gold_loss":0},{"damage_healed":0,"gold_gain":99,"player_choice":"Stole From Cult","damage_taken":0,"max_hp_gain":0,"max_hp_loss":0,"event_name":"Nest","floor":24,"gold_loss":0}],"is_beta":false,"boss_relics":[{"not_picked":["construct:ClawGrip","hubris:RunicObelisk"],"picked":"hubris:TerracottaHorce"}],"items_purged_floors":[3],"is_endless":false,"potions_floor_spawned":[2,4,10,16,18,22],"killed_by":"Champ","ascension_level":0}}