{"host":"8i4doyxqctgl5qb0","time":1610032819,"event":{"mods":["AchievementEnabler","BaseMod","Block Reminder","Colored Powertips","Downfall","Marisa£®ÏF”Í°°ƒß¿Ì…≥£©","Minty Spire (QoL Compilation)","Permanent Neow","Potion Indicator Mod","Rare Cards Sparkle","StSLib","SuperFastMode"],"gold_per_floor":[214,231,231,231,245,279,279,311,311,331,331,379,379,379,379,482,482,494,507,330,330,347,347,347,360,384,384,384],"floor_reached":27,"playtime":681,"items_purged":[],"score":221,"play_id":"14d39247-ad7d-4c24-9201-2b1bc4c75268","local_time":"20210107232019","is_ascension_mode":false,"campfire_choices":[{"data":"Wish","floor":7.0,"key":"SMITH"},{"floor":11.0,"key":"REST"},{"floor":13.0,"key":"REST"},{"data":"Worship","floor":15.0,"key":"SMITH"},{"floor":23.0,"key":"REST"}],"circlet_count":0,"master_deck":["Strike_P","Strike_P","Strike_P","Strike_P","Defend_P","Defend_P","Defend_P","Defend_P","Eruption","Vigilance","Conclude","Worship+1","Wish+1","FollowUp","Establishment","Worship","Protect","Apotheosis","J.A.X.","Study+1","Slimebound:CheckThePlaybook","Slimebound:Icky","BowlingBash+1"],"relics":["PureWater","Boot","Ornamental Fan","Pantograph","Philosopher\u0027s Stone","Vajra"],"acts_visited":["Exordium","TheCity"],"potions_floor_usage":[25],"damage_taken":[{"damage":2.0,"enemies":"Small Slimes","floor":1.0,"turns":5.0},{"damage":0.0,"enemies":"Cultist","floor":2.0,"turns":2.0},{"damage":7.0,"enemies":"2 Louse","floor":5.0,"turns":2.0},{"damage":8.0,"enemies":"Gremlin Nob","floor":6.0,"turns":3.0},{"damage":43.0,"enemies":"Lagavulin","floor":8.0,"turns":10.0},{"damage":10.0,"enemies":"2 Fungi Beasts","floor":10.0,"turns":3.0},{"damage":52.0,"enemies":"The Guardian","floor":16.0,"turns":6.0},{"damage":10.0,"enemies":"Shell Parasite","floor":18.0,"turns":7.0},{"damage":19.0,"enemies":"3 Byrds","floor":19.0,"turns":6.0},{"damage":30.0,"enemies":"Sentry and Sphere","floor":22.0,"turns":6.0},{"damage":33,"enemies":"Snake Plant","floor":25,"turns":4},{"damage":13,"enemies":"Centurion and Healer","floor":27,"turns":1}],"seed_played":"-3521088081597232215","potions_obtained":[{"floor":1.0,"key":"Fire Potion"},{"floor":4.0,"key":"ColorlessPotion"},{"floor":4.0,"key":"AttackPotion"},{"floor":4.0,"key":"BottledMiracle"},{"floor":6.0,"key":"Fire Potion"},{"floor":16.0,"key":"PowerPotion"},{"floor":19.0,"key":"champ:CounterPotion"},{"floor":22.0,"key":"LiquidBronze"}],"is_trial":false,"path_per_floor":["M","M","$","?","M","E","R","E","T","M","R","T","R","?","R","B",null,"M","M","$","?","M","R","?","M","T","M"],"character_chosen":"WATCHER","items_purchased":["Apotheosis"],"campfire_rested":3,"item_purchase_floors":[20],"current_hp_per_floor":[70,70,70,70,63,55,55,12,12,2,23,23,44,44,44,17,72,62,43,43,43,13,34,34,1,1,0,0],"gold":384,"neow_bonus":"HUNDRED_GOLD","is_daily":false,"chose_seed":false,"campfire_upgraded":2,"win_rate":0.0,"timestamp":1610032819,"path_taken":["M","M","$","?","M","E","R","E","T","?","R","?","R","?","R","BOSS","M","M","$","?","M","R","?","M","T","M"],"items_purchased_type":["Card"],"build_version":"2020-12-22","purchased_purges":0,"victory":false,"max_hp_per_floor":[72,72,72,72,72,72,72,72,72,72,72,72,72,72,72,72,72,72,72,72,72,72,72,72,72,72,72,72],"card_choices":[{"not_picked":["JustLucky","Weave"],"picked":"Conclude","floor":1.0},{"not_picked":["Fasting2","ThirdEye","Evaluate"],"picked":"SKIP","floor":2.0},{"not_picked":["EmptyFist","BowlingBash"],"picked":"Worship","floor":5.0},{"not_picked":["Pray","Prostrate"],"picked":"Wish","floor":6.0},{"not_picked":["EmptyBody","InnerPeace"],"picked":"FollowUp","floor":8.0},{"not_picked":["Halt","ThirdEye","TalkToTheHand"],"picked":"SKIP","floor":10.0},{"not_picked":["SpiritShield","LessonLearned"],"picked":"Establishment","floor":16.0},{"not_picked":["BowlingBash","Halt"],"picked":"Worship","floor":18.0},{"not_picked":["EmptyBody","Fasting2+1"],"picked":"Protect","floor":19.0},{"not_picked":["ClearTheMind","Tantrum+1"],"picked":"Study+1","floor":22.0},{"not_picked":["EmptyMind","DeceiveReality"],"picked":"BowlingBash+1","floor":25}],"player_experience":113267,"relics_obtained":[{"floor":6.0,"key":"Boot"},{"floor":8.0,"key":"Ornamental Fan"},{"floor":9.0,"key":"Pantograph"},{"floor":26,"key":"Vajra"}],"event_choices":[{"damage_healed":0.0,"max_hp_gain":0.0,"max_hp_loss":0.0,"gold_gain":0.0,"event_name":"Lab","player_choice":"Got Potions","floor":4.0,"gold_loss":0.0,"damage_taken":0.0},{"damage_healed":0.0,"max_hp_gain":0.0,"max_hp_loss":0.0,"gold_gain":0.0,"event_name":"The Woman in Blue","player_choice":"Bought 0 Potions","floor":14.0,"gold_loss":0.0,"damage_taken":0.0},{"damage_healed":0.0,"max_hp_gain":0.0,"max_hp_loss":0.0,"gold_gain":0.0,"event_name":"Drug Dealer","player_choice":"Obtain J.A.X.","floor":21.0,"gold_loss":0.0,"damage_taken":0.0,"cards_obtained":["J.A.X."]}],"is_beta":false,"boss_relics":[{"not_picked":["Fusion Hammer","Snecko Eye"],"picked":"Philosopher\u0027s Stone"}],"items_purged_floors":[],"is_endless":false,"potions_floor_spawned":[1,5,6,8,16,19,22],"killed_by":"Centurion and Healer","ascension_level":0}}