{"host":"ig7tc0uedzltt2sr","time":1610000786,"event":{"mods":["BaseMod","Better Twitch Integration","Block Reminder","Colored Map","Colored Powertips","Communication Mod","Current Relic Mod","GifTheSpireLib","HexUI Lib","Minty Spire (QoL Compilation)","Quick Restart","Random Character Button","Rare Cards Sparkle","Relic Sorter","Relic Stats","Slay the Relics Exporter","StSLib","SuperFastMode","Synergy Search","Twitch Decklist","Twitch Utils","everything is the same but u backflip on backflip","slay the spire mod where everything is the same but ironclad has a cowboy hat"],"gold_per_floor":[117,67,85,100,119,119,119],"floor_reached":6,"playtime":92,"items_purged":[],"score":38,"play_id":"f88a7250-cacf-456e-ae2c-1fd039245c94","local_time":"20210106222626","is_ascension_mode":false,"campfire_choices":[],"circlet_count":0,"master_deck":["Strike_R","Strike_R","Strike_R","Strike_R","Strike_R","Defend_R","Defend_R","Defend_R","Defend_R","Bash","Entrench","Flex","Brutality"],"relics":["Burning Blood"],"acts_visited":["Exordium"],"potions_floor_usage":[],"damage_taken":[{"damage":7,"enemies":"2 Louse","floor":1,"turns":5},{"damage":26,"enemies":"Cultist","floor":3,"turns":8},{"damage":19,"enemies":"Jaw Worm","floor":4,"turns":8},{"damage":37,"enemies":"Red Slaver","floor":5,"turns":12},{"damage":29,"enemies":"3 Sentries","floor":6,"turns":5}],"seed_played":"-606991064624147460","potions_obtained":[{"floor":4,"key":"ElixirPotion"},{"floor":5,"key":"CultistPotion"}],"is_trial":false,"path_per_floor":["M","?","M","M","M","E"],"character_chosen":"IRONCLAD","items_purchased":[],"campfire_rested":0,"item_purchase_floors":[],"current_hp_per_floor":[87,87,67,54,23,0,0],"gold":119,"neow_bonus":"TEN_PERCENT_HP_BONUS","is_daily":false,"chose_seed":false,"campfire_upgraded":0,"win_rate":0.0,"timestamp":1610000786,"path_taken":["M","?","M","M","M","E"],"items_purchased_type":[],"build_version":"2020-12-22","purchased_purges":0,"victory":false,"max_hp_per_floor":[88,88,88,88,88,88,88],"relic_stats":{"counters":[5,38],"obtain_stats":[{"Burning Blood":0},{"Burning Blood":0},{"Burning Blood":0}],"Burning Blood":24},"card_choices":[{"not_picked":["Twin Strike","Anger"],"picked":"Searing Blow","floor":1},{"not_picked":["Wild Strike","Body Slam"],"picked":"Entrench","floor":3},{"not_picked":["Clash","Armaments"],"picked":"Flex","floor":4},{"not_picked":["Hemokinesis","Anger"],"picked":"Brutality","floor":5}],"player_experience":1450358,"relics_obtained":[],"event_choices":[{"cards_removed":["Searing Blow"],"damage_healed":0,"gold_gain":0,"player_choice":"Card Removal","damage_taken":0,"max_hp_gain":0,"max_hp_loss":0,"event_name":"The Cleric","floor":2,"gold_loss":50}],"is_beta":false,"boss_relics":[],"items_purged_floors":[],"is_endless":false,"potions_floor_spawned":[4,5],"killed_by":"3 Sentries","ascension_level":0}}