{"host":"ig7tc0uedzltt2sr","time":1610003419,"event":{"mods":["BaseMod","Better Twitch Integration","Block Reminder","Colored Map","Colored Powertips","Communication Mod","Current Relic Mod","GifTheSpireLib","HexUI Lib","Minty Spire (QoL Compilation)","Quick Restart","Random Character Button","Rare Cards Sparkle","Relic Sorter","Relic Stats","Slay the Relics Exporter","StSLib","SuperFastMode","Synergy Search","Twitch Decklist","Twitch Utils","everything is the same but u backflip on backflip","slay the spire mod where everything is the same but ironclad has a cowboy hat"],"gold_per_floor":[113,128,128,128,147,147,147,147,147,114,128,179,179,190,190,190,190],"floor_reached":16,"playtime":141,"items_purged":[],"score":92,"play_id":"eb3a9673-6af6-4065-b30d-25d54afae55f","local_time":"20210106231019","is_ascension_mode":false,"campfire_choices":[{"floor":6,"key":"REST"},{"floor":8,"key":"REST"},{"floor":15,"key":"REST"}],"circlet_count":0,"master_deck":["Strike_R","Strike_R","Strike_R","Strike_R","Strike_R","Defend_R","Defend_R","Defend_R","Defend_R","Bash","Wild Strike","Searing Blow","Clothesline","Limit Break","Wild Strike"],"relics":["Burning Blood","Bag of Marbles","Torii","Juzu Bracelet"],"acts_visited":["Exordium"],"potions_floor_usage":[],"damage_taken":[{"damage":38,"enemies":"Jaw Worm","floor":1,"turns":11},{"damage":9,"enemies":"Small Slimes","floor":2,"turns":9},{"damage":5,"enemies":"Cultist","floor":5,"turns":4},{"damage":13,"enemies":"Exordium Thugs","floor":10,"turns":5},{"damage":0,"enemies":"Looter","floor":11,"turns":2},{"damage":27,"enemies":"Large Slime","floor":14,"turns":12},{"damage":90,"enemies":"Hexaghost","floor":16,"turns":14}],"seed_played":"1873745289907165490","potions_obtained":[{"floor":10,"key":"Fire Potion"}],"is_trial":false,"path_per_floor":["M","M","?","$","M","R","?","R","T","M","M","T","?","M","R","B"],"character_chosen":"IRONCLAD","items_purchased":[],"campfire_rested":3,"item_purchase_floors":[],"current_hp_per_floor":[56,53,53,53,54,80,80,88,88,81,87,87,87,66,88,0,0],"gold":190,"neow_bonus":"TEN_PERCENT_HP_BONUS","is_daily":false,"chose_seed":false,"campfire_upgraded":0,"win_rate":0.0,"timestamp":1610003419,"path_taken":["M","M","?","?","M","R","?","R","T","?","M","?","?","M","R","BOSS"],"items_purchased_type":[],"build_version":"2020-12-22","purchased_purges":0,"victory":false,"max_hp_per_floor":[88,88,88,88,88,88,88,88,88,88,88,88,88,88,88,88,88],"relic_stats":{"Torii":21,"counters":[7,57],"Juzu Bracelet":0,"obtain_stats":[{"Torii":9,"Bag of Marbles":7,"Juzu Bracelet":12,"Burning Blood":0},{"Torii":3,"Bag of Marbles":3,"Juzu Bracelet":5,"Burning Blood":0},{"Torii":24,"Bag of Marbles":24,"Juzu Bracelet":31,"Burning Blood":0}],"Burning Blood":36},"card_choices":[{"not_picked":["Pommel Strike","Twin Strike"],"picked":"Wild Strike","floor":1},{"not_picked":["Sword Boomerang","Wild Strike"],"picked":"Searing Blow","floor":2},{"not_picked":["Body Slam","Cleave"],"picked":"Intimidate","floor":5},{"not_picked":["Flame Barrier","Cleave"],"picked":"Clothesline","floor":10},{"not_picked":["Second Wind","Anger"],"picked":"Limit Break","floor":11},{"not_picked":["Twin Strike","True Grit"],"picked":"Wild Strike","floor":14}],"player_experience":1452439,"relics_obtained":[{"floor":9,"key":"Torii"},{"floor":12,"key":"Juzu Bracelet"}],"event_choices":[{"damage_healed":0,"gold_gain":0,"player_choice":"Ignored","damage_taken":0,"max_hp_gain":0,"max_hp_loss":0,"event_name":"Shining Light","floor":3,"gold_loss":0},{"cards_removed":["Intimidate"],"damage_healed":0,"gold_gain":0,"player_choice":"Gave Card","damage_taken":0,"relics_obtained":["Bag of Marbles"],"max_hp_gain":0,"max_hp_loss":0,"event_name":"WeMeetAgain","floor":7,"gold_loss":0},{"damage_healed":0,"gold_gain":0,"player_choice":"Leave","damage_taken":0,"max_hp_gain":0,"max_hp_loss":0,"event_name":"The Cleric","floor":13,"gold_loss":0}],"is_beta":false,"boss_relics":[],"items_purged_floors":[],"is_endless":false,"potions_floor_spawned":[10],"killed_by":"Hexaghost","ascension_level":0}}