{"host":"dgf4n6lo35jtjz0c","time":1610011831,"event":{"mods":["AchievementEnabler","BaseMod","Bestiary","Colored Powertips","Minty Spire (QoL Compilation)"],"gold_per_floor":[116,132,142,142,154,180,180,212,292,303,321,337,337,351,351,452,452,464,464,174,174,186,186,206,206,206],"floor_reached":25,"playtime":3135,"items_purged":["Strike_P"],"score":217,"play_id":"b11a391c-a344-40c7-9b5d-2217a3cc26ac","local_time":"20210107203031","is_ascension_mode":false,"campfire_choices":[{"floor":7.0,"key":"REST"},{"floor":13.0,"key":"REST"},{"floor":15.0,"key":"REST"},{"data":"Eruption","floor":23.0,"key":"SMITH"}],"circlet_count":0,"master_deck":["Strike_P","Defend_P","Defend_P","Defend_P","Defend_P","Eruption+1","Vigilance","PathToVictory","InnerPeace","Consecrate","Omniscience","Crescendo","Collect","FollowUp","Halt","FlurryOfBlows","Omniscience","Halt","EmptyBody","Metamorphosis","Indignation","PathToVictory"],"relics":["PureWater","NeowsBlessing","Kunai","Lizard Tail","HornCleat","Philosopher\u0027s Stone","MutagenicStrength"],"acts_visited":["Exordium","TheCity"],"potions_floor_usage":[],"damage_taken":[{"damage":0.0,"enemies":"Small Slimes","floor":1.0,"turns":1.0},{"damage":0.0,"enemies":"2 Louse","floor":2.0,"turns":1.0},{"damage":0.0,"enemies":"Cultist","floor":3.0,"turns":1.0},{"damage":0.0,"enemies":"3 Louse","floor":5.0,"turns":4.0},{"damage":26.0,"enemies":"Gremlin Nob","floor":6.0,"turns":3.0},{"damage":53.0,"enemies":"3 Sentries","floor":8.0,"turns":11.0},{"damage":28.0,"enemies":"Gremlin Gang","floor":10.0,"turns":4.0},{"damage":8.0,"enemies":"Exordium Thugs","floor":11.0,"turns":5.0},{"damage":0.0,"enemies":"3 Louse","floor":12.0,"turns":4.0},{"damage":16.0,"enemies":"Blue Slaver","floor":14.0,"turns":4.0},{"damage":3.0,"enemies":"Slime Boss","floor":16.0,"turns":9.0},{"damage":0.0,"enemies":"Spheric Guardian","floor":18.0,"turns":1.0},{"damage":6.0,"enemies":"Shell Parasite","floor":22.0,"turns":4.0},{"damage":48,"enemies":"Snake Plant","floor":24,"turns":2},{"damage":19,"enemies":"Sentry and Sphere","floor":25,"turns":3}],"seed_played":"4337590078107566591","potions_obtained":[{"floor":3.0,"key":"BlessingOfTheForge"},{"floor":6.0,"key":"Explosive Potion"},{"floor":10.0,"key":"Fire Potion"},{"floor":11.0,"key":"StancePotion"},{"floor":16.0,"key":"CultistPotion"},{"floor":24,"key":"LiquidBronze"}],"is_trial":false,"path_per_floor":["M","M","M","?","M","E","R","E","T","M","M","M","R","M","R","B",null,"M","?","$","?","M","R","M","M"],"character_chosen":"WATCHER","items_purchased":["EmptyBody","Metamorphosis"],"campfire_rested":3,"item_purchase_floors":[20,20],"current_hp_per_floor":[72,72,72,65,65,39,60,7,7,17,9,9,30,14,35,32,72,72,72,72,72,66,66,18,0,0],"gold":206,"neow_bonus":"THREE_ENEMY_KILL","is_daily":false,"chose_seed":false,"campfire_upgraded":1,"win_rate":0.0,"timestamp":1610011831,"path_taken":["M","M","M","?","M","E","R","E","T","M","M","M","R","M","R","BOSS","M","?","$","?","M","R","M","M"],"items_purchased_type":["Card","Card"],"build_version":"2020-12-22","purchased_purges":1,"victory":false,"max_hp_per_floor":[72,72,72,72,72,72,72,72,72,72,72,72,72,72,72,72,72,72,72,72,72,72,72,72,72,72],"card_choices":[{"not_picked":["Evaluate","Wallop"],"picked":"PathToVictory","floor":1.0},{"not_picked":["DeceiveReality","ThirdEye","BattleHymn"],"picked":"SKIP","floor":2.0},{"not_picked":["WindmillStrike","CutThroughFate"],"picked":"InnerPeace","floor":3.0},{"not_picked":["Wallop","Protect"],"picked":"Consecrate","floor":5.0},{"not_picked":["ClearTheMind","FlyingSleeves"],"picked":"Omniscience","floor":6.0},{"not_picked":["Evaluate","ClearTheMind"],"picked":"Crescendo","floor":8.0},{"not_picked":["FlyingSleeves","TalkToTheHand"],"picked":"Collect","floor":10.0},{"not_picked":["ThirdEye","SashWhip"],"picked":"FollowUp","floor":11.0},{"not_picked":["ClearTheMind","CutThroughFate"],"picked":"Halt","floor":12.0},{"not_picked":["SashWhip","JustLucky"],"picked":"FlurryOfBlows","floor":14.0},{"not_picked":["ConjureBlade","DeusExMachina"],"picked":"Omniscience","floor":16.0},{"not_picked":["Conclude","ClearTheMind"],"picked":"Halt","floor":18.0},{"not_picked":["Meditate","FlurryOfBlows"],"picked":"Indignation","floor":22.0},{"not_picked":["Fasting2","Meditate"],"picked":"PathToVictory","floor":24}],"player_experience":102102,"relics_obtained":[{"floor":6.0,"key":"Kunai"},{"floor":8.0,"key":"Lizard Tail"},{"floor":9.0,"key":"HornCleat"}],"event_choices":[{"cards_removed":["Strike_P"],"damage_healed":0.0,"max_hp_gain":0.0,"max_hp_loss":0.0,"gold_gain":0.0,"event_name":"Golden Wing","player_choice":"Card Removal","floor":4.0,"gold_loss":0.0,"damage_taken":7.0},{"damage_healed":0.0,"max_hp_gain":0.0,"max_hp_loss":0.0,"gold_gain":0.0,"event_name":"Drug Dealer","player_choice":"Inject Mutagens","floor":19.0,"gold_loss":0.0,"damage_taken":0.0,"relics_obtained":["MutagenicStrength"]},{"cards_removed":["Strike_P"],"damage_healed":0.0,"max_hp_gain":0.0,"max_hp_loss":0.0,"gold_gain":0.0,"event_name":"Back to Basics","player_choice":"Elegance","floor":21.0,"gold_loss":0.0,"damage_taken":0.0}],"is_beta":false,"boss_relics":[{"not_picked":["Cursed Key","Pandora\u0027s Box"],"picked":"Philosopher\u0027s Stone"}],"items_purged_floors":[20],"is_endless":false,"potions_floor_spawned":[3,6,10,11,16,24],"killed_by":"Sentry and Sphere","ascension_level":0}}