{"host":"y2qjvfum100bh0ui","time":1610016623,"event":{"mods":["AchievementEnabler","BaseMod","Marked Mod","Minty Spire (QoL Compilation)","StSLib","The Runesmith"],"gold_per_floor":[111,125,135,153,164,164,174,174,174,174,205,205,232,243,243,345,345,358,369,369,75,86,86,86,86,113,124,124,87,87,112,112,211,211,226,242,242,242,242,242],"floor_reached":39,"playtime":3122,"items_purged":[],"score":431,"play_id":"8e1e24a3-6ecb-4f57-a9f4-f941033d2dac","local_time":"20210107185023","is_ascension_mode":false,"campfire_choices":[{"data":"Runesmith:Fortify","floor":6.0,"key":"SMITH"},{"data":"Runesmith:RunicBlueprint","floor":8.0,"key":"SMITH"},{"data":"Runesmith:PoweredAnvil","floor":12.0,"key":"SMITH"},{"floor":15.0,"key":"REST"},{"floor":24.0,"key":"REST"},{"floor":28.0,"key":"DIG"},{"data":"Runesmith:MakeshiftArmor","floor":30.0,"key":"SMITH"},{"floor":32.0,"key":"REST"}],"circlet_count":0,"master_deck":["Runesmith:Strike_RS+1","Runesmith:Strike_RS+1","Runesmith:Strike_RS+1","Runesmith:Strike_RS+1","Runesmith:Defend_RS+1","Runesmith:Defend_RS+1","Runesmith:Defend_RS+1","Runesmith:Defend_RS+1","Runesmith:CraftFirestone","Runesmith:Fortify+1","Runesmith:HeatExchange","Runesmith:RunicBlueprint+1","Runesmith:CraftProtectio+1","Runesmith:PoweredAnvil+1","Runesmith:LightningRod","CurseOfTheBell","Runesmith:Firestorm+1","Runesmith:Repurpose+1","Runesmith:MakeshiftArmor+1","Runesmith:Retool","Runesmith:CreatorForm"],"relics":["Runesmith:BrokenRuby","Happy Flower","TungstenRod","Gremlin Horn","Sundial","Calling Bell","War Paint","InkBottle","Calipers","Shovel","Mummified Hand","Pen Nib","MawBank","Meat on the Bone","Empty Cage"],"acts_visited":["Exordium","TheCity","TheBeyond"],"potions_floor_usage":[],"damage_taken":[{"damage":5.0,"enemies":"Small Slimes","floor":1.0,"turns":4.0},{"damage":0.0,"enemies":"Jaw Worm","floor":2.0,"turns":4.0},{"damage":0.0,"enemies":"Cultist","floor":3.0,"turns":3.0},{"damage":8.0,"enemies":"Red Slaver","floor":4.0,"turns":3.0},{"damage":17.0,"enemies":"Gremlin Gang","floor":5.0,"turns":4.0},{"damage":2.0,"enemies":"Exordium Wildlife","floor":7.0,"turns":3.0},{"damage":1.0,"enemies":"Lagavulin","floor":11.0,"turns":5.0},{"damage":26.0,"enemies":"Gremlin Nob","floor":13.0,"turns":5.0},{"damage":12.0,"enemies":"Blue Slaver","floor":14.0,"turns":3.0},{"damage":4.0,"enemies":"Hexaghost","floor":16.0,"turns":9.0},{"damage":5.0,"enemies":"Chosen","floor":18.0,"turns":8.0},{"damage":6.0,"enemies":"3 Byrds","floor":19.0,"turns":5.0},{"damage":24.0,"enemies":"Snecko","floor":22.0,"turns":5.0},{"damage":24.0,"enemies":"Book of Stabbing","floor":23.0,"turns":5.0},{"damage":8.0,"enemies":"Centurion and Healer","floor":27.0,"turns":8.0},{"damage":17.0,"enemies":"Slavers","floor":31.0,"turns":6.0},{"damage":13,"enemies":"Collector","floor":33,"turns":11},{"damage":64,"enemies":"3 Shapes","floor":35,"turns":3},{"damage":1,"enemies":"Orb Walker","floor":36,"turns":4},{"damage":38,"enemies":"Jaw Worm Horde","floor":39,"turns":5}],"seed_played":"-1506093053402611080","potions_obtained":[{"floor":2.0,"key":"DistilledChaos"},{"floor":5.0,"key":"EntropicBrew"},{"floor":7.0,"key":"ColorlessPotion"},{"floor":16.0,"key":"SneckoOil"},{"floor":18.0,"key":"SmokeBomb"},{"floor":19.0,"key":"SneckoOil"},{"floor":27.0,"key":"Fire Potion"},{"floor":33,"key":"SpeedPotion"},{"floor":36,"key":"Block Potion"}],"is_trial":false,"path_per_floor":["M","M","M","M","M","R","M","R","T","?","E","R","E","M","R","B",null,"M","M","?","$","M","E","R","?","T","M","R","$","R","E","R","B",null,"M","M","?","?","M"],"character_chosen":"RUNESMITH_CLASS","items_purchased":["Runesmith:Firestorm","Mummified Hand","Runesmith:MakeshiftArmor"],"campfire_rested":3,"item_purchase_floors":[21,21,29],"current_hp_per_floor":[65,65,65,57,40,40,38,38,38,43,42,42,16,4,26,22,75,70,64,64,64,40,16,38,38,38,30,30,30,30,13,35,34,75,23,34,34,34,0,0],"gold":242,"neow_bonus":"RANDOM_COMMON_RELIC","is_daily":false,"chose_seed":false,"campfire_upgraded":4,"win_rate":0.0,"timestamp":1610016623,"path_taken":["M","M","M","M","M","R","M","R","T","?","E","R","E","M","R","BOSS","M","M","?","$","M","E","R","?","T","M","R","$","R","E","R","BOSS","M","M","?","?","M"],"items_purchased_type":["Card","Relic","Card"],"build_version":"2020-12-22","purchased_purges":0,"victory":false,"max_hp_per_floor":[70,70,70,70,70,70,70,70,70,75,75,75,75,75,75,75,75,75,75,75,75,75,75,75,75,75,75,75,75,75,75,75,75,75,75,75,71,71,71,71],"card_choices":[{"not_picked":["Runesmith:EarthShield","Runesmith:HeatedChisel"],"picked":"Runesmith:HeatExchange","floor":1.0},{"not_picked":["Runesmith:Augment","Runesmith:ChargedHammer","Runesmith:StaticCage"],"picked":"SKIP","floor":2.0},{"not_picked":["Runesmith:NanitesCloud","Runesmith:StaticCage"],"picked":"Runesmith:RunicBlueprint","floor":3.0},{"not_picked":["Runesmith:EnergizedChisel","Runesmith:Terraform"],"picked":"Runesmith:BackupBattery","floor":4.0},{"not_picked":["Runesmith:HeatedChisel","Runesmith:HammerTime","Runesmith:UnstableHammer"],"picked":"SKIP","floor":5.0},{"not_picked":["Runesmith:Grindstone","Runesmith:RuneHurl"],"picked":"Runesmith:CraftProtectio","floor":7.0},{"not_picked":["Runesmith:CraftPrismatica","Runesmith:HammerThrow"],"picked":"Runesmith:PoweredAnvil","floor":11.0},{"not_picked":["Runesmith:ChargedHammer","Runesmith:GoWithTheFlow","Runesmith:Permafrost"],"picked":"SKIP","floor":13.0},{"not_picked":["Runesmith:Reinforce","Runesmith:EarthShield","Runesmith:CraftObretio"],"picked":"SKIP","floor":14.0},{"not_picked":["Runesmith:GrandSlam","Runesmith:ArcReactor"],"picked":"Runesmith:LightningRod","floor":16.0},{"not_picked":["Runesmith:Augment","Runesmith:Malloc"],"picked":"Runesmith:CraftSpiculum","floor":18.0},{"not_picked":["Runesmith:Overpower","Runesmith:Superposition+1","Runesmith:WhiteBalance"],"picked":"SKIP","floor":19.0},{"not_picked":["Runesmith:RunicBlueprint","Runesmith:MakeshiftArmor"],"picked":"Runesmith:Repurpose+1","floor":22.0},{"not_picked":["Runesmith:Electrocute+1","Runesmith:EnergizedChisel+1","Runesmith:CraftMagma+1"],"picked":"SKIP","floor":27.0},{"not_picked":["Runesmith:ChargedHammer","Runesmith:LithiumIon"],"picked":"Runesmith:Retool","floor":31.0},{"not_picked":["Runesmith:LastStand","Runesmith:CraftMedicinae"],"picked":"Runesmith:CreatorForm","floor":33},{"not_picked":["Runesmith:EarthShield","Runesmith:EnergizedChisel","Runesmith:WhiteBalance+1"],"picked":"SKIP","floor":35},{"not_picked":["Runesmith:WhiteBalance+1","Runesmith:BackupBattery+1","Runesmith:Electrocute+1"],"picked":"SKIP","floor":36}],"player_experience":13831,"relics_obtained":[{"floor":9.0,"key":"TungstenRod"},{"floor":11.0,"key":"Gremlin Horn"},{"floor":13.0,"key":"Sundial"},{"floor":17.0,"key":"War Paint"},{"floor":17.0,"key":"InkBottle"},{"floor":17.0,"key":"Calipers"},{"floor":26.0,"key":"Pen Nib"},{"floor":28.0,"key":"MawBank"},{"floor":31.0,"key":"Meat on the Bone"}],"event_choices":[{"damage_healed":0.0,"max_hp_gain":5.0,"max_hp_loss":0.0,"gold_gain":0.0,"event_name":"Big Fish","player_choice":"Donut","floor":10.0,"gold_loss":0.0,"damage_taken":0.0},{"damage_healed":0.0,"max_hp_gain":0.0,"max_hp_loss":0.0,"gold_gain":0.0,"event_name":"The Mausoleum","player_choice":"Opened","floor":20.0,"gold_loss":0.0,"damage_taken":0.0,"relics_obtained":["Shovel"]},{"damage_healed":0.0,"max_hp_gain":0.0,"max_hp_loss":0.0,"gold_gain":0.0,"event_name":"Back to Basics","player_choice":"Simplicity","floor":25.0,"gold_loss":0.0,"damage_taken":0.0,"cards_upgraded":["Runesmith:Strike_RS","Runesmith:Strike_RS","Runesmith:Strike_RS","Runesmith:Strike_RS","Runesmith:Defend_RS","Runesmith:Defend_RS","Runesmith:Defend_RS"]},{"damage_healed":0,"gold_gain":0,"player_choice":"Max HP","damage_taken":0,"max_hp_gain":0,"max_hp_loss":4,"event_name":"Winding Halls","floor":37,"gold_loss":0},{"damage_healed":0,"gold_gain":0,"player_choice":"Upgraded","damage_taken":0,"max_hp_gain":0,"max_hp_loss":0,"event_name":"Upgrade Shrine","floor":38,"gold_loss":0,"cards_upgraded":["Runesmith:Firestorm"]}],"is_beta":false,"boss_relics":[{"not_picked":["Busted Crown","Cursed Key"],"picked":"Calling Bell"},{"not_picked":["SacredBark","Runic Pyramid"],"picked":"Empty Cage"}],"items_purged_floors":[],"is_endless":false,"potions_floor_spawned":[2,5,7,16,18,19,23,27,33,36],"killed_by":"Jaw Worm Horde","ascension_level":0}}