{"host":"wonp23fsqqcu31ie","time":1610020818,"event":{"mods":["2.2 Compatiblity","AchievementEnabler","Aspiration","BaseMod","Bestiary","Better Altar","Better Match","Better Sensory Stone","Better Skull","Better Third Choice","BetterRewards","Block Reminder","Colored Map","Colored Powertips","Conspire","Curses Come First","DeckTracker","Displayed Cursed Tome","Downfall","Evolution","Hermit","Highlight Path","Hubris","Marisa????????","Minty Spire (QoL Compilation)","Permanent Neow","Prisma Mod","Quick Restart","Rare Cards Sparkle","Relic Stats","Replay The Spire","Robot Space Explorer","Shade Mod","Shop Mod","StSLib","SuperFastMode","The Animator","The Bug Knight","The Construct","The Cursed","The Dragon Tamer","The Gatherer","The Marked","The Necromancer","The Runesmith","The Servant 0.9.4"],"gold_per_floor":[116,116,116,130,20,20,20],"floor_reached":6,"playtime":134,"items_purged":[],"score":39,"play_id":"2f75d165-0734-44f9-894e-d9f29d0a0fc9","local_time":"20210107230018","is_ascension_mode":true,"campfire_choices":[],"circlet_count":0,"master_deck":["Strike_G","Strike_G","Strike_G","Strike_G","Strike_G","Defend_G","Defend_G","Defend_G","Defend_G","Defend_G","Survivor","Neutralize","Deadly Poison","Quick Slash","ReplayTheSpireMod:The Works","Hidden Blade","Hidden Blade"],"relics":["Ring of the Snake","EVO:Axolotl","aspiration:Nostalgia","m_SnakeCloak","aspiration:BabyByrd","construct:FoamFinger"],"acts_visited":["Exordium"],"potions_floor_usage":[],"damage_taken":[{"damage":0,"enemies":"2 Louse","floor":1,"turns":4},{"damage":0,"enemies":"Jaw Worm","floor":4,"turns":4},{"damage":22,"enemies":"3 Sentries","floor":6,"turns":3}],"seed_played":"3063184697251261009","potions_obtained":[],"is_trial":false,"path_per_floor":["M","?","T","M","$","E"],"character_chosen":"THE_SILENT","items_purchased":["ReplayTheSpireMod:The Works","Hidden Blade"],"campfire_rested":0,"item_purchase_floors":[5,5],"current_hp_per_floor":[70,70,70,70,70,48,48],"gold":20,"neow_bonus":"NOSTALGIA","is_daily":false,"chose_seed":false,"campfire_upgraded":0,"win_rate":0.0,"timestamp":1610020818,"path_taken":["M","?","?","M","$","E"],"items_purchased_type":["Card","Card"],"build_version":"2020-12-22","purchased_purges":0,"victory":false,"max_hp_per_floor":[70,70,70,70,70,70,70],"relic_stats":{"counters":[3,11],"obtain_stats":[{"m_SnakeCloak":0,"construct:FoamFinger":3,"aspiration:Nostalgia":0,"aspiration:BabyByrd":2,"EVO:Axolotl":0,"Ring of the Snake":0},{"m_SnakeCloak":0,"construct:FoamFinger":1,"aspiration:Nostalgia":0,"aspiration:BabyByrd":1,"EVO:Axolotl":0,"Ring of the Snake":0},{"m_SnakeCloak":0,"construct:FoamFinger":4,"aspiration:Nostalgia":0,"aspiration:BabyByrd":4,"EVO:Axolotl":0,"Ring of the Snake":0}],"Ring of the Snake":[6]},"card_choices":[{"not_picked":["Acrobatics","Heel Hook"],"picked":"Deadly Poison","floor":1},{"not_picked":["Slice","Dagger Throw"],"picked":"Quick Slash","floor":4}],"player_experience":481492,"relics_obtained":[{"floor":3,"key":"construct:FoamFinger"}],"event_choices":[],"is_beta":false,"boss_relics":[],"items_purged_floors":[],"is_endless":false,"potions_floor_spawned":[],"killed_by":"3 Sentries","ascension_level":3}}