{"host":"91kqwblrqvon3fcz","time":1610021894,"event":{"mods":["Act Like it!","BaseMod","Elementarium","Hermit","Minty Spire (QoL Compilation)","Quick Restart","StSLib"],"gold_per_floor":[113,113,131,144,108,108,108,123,123,123,133,168,183,25,25,128,128,141,191,191,211,54,80,80,105,179,205,224,255,279,290,290,388,388,398,220,220,235,235,264,264,296,351,351,371,388,388,403,403,403,403],"floor_reached":50,"playtime":1726,"items_purged":[],"score":680,"play_id":"a4790b2a-393a-4adf-94de-dc1292a0bcd5","local_time":"20210107041814","is_ascension_mode":true,"campfire_choices":[{"data":"hermit:EyeOfTheStorm","floor":6.0,"key":"SMITH"},{"data":"hermit:Reprieve","floor":10.0,"key":"SMITH"},{"floor":15.0,"key":"REST"},{"floor":24.0,"key":"REST"},{"floor":32.0,"key":"REST"},{"floor":41.0,"key":"REST"},{"floor":44.0,"key":"REST"},{"floor":49.0,"key":"RECALL"}],"circlet_count":0,"master_deck":["hermit:Strike_Hermit","hermit:Strike_Hermit","hermit:Strike_Hermit","hermit:Strike_Hermit","hermit:Defend_Hermit","hermit:Defend_Hermit","hermit:Defend_Hermit","hermit:Defend_Hermit","hermit:Snapshot","hermit:GoldenBullet","hermit:EyeOfTheStorm+1","hermit:Maintenance+1","hermit:Reprieve+1","hermit:Reprieve","hermit:Roulette","hermit:FromBeyond","hermit:Determination","hermit:RoundhouseKick","hermit:Showdown+1","hermit:Ricochet+1","hermit:Coalescence+1","hermit:Headshot+1","Elementarium:GildedDefend","Pain","hermit:SprayPray","hermit:RoundhouseKick","hermit:Coalescence","hermit:Purgatory","hermit:Gestalt","hermit:Feint+1","hermit:Maintenance","hermit:Purgatory","hermit:GoldenBullet+1","hermit:Determination","hermit:Dissolve","hermit:Gestalt","hermit:HighCaliber+1","hermit:ShadowCloak","hermit:Coalescence+1","hermit:BodyArmor+1","Discovery","Forethought","Dramatic Entrance","hermit:TrackingShot+1","hermit:GhostlyPresence+1","hermit:Deadeye+1","hermit:Combo+1","hermit:FatalDesire","hermit:FullyLoaded+1","Parasite","hermit:LowProfile+1","hermit:GhostlyPresence","Doubt","hermit:Gestalt","hermit:BlackWind"],"relics":["hermit:Momento","NeowsBlessing","Meat on the Bone","Lizard Tail","TungstenRod","Astrolabe","Elementarium:GolemsHeart","DollysMirror","hermit:RyeStalk","Prayer Wheel","Gremlin Horn","The Courier","Mango","Elementarium:ElementariumTrophy","Philosopher\u0027s Stone","Dream Catcher","Bag of Preparation","Potion Belt","Happy Flower"],"acts_visited":["Exordium","Elementarium:Elementarium","TheBeyond"],"potions_floor_usage":[],"damage_taken":[{"damage":0.0,"enemies":"2 Louse","floor":1.0,"turns":1.0},{"damage":0.0,"enemies":"Jaw Worm","floor":3.0,"turns":1.0},{"damage":6.0,"enemies":"Small Slimes","floor":4.0,"turns":2.0},{"damage":3.0,"enemies":"Looter","floor":8.0,"turns":3.0},{"damage":11.0,"enemies":"3 Louse","floor":11.0,"turns":4.0},{"damage":33.0,"enemies":"Gremlin Nob","floor":12.0,"turns":5.0},{"damage":0.0,"enemies":"Large Slime","floor":13.0,"turns":6.0},{"damage":57.0,"enemies":"Slime Boss","floor":16.0,"turns":10.0},{"damage":0.0,"enemies":"Elementarium:2_ELEMENTALS","floor":18.0,"turns":2.0},{"damage":6.0,"enemies":"Elementarium:MUD_AND_TAR_GOLEMS","floor":21.0,"turns":3.0},{"damage":57.0,"enemies":"Elementarium:FIRE_NOBILITY","floor":23.0,"turns":9.0},{"damage":34.0,"enemies":"Elementarium:WarGolem","floor":25.0,"turns":5.0},{"damage":16.0,"enemies":"Elementarium:FIRE_NOBILITY","floor":27.0,"turns":5.0},{"damage":0.0,"enemies":"Elementarium:3_ELEMENTALS","floor":28.0,"turns":3.0},{"damage":27.0,"enemies":"Elementarium:WarGolem","floor":29.0,"turns":5.0},{"damage":19.0,"enemies":"Elementarium:STONE_GOLEMS","floor":31.0,"turns":6.0},{"damage":80.0,"enemies":"Elementarium:PHOENIXES","floor":33.0,"turns":10.0},{"damage":0.0,"enemies":"3 Darklings","floor":35.0,"turns":2.0},{"damage":11.0,"enemies":"3 Shapes","floor":38.0,"turns":2.0},{"damage":45.0,"enemies":"Reptomancer","floor":40.0,"turns":9.0},{"damage":48.0,"enemies":"Giant Head","floor":42.0,"turns":11.0},{"damage":14.0,"enemies":"Transient","floor":45.0,"turns":5.0},{"damage":48.0,"enemies":"Writhing Mass","floor":46.0,"turns":6.0},{"damage":6.0,"enemies":"Sphere and 2 Shapes","floor":48.0,"turns":1.0},{"damage":0,"enemies":"Donu and Deca","floor":50,"turns":1}],"seed_played":"5710733856872664140","potions_obtained":[{"floor":3.0,"key":"ColorlessPotion"},{"floor":11.0,"key":"ColorlessPotion"},{"floor":13.0,"key":"PowerPotion"},{"floor":16.0,"key":"Swift Potion"},{"floor":25.0,"key":"hermit:Tonic"},{"floor":29.0,"key":"PowerPotion"},{"floor":31.0,"key":"Strength Potion"},{"floor":33.0,"key":"ColorlessPotion"},{"floor":35.0,"key":"GamblersBrew"},{"floor":38.0,"key":"hermit:Tonic"},{"floor":46.0,"key":"Swift Potion"}],"is_trial":false,"path_per_floor":["M","?","M","M","$","R","?","M","T","R","M","E","M","$","R","B",null,"M","?","?","M","$","E","R","E","T","E","M","E","T","M","R","B",null,"M","$","?","M","?","E","R","E","T","R","M","M","?","M","R","B"],"character_chosen":"HERMIT","items_purchased":["hermit:Maintenance","hermit:FromBeyond","hermit:Determination","DollysMirror","Dream Catcher","hermit:ShadowCloak"],"campfire_rested":5,"item_purchase_floors":[5,14,14,22,36,36],"current_hp_per_floor":[75,63,63,57,57,57,57,54,54,54,47,30,42,42,64,23,75,75,75,75,69,69,34,56,42,42,46,54,61,61,46,72,16,89,89,89,89,78,69,44,70,38,38,64,58,26,89,83,83,83,83],"gold":403,"neow_bonus":"THREE_ENEMY_KILL","is_daily":false,"chose_seed":false,"campfire_upgraded":2,"win_rate":0.0,"timestamp":1610021894,"path_taken":["M","?","M","M","$","R","?","M","T","R","M","E","M","?","R","BOSS","M","?","?","M","$","E","R","E","T","E","M","E","?","M","R","BOSS","M","$","?","M","?","E","R","E","T","R","?","M","?","M","R","BOSS"],"items_purchased_type":["Card","Card","Card","Relic","Relic","Card"],"build_version":"2020-12-22","purchased_purges":0,"victory":false,"max_hp_per_floor":[75,75,75,75,75,75,75,75,75,75,75,75,75,75,75,75,75,75,75,75,75,75,75,75,75,75,75,75,89,89,89,89,89,89,89,89,89,89,89,89,89,89,89,89,89,89,89,89,89,89,89],"card_choices":[{"not_picked":["hermit:SprayPray","hermit:TrackingShot"],"picked":"hermit:GoldenBullet","floor":1.0},{"not_picked":["hermit:WideOpen","hermit:TrackingShot"],"picked":"hermit:Manifest","floor":3.0},{"not_picked":["hermit:Shortfuse","hermit:Brawl"],"picked":"hermit:EyeOfTheStorm","floor":4.0},{"not_picked":["hermit:ItchyTrigger","hermit:BodyArmor"],"picked":"hermit:Reprieve","floor":8.0},{"not_picked":["hermit:WideOpen","hermit:Spite"],"picked":"hermit:Reprieve","floor":11.0},{"not_picked":["hermit:LuckOfTheDraw","hermit:Glare"],"picked":"hermit:Roulette","floor":12.0},{"not_picked":["hermit:Grudge","hermit:Manifest"],"picked":"hermit:Desperado","floor":13.0},{"not_picked":["hermit:Reprieve","hermit:FromBeyond"],"picked":"hermit:RoundhouseKick","floor":16.0},{"not_picked":["hermit:HoleUp+1","hermit:BodyArmor+1"],"picked":"hermit:Headshot+1","floor":18.0},{"not_picked":["hermit:Manifest","hermit:BodyArmor"],"picked":"hermit:SprayPray","floor":21.0},{"not_picked":["hermit:Vantage","hermit:Misfire"],"picked":"hermit:Coalescence","floor":23.0},{"not_picked":["hermit:Maintenance","hermit:Cheat"],"picked":"hermit:Purgatory","floor":25.0},{"not_picked":["hermit:LoneWolf+1","hermit:Cheat"],"picked":"hermit:Gestalt","floor":27.0},{"not_picked":["hermit:Ricochet","hermit:DeadMansHand"],"picked":"hermit:Feint+1","floor":28.0},{"not_picked":["hermit:PistolWhip+1","hermit:BodyArmor"],"picked":"hermit:Maintenance","floor":28.0},{"not_picked":["hermit:Virtue","hermit:LoneWolf"],"picked":"hermit:Purgatory","floor":29.0},{"not_picked":["hermit:ItchyTrigger+1","hermit:GhostlyPresence"],"picked":"hermit:GoldenBullet+1","floor":31.0},{"not_picked":["hermit:LowProfile+1","hermit:Virtue"],"picked":"hermit:Determination","floor":31.0},{"not_picked":["hermit:Gambit","hermit:Adapt"],"picked":"hermit:Dissolve","floor":33.0},{"not_picked":["hermit:Roulette","hermit:Glare+1"],"picked":"hermit:Gestalt","floor":35.0},{"not_picked":["hermit:TrackingShot+1","hermit:Misfire+1"],"picked":"hermit:HighCaliber+1","floor":35.0},{"not_picked":["hermit:SprayPray","hermit:Manifest+1"],"picked":"hermit:Coalescence+1","floor":38.0},{"not_picked":["hermit:Shortfuse","hermit:Grudge"],"picked":"hermit:BodyArmor+1","floor":38.0},{"not_picked":["Jack Of All Trades","Chrysalis"],"picked":"Discovery","floor":39.0},{"not_picked":["The Bomb","Panacea"],"picked":"Forethought","floor":39.0},{"not_picked":["Transmutation","Panache"],"picked":"Dramatic Entrance","floor":39.0},{"not_picked":["hermit:Dive+1","hermit:Adapt"],"picked":"hermit:TrackingShot+1","floor":40.0},{"not_picked":["hermit:Shortfuse","hermit:Ricochet+1"],"picked":"hermit:GhostlyPresence+1","floor":41.0},{"not_picked":["hermit:BodyArmor","hermit:WideOpen"],"picked":"hermit:Deadeye+1","floor":42.0},{"not_picked":["hermit:Coalescence+1","hermit:Headshot+1"],"picked":"hermit:Combo+1","floor":44.0},{"not_picked":["hermit:Glare+1","hermit:Snipe"],"picked":"hermit:FatalDesire","floor":45.0},{"not_picked":["hermit:Maintenance","hermit:Feint+1"],"picked":"hermit:FullyLoaded+1","floor":45.0},{"not_picked":["hermit:WideOpen+1","hermit:Manifest"],"picked":"hermit:LowProfile+1","floor":46.0},{"not_picked":["hermit:Midnight","hermit:PistolWhip"],"picked":"hermit:GhostlyPresence","floor":46.0},{"not_picked":["hermit:Deadeye","hermit:LowProfile+1"],"picked":"hermit:Gestalt","floor":48.0},{"not_picked":["hermit:TrackingShot","hermit:LuckOfTheDraw"],"picked":"hermit:BlackWind","floor":48.0}],"player_experience":403141,"relics_obtained":[{"floor":9.0,"key":"Lizard Tail"},{"floor":12.0,"key":"TungstenRod"},{"floor":23.0,"key":"hermit:RyeStalk"},{"floor":25.0,"key":"Prayer Wheel"},{"floor":26.0,"key":"Gremlin Horn"},{"floor":27.0,"key":"The Courier"},{"floor":29.0,"key":"Mango"},{"floor":40.0,"key":"Bag of Preparation"},{"floor":42.0,"key":"Potion Belt"},{"floor":43.0,"key":"Happy Flower"}],"event_choices":[{"damage_healed":0.0,"max_hp_gain":0.0,"max_hp_loss":0.0,"gold_gain":0.0,"event_name":"Scrap Ooze","player_choice":"Success","floor":2.0,"gold_loss":0.0,"damage_taken":12.0,"relics_obtained":["Meat on the Bone"]},{"damage_healed":0.0,"max_hp_gain":0.0,"max_hp_loss":0.0,"gold_gain":0.0,"event_name":"Living Wall","player_choice":"Grow","floor":7.0,"gold_loss":0.0,"damage_taken":0.0,"cards_upgraded":["hermit:Maintenance"]},{"damage_healed":0.0,"max_hp_gain":0.0,"max_hp_loss":0.0,"gold_gain":50.0,"event_name":"Elementarium:OnrushingOffering","player_choice":"Defend","floor":19.0,"gold_loss":0.0,"damage_taken":0.0,"cards_obtained":["Elementarium:GildedDefend"]},{"damage_healed":0.0,"max_hp_gain":0.0,"max_hp_loss":0.0,"gold_gain":0.0,"event_name":"Elementarium:AbandonedFactory","player_choice":"Chest","floor":20.0,"gold_loss":0.0,"damage_taken":0.0,"relics_obtained":["Elementarium:GolemsHeart"],"cards_obtained":["Pain"]},{"damage_healed":0.0,"max_hp_gain":0.0,"max_hp_loss":0.0,"gold_gain":0.0,"event_name":"Elementarium:ChestOfTheGoldenMirage","player_choice":"Ignored","floor":37.0,"gold_loss":0.0,"damage_taken":0.0},{"damage_healed":0.0,"max_hp_gain":0.0,"max_hp_loss":0.0,"gold_gain":0.0,"event_name":"SensoryStone","player_choice":"Memory 3","floor":39.0,"gold_loss":0.0,"damage_taken":10.0},{"damage_healed":63.0,"max_hp_gain":0.0,"max_hp_loss":0.0,"gold_gain":0.0,"event_name":"MindBloom","player_choice":"Heal","floor":47.0,"gold_loss":0.0,"damage_taken":0.0,"cards_obtained":["Doubt"]}],"is_beta":false,"boss_relics":[{"not_picked":["Tiny House","Fusion Hammer"],"picked":"Astrolabe"},{"not_picked":["Sozu","Busted Crown"],"picked":"Philosopher\u0027s Stone"}],"items_purged_floors":[],"is_endless":false,"potions_floor_spawned":[3,11,13,16,25,29,31,33,35,38,46],"killed_by":"Donu and Deca","ascension_level":2}}