{"host":"vrsxkkch9ccrec7k","time":1610054482,"event":{"mods":["Act Like it!","BaseMod","Bestiary","Better Third Choice","Better Vampires","Gensokyo","Hermit","Minty Spire (QoL Compilation)","Permanent Neow","Relic Stats","Spicy Shops","StSLib"],"gold_per_floor":[113,127,139,139,158,158,158,192,217,230,255,255,307,63,63,193,193,218,218,16,41,41,41,55,55,55],"floor_reached":25,"playtime":1716,"items_purged":["Injury"],"score":213,"play_id":"9d3bce39-6bad-469b-85b5-251f6c2ce121","local_time":"20210107162122","is_ascension_mode":true,"campfire_choices":[{"data":"hermit:WideOpen","floor":6,"key":"SMITH"},{"data":"hermit:Snapshot","floor":12,"key":"SMITH"},{"data":"hermit:TakeCover","floor":15,"key":"SMITH"},{"data":"hermit:HighCaliber","floor":23,"key":"SMITH"}],"circlet_count":0,"master_deck":["hermit:Strike_Hermit","hermit:Strike_Hermit","hermit:Strike_Hermit","hermit:Strike_Hermit","hermit:Defend_Hermit","hermit:Defend_Hermit","hermit:Defend_Hermit","hermit:Defend_Hermit","hermit:Snapshot+1","hermit:Covet","hermit:WideOpen+1","hermit:HighCaliber+1","hermit:TakeCover+1","hermit:Shortfuse","hermit:Brawl"],"relics":["hermit:Momento","Dream Catcher","Golden Idol","Pen Nib","Smiling Mask","Potion Belt","Lantern","SlaversCollar","Nunchaku"],"acts_visited":["Exordium","TheCity"],"potions_floor_usage":[8,11,16,16,21,25,25,25],"damage_taken":[{"damage":1,"enemies":"Cultist","floor":1,"turns":4},{"damage":5,"enemies":"Small Slimes","floor":2,"turns":3},{"damage":1,"enemies":"Jaw Worm","floor":3,"turns":2},{"damage":5,"enemies":"Looter","floor":5,"turns":4},{"damage":16,"enemies":"Lagavulin","floor":8,"turns":6},{"damage":7,"enemies":"Exordium Wildlife","floor":10,"turns":6},{"damage":0,"enemies":"Gremlin Gang","floor":11,"turns":5},{"damage":38,"enemies":"Hexaghost","floor":16,"turns":12},{"damage":5,"enemies":"Shell Parasite","floor":18,"turns":6},{"damage":15,"enemies":"3 Byrds","floor":21,"turns":4},{"damage":12,"enemies":"Snecko","floor":24,"turns":4},{"damage":66,"enemies":"Gremlin Leader","floor":25,"turns":7}],"seed_played":"7529161300025402266","potions_obtained":[{"floor":2,"key":"Strength Potion"},{"floor":3,"key":"PowerPotion"},{"floor":10,"key":"SkillPotion"},{"floor":11,"key":"LiquidMemories"},{"floor":16,"key":"CultistPotion"},{"floor":18,"key":"Fire Potion"},{"floor":24,"key":"Weak Potion"}],"is_trial":false,"path_per_floor":["M","M","M","?","M","R","?","E","T","M","M","R","T","$","R","B",null,"M","?","$","M","?","R","M","E"],"character_chosen":"HERMIT","items_purchased":["hermit:TakeCover","Lantern","hermit:Shortfuse","hermit:Brawl","Regen Potion"],"campfire_rested":0,"item_purchase_floors":[14,14,20,20,20],"current_hp_per_floor":[74,69,68,68,63,63,68,52,52,45,45,45,45,45,45,7,80,75,75,75,60,60,60,48,0,0],"gold":55,"neow_bonus":"RANDOM_COMMON_RELIC","is_daily":false,"chose_seed":false,"campfire_upgraded":4,"win_rate":0.0,"timestamp":1610054482,"path_taken":["M","M","M","?","M","R","?","E","T","M","M","R","?","$","R","BOSS","M","?","$","M","?","R","?","E"],"items_purchased_type":["Card","Relic","Card","Card","Potion"],"build_version":"2020-12-22","purchased_purges":1,"victory":false,"max_hp_per_floor":[75,75,75,75,75,75,80,80,80,80,80,80,80,80,80,80,80,80,80,80,80,80,80,80,80,80],"relic_stats":{"Dream Catcher":0,"Nunchaku":[2],"counters":[12,63],"Golden Idol":58,"Pen Nib":[7],"Smiling Mask":25,"obtain_stats":[{"Potion Belt":13,"SlaversCollar":17,"Dream Catcher":0,"Lantern":14,"Nunchaku":22,"Golden Idol":4,"Pen Nib":8,"Smiling Mask":9,"hermit:Momento":0},{"Potion Belt":7,"SlaversCollar":8,"Dream Catcher":0,"Lantern":7,"Nunchaku":10,"Golden Idol":3,"Pen Nib":5,"Smiling Mask":5,"hermit:Momento":0},{"Potion Belt":30,"SlaversCollar":42,"Dream Catcher":0,"Lantern":30,"Nunchaku":52,"Golden Idol":9,"Pen Nib":19,"Smiling Mask":19,"hermit:Momento":0}]},"card_choices":[{"not_picked":["hermit:Quickdraw","hermit:Combo","hermit:LoneWolf"],"picked":"SKIP","floor":1},{"not_picked":["hermit:Spite","hermit:Gestalt"],"picked":"hermit:WideOpen","floor":2},{"not_picked":["hermit:Vantage","hermit:Feint","hermit:TrackingShot"],"picked":"SKIP","floor":3},{"not_picked":["hermit:Scavenge","hermit:ItchyTrigger","hermit:EyeOfTheStorm"],"picked":"SKIP","floor":5},{"not_picked":["hermit:Desperado","hermit:ItchyTrigger"],"picked":"hermit:HighCaliber","floor":8},{"not_picked":["hermit:HoleUp","hermit:TrackingShot","hermit:HighCaliber"],"picked":"SKIP","floor":10},{"not_picked":["hermit:Roulette","hermit:Manifest","hermit:Dive"],"picked":"SKIP","floor":11},{"not_picked":["hermit:Combo","hermit:Midnight"],"picked":"hermit:HighCaliber+1","floor":18},{"not_picked":["hermit:Ricochet+1","hermit:Glare","hermit:Midnight"],"picked":"SKIP","floor":21},{"not_picked":["hermit:Snipe","hermit:HighCaliber","hermit:Misfire"],"picked":"SKIP","floor":24}],"player_experience":1343187,"relics_obtained":[{"floor":8,"key":"Pen Nib"},{"floor":9,"key":"Smiling Mask"},{"floor":13,"key":"Potion Belt"}],"event_choices":[{"damage_healed":0,"gold_gain":0,"player_choice":"Take Wound","damage_taken":0,"relics_obtained":["Golden Idol"],"max_hp_gain":0,"max_hp_loss":0,"event_name":"Golden Idol","floor":4,"gold_loss":0,"cards_obtained":["Injury"]},{"damage_healed":0,"gold_gain":0,"player_choice":"Donut","damage_taken":0,"max_hp_gain":5,"max_hp_loss":0,"event_name":"Big Fish","floor":7,"gold_loss":0},{"damage_healed":0,"gold_gain":0,"player_choice":"Ignored","damage_taken":0,"max_hp_gain":0,"max_hp_loss":0,"event_name":"Ghosts","floor":19,"gold_loss":0},{"cards_removed":["hermit:HighCaliber"],"damage_healed":0,"gold_gain":0,"player_choice":"Gave Card","damage_taken":0,"relics_obtained":["Nunchaku"],"max_hp_gain":0,"max_hp_loss":0,"event_name":"WeMeetAgain","floor":22,"gold_loss":0}],"is_beta":false,"boss_relics":[{"not_picked":["Busted Crown","Ectoplasm"],"picked":"SlaversCollar"}],"items_purged_floors":[14],"is_endless":false,"potions_floor_spawned":[2,3,10,11,16,18,24],"killed_by":"Gremlin Leader","ascension_level":1}}