{"host":"ig7tc0uedzltt2sr","time":1610062938,"event":{"mods":["BaseMod","Better Twitch Integration","Block Reminder","Colored Map","Colored Powertips","Communication Mod","Current Relic Mod","GifTheSpireLib","HexUI Lib","Minty Spire (QoL Compilation)","Quick Restart","Random Character Button","Rare Cards Sparkle","Relic Sorter","Relic Stats","Slay the Relics Exporter","StSLib","SuperFastMode","Synergy Search","Twitch Decklist","Twitch Utils","everything is the same but u backflip on backflip","slay the spire mod where everything is the same but ironclad has a cowboy hat"],"gold_per_floor":[110,185,185,195,207,207,217,233,305,305,288,304,322,339,339,339,339],"floor_reached":16,"playtime":163,"items_purged":[],"score":98,"play_id":"836e92a1-b028-49bb-9009-b6c5ccdd1349","local_time":"20210107154218","is_ascension_mode":false,"campfire_choices":[{"floor":6,"key":"RECALL"},{"floor":10,"key":"REST"},{"floor":15,"key":"REST"}],"circlet_count":0,"master_deck":["Strike_R","Strike_R","Strike_R","Strike_R","Strike_R","Defend_R","Defend_R","Defend_R","Defend_R","Power Through","Flex","Cleave","Reckless Charge","Offering","Rupture","Anger","Clothesline","Battle Trance","Flex"],"relics":["Burning Blood"],"acts_visited":["Exordium"],"potions_floor_usage":[],"damage_taken":[{"damage":17,"enemies":"Small Slimes","floor":1,"turns":9},{"damage":33,"enemies":"Cultist","floor":4,"turns":8},{"damage":14,"enemies":"Jaw Worm","floor":5,"turns":10},{"damage":9,"enemies":"Blue Slaver","floor":7,"turns":7},{"damage":6,"enemies":"2 Fungi Beasts","floor":8,"turns":4},{"damage":6,"enemies":"Exordium Thugs","floor":11,"turns":4},{"damage":13,"enemies":"Looter","floor":12,"turns":4},{"damage":25,"enemies":"Exordium Wildlife","floor":13,"turns":4},{"damage":8,"enemies":"Blue Slaver","floor":14,"turns":3},{"damage":103,"enemies":"The Guardian","floor":16,"turns":12}],"seed_played":"-8793293467192740410","potions_obtained":[{"floor":1,"key":"SkillPotion"},{"floor":5,"key":"FairyPotion"},{"floor":7,"key":"BlessingOfTheForge"},{"floor":8,"key":"GamblersBrew"},{"floor":12,"key":"LiquidMemories"}],"is_trial":false,"path_per_floor":["M","?","?","M","M","R","M","M","T","R","M","M","M","M","R","B"],"character_chosen":"IRONCLAD","items_purchased":[],"campfire_rested":2,"item_purchase_floors":[],"current_hp_per_floor":[77,66,66,39,31,31,28,28,28,54,54,47,28,26,52,0,0],"gold":339,"neow_bonus":"TEN_PERCENT_HP_BONUS","is_daily":false,"chose_seed":false,"campfire_upgraded":0,"win_rate":0.0,"timestamp":1610062938,"path_taken":["M","?","?","M","M","R","M","?","T","R","M","M","M","M","R","BOSS"],"items_purchased_type":[],"build_version":"2020-12-22","purchased_purges":0,"victory":false,"max_hp_per_floor":[88,88,88,88,88,88,88,88,88,88,88,88,88,88,88,88,88],"relic_stats":{"counters":[10,65],"obtain_stats":[{"Burning Blood":0},{"Burning Blood":0},{"Burning Blood":0}],"Burning Blood":54},"card_choices":[{"not_picked":["Second Wind","Warcry"],"picked":"Power Through","floor":1},{"not_picked":["Armaments","Infernal Blade"],"picked":"Cleave","floor":4},{"not_picked":["Perfected Strike","Bloodletting"],"picked":"Reckless Charge","floor":5},{"not_picked":["Flame Barrier","Body Slam"],"picked":"Offering","floor":7},{"not_picked":["Armaments","Metallicize"],"picked":"Rupture","floor":8},{"not_picked":["Twin Strike","Whirlwind"],"picked":"Anger","floor":11},{"not_picked":["Clash","Entrench"],"picked":"Clothesline","floor":12},{"not_picked":["Headbutt","Wild Strike"],"picked":"Battle Trance","floor":13},{"not_picked":["Power Through","Sword Boomerang"],"picked":"Flex","floor":14}],"player_experience":1461622,"relics_obtained":[],"event_choices":[{"damage_healed":0,"gold_gain":75,"player_choice":"Gather Gold","damage_taken":11,"max_hp_gain":0,"max_hp_loss":0,"event_name":"World of Goop","floor":2,"gold_loss":0},{"damage_healed":0,"gold_gain":0,"cards_transformed":["Bash"],"player_choice":"Transformed","damage_taken":0,"max_hp_gain":0,"max_hp_loss":0,"event_name":"Transmorgrifier","floor":3,"gold_loss":0,"cards_obtained":["Flex"]}],"is_beta":false,"boss_relics":[],"items_purged_floors":[],"is_endless":false,"potions_floor_spawned":[1,5,7,8,12],"killed_by":"The Guardian","ascension_level":0}}