{"host":"p5axfb00mxhraew6","time":1610032068,"event":{"mods":["Abigail Mod","Act Like it!","BaseMod","CapriCore","Friendly Minions","GifTheSpireLib","Jedi Mod","KomeijiMod","MarisaÅiñ∂âJÅ@ñÇóùçπÅj","Minty Spire (QoL Compilation)","Prisma Mod","ReimuÅiîé??öÎÅj","RemiliaÅiÂQïƒ‰ª?Åj","SOSÅiézîb?îVéqÅj","StSLib","Td1madao Mod","The Alterego","The Immortal","The Problem Sleuth","Yakumo Yukari mod"],"gold_per_floor":[110,120,70,87,87,115,115,115,115,115,134,16,51,126,126,230,230,244,286,143,143,43,43,43,43,43,43,43,43,43,43,43,43,43,43,43,43,43,43,43,43,43],"floor_reached":41,"playtime":1702,"items_purged":["Strike_Lin:ReiMu","Strike_Lin:ReiMu"],"score":699,"play_id":"42a528d9-90ac-4edc-b821-7f805afde074","local_time":"20210108000748","is_ascension_mode":true,"campfire_choices":[{"data":"MikOfLucky:ReiMu","floor":7.0,"key":"SMITH"},{"data":"SpreadBorder2:ReiMu","floor":10.0,"key":"SMITH"},{"data":"FoulBorder2:ReiMu","floor":15.0,"key":"SMITH"},{"data":"DependentForm:ReiMu","floor":23.0,"key":"SMITH"},{"data":"SpreadBorder2:ReiMu","floor":25.0,"key":"SMITH"},{"floor":29.0,"key":"REST"},{"floor":32.0,"key":"REST"},{"floor":40,"key":"REST"}],"circlet_count":0,"master_deck":["Defend_Lin:ReiMu","Defend_Lin:ReiMu","Defend_Lin:ReiMu","NB:ReiMu","Stagnation:ReiMu","ShadowOfCrow2:ReiMu","SpreadBorder2:ReiMu+1","SubAcupoint:ReiMu","MikOfLucky:ReiMu+1","SpreadBorder2:ReiMu","OctopathBindingBorder2:ReiMu","AirManeuver:ReiMu","FoulBorder2:ReiMu+1","DependentForm:ReiMu+1","SpreadBorder2:ReiMu+1","SubAcupoint:ReiMu","SpreadBorder2:ReiMu","MikOfLucky:ReiMu+1","ShadowOfCrow2:ReiMu","SpiritualOutbreak2:ReiMu","FoulBorder2:ReiMu","Confused"],"relics":["FlyPower:ReiMu","NeowsBlessing","jedi:bottledfury","Regal Pillow","Kunai","jedi:hotpepper","jedi:ominousloannote","Bottled Tornado","jedi:HeartOfTheCards","Mango","Philosopher\u0027s Stone"],"acts_visited":["Exordium","TheCity","TheBeyond"],"potions_floor_usage":[],"damage_taken":[{"damage":0.0,"enemies":"Jaw Worm","floor":1.0,"turns":1.0},{"damage":0.0,"enemies":"Small Slimes","floor":2.0,"turns":1.0},{"damage":0.0,"enemies":"2 Louse","floor":4.0,"turns":2.0},{"damage":18.0,"enemies":"Lagavulin","floor":6.0,"turns":9.0},{"damage":1.0,"enemies":"Looter","floor":11.0,"turns":4.0},{"damage":1.0,"enemies":"3 Sentries","floor":13.0,"turns":6.0},{"damage":0.0,"enemies":"Hexaghost","floor":16.0,"turns":11.0},{"damage":1.0,"enemies":"Chosen","floor":18.0,"turns":7.0},{"damage":8.0,"enemies":"3 Byrds","floor":21.0,"turns":5.0},{"damage":20.0,"enemies":"Slavers","floor":24.0,"turns":6.0},{"damage":4.0,"enemies":"Snake Plant","floor":27.0,"turns":8.0},{"damage":20.0,"enemies":"3 Cultists","floor":28.0,"turns":6.0},{"damage":8.0,"enemies":"Colosseum Slavers","floor":30.0,"turns":6.0},{"damage":3.0,"enemies":"Champ","floor":33.0,"turns":9.0},{"damage":0.0,"enemies":"Orb Walker","floor":35.0,"turns":6.0},{"damage":35,"enemies":"3 Darklings","floor":38,"turns":5},{"damage":65,"enemies":"Reptomancer","floor":41,"turns":2}],"seed_played":"-5559484125084135842","potions_obtained":[{"floor":4.0,"key":"SteroidPotion"},{"floor":13.0,"key":"FearPotion"},{"floor":16.0,"key":"Ancient Potion"},{"floor":28.0,"key":"DuplicationPotion"}],"is_trial":false,"path_per_floor":["M","M","?","M","?","E","R","?","T","R","M","$","E","?","R","B",null,"M","$","?","M","$","R","E","R","T","M","M","R","?","?","R","B",null,"M","?","$","M","$","R","E"],"character_chosen":"REIMU","items_purchased":["OctopathBindingBorder2:ReiMu","AirManeuver:ReiMu","SubAcupoint:ReiMu","jedi:ominousloannote","Bottled Tornado"],"campfire_rested":3,"item_purchase_floors":[12,12,19,19,19],"current_hp_per_floor":[59,59,59,59,64,46,46,46,46,46,45,45,44,33,33,33,47,46,46,46,38,38,38,18,18,25,21,1,33,25,25,57,54,58,58,58,58,23,23,55,0,0],"gold":43,"neow_bonus":"THREE_ENEMY_KILL","is_daily":false,"chose_seed":false,"campfire_upgraded":5,"win_rate":0.0,"timestamp":1610032068,"path_taken":["M","M","?","M","?","E","R","?","T","R","M","$","E","?","R","BOSS","M","$","?","M","$","R","E","R","T","M","M","R","?","?","R","BOSS","M","?","?","M","$","R","E"],"items_purchased_type":["Card","Card","Card","Relic","Relic"],"build_version":"2020-12-22","purchased_purges":2,"victory":false,"max_hp_per_floor":[65,65,65,65,70,70,70,70,70,70,70,70,70,70,70,70,52,52,52,52,52,52,52,52,52,59,59,59,59,59,59,59,59,59,59,59,59,59,59,59,59,59],"card_choices":[{"not_picked":["RainPray2:ReiMu","BarrageOfMoneybags:ReiMu"],"picked":"ShadowOfCrow2:ReiMu","floor":1.0},{"not_picked":["OrbThrow:ReiMu","Meditation:ReiMu"],"picked":"SpreadBorder2:ReiMu","floor":2.0},{"not_picked":["SubcavityInstant:ReiMu","Conquer:ReiMu"],"picked":"SubAcupoint:ReiMu","floor":4.0},{"not_picked":["CollectionFlower2:ReiMu","Intuition:ReiMu"],"picked":"MikOfLucky:ReiMu","floor":6.0},{"not_picked":["SubcavityInstant:ReiMu","Crusade:ReiMu"],"picked":"SpreadBorder2:ReiMu","floor":11.0},{"not_picked":["SubcavityInstant:ReiMu","SubcavityFantasy:ReiMu"],"picked":"FoulBorder2:ReiMu","floor":13.0},{"not_picked":["SubcavityFantasy:ReiMu","KamiRite:ReiMu"],"picked":"DependentForm:ReiMu","floor":16.0},{"not_picked":["RainPray2:ReiMu","SpringWay:ReiMu"],"picked":"SpreadBorder2:ReiMu","floor":18.0},{"not_picked":["Conquer:ReiMu","EmergencyTakeOff:ReiMu"],"picked":"SpreadBorder2:ReiMu","floor":21.0},{"not_picked":["AirStrike:ReiMu","SafetyPray:ReiMu+1"],"picked":"MikOfLucky:ReiMu+1","floor":24.0},{"not_picked":["WonderfulDomain:ReiMu","YinYangSign:ReiMu","Dreaming2:ReiMu+1"],"picked":"SKIP","floor":27.0},{"not_picked":["UniversalSpiritual:ReiMu","WonderfulDomain:ReiMu","AlertArray:ReiMu"],"picked":"SKIP","floor":28.0},{"not_picked":["YinYangSign:ReiMu+1","SpringWay:ReiMu"],"picked":"FoulBorder2:ReiMu","floor":35.0},{"not_picked":["SafetyPray:ReiMu","Mountainwind:ReiMu","PassingAway:ReiMu"],"picked":"SKIP","floor":38}],"player_experience":1189593,"relics_obtained":[{"floor":6.0,"key":"jedi:bottledfury"},{"floor":9.0,"key":"Regal Pillow"},{"floor":13.0,"key":"Kunai"},{"floor":24.0,"key":"jedi:HeartOfTheCards"},{"floor":26.0,"key":"Mango"}],"event_choices":[{"cards_removed":["Strike_Lin:ReiMu"],"damage_healed":0.0,"max_hp_gain":0.0,"max_hp_loss":0.0,"gold_gain":0.0,"event_name":"The Cleric","player_choice":"Card Removal","floor":3.0,"gold_loss":50.0,"damage_taken":0.0},{"damage_healed":0.0,"max_hp_gain":5.0,"max_hp_loss":0.0,"gold_gain":0.0,"event_name":"Big Fish","player_choice":"Donut","floor":5.0,"gold_loss":0.0,"damage_taken":0.0},{"damage_healed":0.0,"max_hp_gain":0.0,"max_hp_loss":0.0,"gold_gain":0.0,"event_name":"Liars Game","player_choice":"Ignored","floor":8.0,"gold_loss":0.0,"damage_taken":0.0},{"damage_healed":0.0,"max_hp_gain":0.0,"max_hp_loss":0.0,"gold_gain":75.0,"event_name":"World of Goop","player_choice":"Gather Gold","floor":14.0,"gold_loss":0.0,"damage_taken":11.0},{"damage_healed":0.0,"max_hp_gain":0.0,"max_hp_loss":0.0,"gold_gain":0.0,"event_name":"Colosseum","player_choice":"Fight","floor":30.0,"gold_loss":0.0,"damage_taken":0.0},{"damage_healed":0.0,"max_hp_gain":0.0,"max_hp_loss":0.0,"gold_gain":0.0,"event_name":"Colosseum","player_choice":"Fled From Nobs","floor":30.0,"gold_loss":0.0,"damage_taken":0.0},{"damage_healed":0.0,"max_hp_gain":0.0,"max_hp_loss":0.0,"gold_gain":0.0,"cards_transformed":["Strike_Lin:ReiMu","Defend_Lin:ReiMu"],"event_name":"Drug Dealer","player_choice":"Became Test Subject","floor":31.0,"gold_loss":0.0,"damage_taken":0.0,"cards_obtained":["ShadowOfCrow2:ReiMu","SpiritualOutbreak2:ReiMu"]}],"is_beta":false,"boss_relics":[{"not_picked":["Coffee Dripper","Empty Cage"],"picked":"jedi:hotpepper"},{"not_picked":["Cursed Key","jedi:paperlyon"],"picked":"Philosopher\u0027s Stone"}],"items_purged_floors":[19,22],"is_endless":false,"potions_floor_spawned":[4,13,16,21,28,30],"killed_by":"Reptomancer","ascension_level":9}}