{"host":"dmdprxj8bosbz96f","time":1610061695,"event":{"mods":["AchievementEnabler","BaseMod","Colored Map","DeckTracker","Minty Spire (QoL Compilation)","Permanent Neow","Quick Restart","SuperFastMode","everything is the same but u backflip on backflip"],"gold_per_floor":[19,19,19,36,36,36,52,52,122,122,7,18,33,33,33,33,33],"floor_reached":16,"playtime":475,"items_purged":["Strike_G"],"score":113,"play_id":"6ea44d46-78af-4308-9f39-b603ac3f91f5","local_time":"20210108082135","is_ascension_mode":true,"campfire_choices":[{"data":"Venomology","floor":6,"key":"SMITH"},{"data":"Backflip","floor":8,"key":"SMITH"},{"floor":15,"key":"REST"}],"circlet_count":0,"master_deck":["Strike_G","Strike_G","Strike_G","Strike_G","Defend_G+1","Defend_G","Defend_G+1","Defend_G","Defend_G","Survivor","Neutralize","Venomology+1","PiercingWail","Acrobatics","Backflip+1","Pain","Calculated Gamble","Reflex","Dagger Throw"],"relics":["Ring of the Snake","Blue Candle","WarpedTongs"],"acts_visited":["Exordium"],"potions_floor_usage":[1,4,4,7,12,13,16,16,16],"damage_taken":[{"damage":5,"enemies":"Cultist","floor":1,"turns":5},{"damage":8,"enemies":"Jaw Worm","floor":4,"turns":5},{"damage":0,"enemies":"Small Slimes","floor":7,"turns":3},{"damage":8,"enemies":"Exordium Thugs","floor":12,"turns":7},{"damage":3,"enemies":"Red Slaver","floor":13,"turns":4},{"damage":49,"enemies":"The Guardian","floor":16,"turns":14}],"seed_played":"-8469132840170607981","potions_obtained":[{"floor":4,"key":"Fruit Juice"},{"floor":12,"key":"Explosive Potion"},{"floor":13,"key":"CunningPotion"}],"is_trial":false,"path_per_floor":["M","$","?","M","$","R","M","R","T","?","$","M","M","$","R","B"],"character_chosen":"THE_SILENT","items_purchased":["Calculated Gamble"],"campfire_rested":1,"item_purchase_floors":[11],"current_hp_per_floor":[65,65,51,48,48,48,48,48,48,48,48,40,37,37,59,10,10],"gold":33,"neow_bonus":"THREE_RARE_CARDS","is_daily":false,"chose_seed":false,"campfire_upgraded":2,"win_rate":0.0,"timestamp":1610061695,"path_taken":["M","?","?","M","$","R","M","R","T","?","$","?","M","?","R","BOSS"],"items_purchased_type":["Card"],"build_version":"2020-12-22","purchased_purges":1,"victory":false,"max_hp_per_floor":[70,70,70,75,75,75,75,75,75,75,75,75,75,75,75,75,75],"card_choices":[{"not_picked":["Night Terror","Tools of the Trade"],"picked":"Venomology","floor":0},{"not_picked":["Noxious Fumes","Setup"],"picked":"PiercingWail","floor":1},{"not_picked":["Dagger Throw","Caltrops"],"picked":"Acrobatics","floor":4},{"not_picked":["Underhanded Strike","Blade Dance"],"picked":"Backflip","floor":7},{"not_picked":["Acrobatics","Leg Sweep"],"picked":"Reflex","floor":12},{"not_picked":["Flechettes","Accuracy"],"picked":"Dagger Throw","floor":13}],"player_experience":172012,"relics_obtained":[{"floor":9,"key":"Blue Candle"}],"event_choices":[{"damage_healed":0,"gold_gain":0,"player_choice":"Entered Light","damage_taken":14,"max_hp_gain":0,"max_hp_loss":0,"event_name":"Shining Light","floor":3,"gold_loss":0,"cards_upgraded":["Defend_G","Defend_G"]},{"damage_healed":0,"gold_gain":0,"player_choice":"Rummage","damage_taken":0,"relics_obtained":["WarpedTongs"],"max_hp_gain":0,"max_hp_loss":0,"event_name":"Accursed Blacksmith","floor":10,"gold_loss":0,"cards_obtained":["Pain"]}],"is_beta":false,"boss_relics":[],"items_purged_floors":[11],"is_endless":false,"potions_floor_spawned":[4,12,13],"killed_by":"The Guardian","ascension_level":5}}