{"host":"ye7mfqqt9ljtnqit","time":1610023884,"event":{"mods":["BaseMod","Colored Map","Downfall","Marisa£®ÏF”Í°°ƒß¿Ì…≥£©","Minty Spire (QoL Compilation)","StSLib","SuperFastMode","The Servant 0.9.4"],"gold_per_floor":[117,117,133,148,166,199,199,124,124,124,124,135,135,211,211,310,310,322,322,322,69,85,85,115,135,184,204,129,129,141,141,141],"floor_reached":31,"playtime":894,"items_purged":["Guardian:Aged","Pain"],"score":255,"play_id":"52814cfb-c841-4e63-aadd-0e0b7ea0aa6a","local_time":"20210107205124","is_ascension_mode":false,"campfire_choices":[{"floor":7,"key":"REST"},{"floor":11,"key":"REST"},{"floor":13,"key":"RECALL"},{"floor":15,"key":"REST"},{"data":"EnergyFlow","floor":23,"key":"SMITH"},{"floor":29,"key":"REST"}],"circlet_count":0,"master_deck":["Strike_MRS","Defend_MRS","Defend_MRS","Defend_MRS","Defend_MRS","MasterSpark","UpSweep","BlazingStar","EnergyFlow+1","WitchLeyline","SprinkleStarSeal","GalacticHalo","WitchLeyline","ManaRampage","LuminesStrike+1","Occultation+1","JA+1","MysteriousBeam+1","WitchLeyline+1","Occultation+1","MagicAbsorber","Orbital","MachineGunSpark+1"],"relics":["MiniHakkero","WarpedTongs","Nunchaku","Blood Vial","Darkstone Periapt","White Beast Statue","Astrolabe","Strange Spoon","Omamori","Smiling Mask"],"acts_visited":["Exordium","TheCity"],"potions_floor_usage":[31],"damage_taken":[{"damage":0,"enemies":"Small Slimes","floor":1,"turns":3},{"damage":10,"enemies":"Cultist","floor":3,"turns":3},{"damage":6,"enemies":"Jaw Worm","floor":4,"turns":3},{"damage":17,"enemies":"Exordium Wildlife","floor":5,"turns":4},{"damage":30,"enemies":"Lagavulin","floor":6,"turns":4},{"damage":11,"enemies":"3 Louse","floor":12,"turns":4},{"damage":45,"enemies":"The Guardian","floor":16,"turns":7},{"damage":14,"enemies":"2 Thieves","floor":18,"turns":3},{"damage":0,"enemies":"Chosen","floor":22,"turns":2},{"damage":44,"enemies":"Book of Stabbing","floor":24,"turns":5},{"damage":5,"enemies":"Snake Plant","floor":25,"turns":4},{"damage":10,"enemies":"3 Cultists","floor":27,"turns":4},{"damage":13,"enemies":"Shelled Parasite and Fungi","floor":30,"turns":4},{"damage":31,"enemies":"Slavers","floor":31,"turns":4}],"seed_played":"-1436749299135936261","potions_obtained":[{"floor":4,"key":"ColorlessPotion"},{"floor":5,"key":"Swift Potion"},{"floor":16,"key":"FearPotion"},{"floor":24,"key":"Strength Potion"}],"is_trial":false,"path_per_floor":["M","?","M","M","M","E","R","$","T","?","R","M","R","T","R","B",null,"M","?","?","$","M","R","E","M","T","M","?","R","M","E"],"character_chosen":"MARISA","items_purchased":["Strange Spoon"],"campfire_rested":4,"item_purchase_floors":[21],"current_hp_per_floor":[75,75,65,59,42,12,34,34,34,22,44,35,35,35,57,14,75,61,67,67,67,69,69,27,24,24,16,16,40,29,0,0],"gold":141,"neow_bonus":"THREE_RARE_CARDS","is_daily":false,"chose_seed":false,"campfire_upgraded":1,"win_rate":0.0,"timestamp":1610023884,"path_taken":["M","?","?","M","M","E","R","$","T","?","R","M","R","?","R","BOSS","M","?","?","?","M","R","E","M","T","?","?","R","M","E"],"items_purchased_type":["Relic"],"build_version":"2020-12-22","purchased_purges":2,"victory":false,"max_hp_per_floor":[75,75,75,75,75,75,75,75,75,75,75,75,75,75,75,75,75,75,81,81,81,81,81,81,81,81,81,81,81,81,81,81],"card_choices":[{"not_picked":["CasketOfStar","CollectingQuirk"],"picked":"BlazingStar","floor":0},{"not_picked":["GalacticHalo","OneTimeOff"],"picked":"EnergyFlow","floor":1},{"not_picked":["DoubleSpark","IllusionStar"],"picked":"WitchLeyline","floor":3},{"not_picked":["RefractionSpark","6A"],"picked":"SprinkleStarSeal","floor":4},{"not_picked":["ChargeUpSpray","PowerUp","UnstableBomb"],"picked":"SKIP","floor":5},{"not_picked":["DoubleSpark","PowerUp"],"picked":"GalacticHalo","floor":6},{"not_picked":["DC","BlazeAway"],"picked":"WitchLeyline","floor":12},{"not_picked":["StarDustReverie","CasketOfStar"],"picked":"ManaRampage","floor":16},{"not_picked":["ShootingEcho","StarBarrage+1"],"picked":"MysteriousBeam+1","floor":18},{"not_picked":["LuminesStrike","Orbital"],"picked":"WitchLeyline+1","floor":22},{"not_picked":["ShootTheMoon","ChargeUpSpray"],"picked":"Occultation+1","floor":24},{"not_picked":["6A","GravityBeat"],"picked":"MagicAbsorber","floor":25},{"not_picked":["MysteriousBeam","OortCloud"],"picked":"Orbital","floor":27},{"not_picked":["GravityBeat+1","MagicAbsorber"],"picked":"MachineGunSpark+1","floor":30}],"player_experience":147767,"relics_obtained":[{"floor":6,"key":"Nunchaku"},{"floor":9,"key":"Blood Vial"},{"floor":14,"key":"White Beast Statue"},{"floor":24,"key":"Omamori"},{"floor":26,"key":"Smiling Mask"}],"event_choices":[{"damage_healed":0,"gold_gain":0,"player_choice":"Rummage","damage_taken":0,"relics_obtained":["WarpedTongs"],"max_hp_gain":0,"max_hp_loss":0,"event_name":"Accursed Blacksmith","floor":2,"gold_loss":0,"cards_obtained":["Pain"]},{"damage_healed":0,"gold_gain":0,"player_choice":"Success","damage_taken":12,"relics_obtained":["Darkstone Periapt"],"max_hp_gain":0,"max_hp_loss":0,"event_name":"Scrap Ooze","floor":10,"gold_loss":0},{"damage_healed":0,"gold_gain":0,"player_choice":"Smashed Altar","damage_taken":0,"max_hp_gain":0,"max_hp_loss":0,"event_name":"Forgotten Altar","floor":19,"gold_loss":0,"cards_obtained":["Decay"]},{"damage_healed":0,"gold_gain":0,"player_choice":"Ignored","damage_taken":0,"max_hp_gain":0,"max_hp_loss":0,"event_name":"Vampires","floor":20,"gold_loss":0},{"cards_removed":["Decay"],"damage_healed":0,"gold_gain":0,"player_choice":"Gave Gold","damage_taken":0,"max_hp_gain":0,"max_hp_loss":0,"event_name":"Beggar","floor":28,"gold_loss":75}],"is_beta":false,"boss_relics":[{"not_picked":["Black Star","SlaversCollar"],"picked":"Astrolabe"}],"items_purged_floors":[8,21],"is_endless":false,"potions_floor_spawned":[4,5,16,18,22,24,25,27,30],"killed_by":"Slavers","ascension_level":0}}