{"host":"lvo3mx5xoqblab8l","time":1610056530,"event":{"mods":["AchievementEnabler","Aspiration","Bard","BaseMod","Beaked The Cultist","Better Altar","Better Match","Better Note","Better Sensory Stone","Better Skull","Better Third Choice","BetterRewards","CCEM","Clawfect","Colored Map","Conspire","Downfall","GifTheSpireLib","Googly Eyes","Halation","Hermit","Highlight Path","Hubris","Hunter ??","Infinite Spire","Jedi Mod","Jorbs\u0027s Wanderer Trilogy","Mad Scientist","Marisa????????","Mimic Mod","Minty Spire (QoL Compilation)","Permanent Neow","Replay The Spire","Shade Mod","Shop Mod","Spicy Shops","StSLib","Stuff the Spire","The Administrix","The Blackbeard","The Bug Knight","The Construct","The Cursed","The Disciple","The Gatherer","The Hierophant","The IronCluck","The Jungle","The Mystic","The Necromancer","The Problem Sleuth","The Runesmith","The Servant 0.9.4","The Spell Scribe","The Witch","Unceasing Turn Reminder","[IsaacMod]????","everything is the same but u backflip on backflip","slay the spire mod where everything is the same but ironclad has a cowboy hat"],"gold_per_floor":[114,214,214,276,295,325,339,339,417,524,539,589,589,639,639,743,743,762,772,788,802,814,840,840,840],"floor_reached":24,"playtime":3300,"items_purged":[],"score":245,"play_id":"e357c9c0-180e-4d1a-8225-c57168573386","local_time":"20210107185530","is_ascension_mode":false,"campfire_choices":[{"floor":8,"key":"RECALL"},{"floor":13,"key":"REST"}],"circlet_count":0,"master_deck":["AdministrixMod:Strike_Administrix","AdministrixMod:Strike_Administrix","AdministrixMod:Strike_Administrix","AdministrixMod:Strike_Administrix","AdministrixMod:RedCloak","AdministrixMod:Defend_Administrix","AdministrixMod:Defend_Administrix","AdministrixMod:Defend_Administrix","AdministrixMod:Defend_Administrix","AdministrixMod:BlueCloak","DoctorFetus","AdministrixMod:FuneraryRites","AdministrixMod:SeventeenArticleLaser","AdministrixMod:PassageOfAges","AdministrixMod:GuanyinBlessing","AdministrixMod:HarmonicReverence","AdministrixMod:BloodBargain+1","AdministrixMod:PlateOfAntiquity","AdministrixMod:Untouchable","expansioncontent:Hexaburn","AdministrixMod:ArmillarySphere","AdministrixMod:CenturiesAscent+1","AdministrixMod:SipOfSparks+1","AdministrixMod:RebukeDesires+1","6A"],"relics":["AdministrixMod:ConductorRitualBaton","HushsDoor","TheBible","NeowsBlessing","SsserpentHead","Simple Rune","Runesmith:Locket","aspiration:MarisaSkillbook","aspiration:HummingbirdHeart"],"acts_visited":["Exordium","TheCity"],"potions_floor_usage":[7,10,19,21],"damage_taken":[{"damage":0,"enemies":"2 Louse","floor":1,"turns":1},{"damage":0,"enemies":"Cultist","floor":4,"turns":1},{"damage":0,"enemies":"Jaw Worm","floor":5,"turns":1},{"damage":1,"enemies":"Lagavulin","floor":6,"turns":8},{"damage":0,"enemies":"Large Slime","floor":7,"turns":1},{"damage":32,"enemies":"Gremlin Nob","floor":10,"turns":5},{"damage":7,"enemies":"conspire:2 RoseBushes","floor":11,"turns":3},{"damage":24,"enemies":"Fading Forest","floor":16,"turns":11},{"damage":20,"enemies":"Spheric Guardian","floor":18,"turns":5},{"damage":0,"enemies":"conspire:FuzzyDice","floor":19,"turns":7},{"damage":19,"enemies":"Snake Plant","floor":20,"turns":5},{"damage":8,"enemies":"Centurion and Healer","floor":21,"turns":10},{"damage":0,"enemies":"Cultist and Chosen","floor":22,"turns":4},{"damage":9,"enemies":"HollowMod:Nosk","floor":23,"turns":7},{"damage":17,"enemies":"Sentry and Sphere","floor":24,"turns":5}],"seed_played":"-2477099597540126898","potions_obtained":[{"floor":1,"key":"Slimebound:ThreeZeroPotion"},{"floor":5,"key":"Regen Potion"},{"floor":16,"key":"infinitespire:BlackPotion"},{"floor":18,"key":"Strength Potion"},{"floor":19,"key":"Ancient Potion"},{"floor":23,"key":"FearPotion"}],"is_trial":false,"path_per_floor":["M","?","?","M","M","E","M","R","T","?","M","?","R","?","R_BF","B",null,"M","M","M","M","M","E","M"],"character_chosen":"TheAdministrix","items_purchased":[],"campfire_rested":1,"item_purchase_floors":[],"current_hp_per_floor":[65,65,65,65,65,64,64,64,64,37,30,30,49,49,65,41,65,45,45,26,18,18,9,0,0],"gold":840,"neow_bonus":"THREE_ENEMY_KILL","is_daily":false,"chose_seed":false,"campfire_upgraded":0,"win_rate":0.0,"timestamp":1610056530,"path_taken":["M","?","?","?","M","E","M","R","T","?","M","?","R","?","R_BF","BOSS","M","M","M","M","M","E","M"],"items_purchased_type":[],"build_version":"2020-12-22","purchased_purges":0,"victory":false,"max_hp_per_floor":[65,65,65,65,65,65,65,65,65,65,65,65,65,65,65,65,65,65,65,65,65,65,65,65,65],"card_choices":[{"not_picked":[],"picked":"DoctorFetus","floor":0},{"not_picked":["AdministrixMod:Transition","AdministrixMod:RegentEdict"],"picked":"AdministrixMod:FuneraryRites","floor":1},{"not_picked":["AdministrixMod:DreamsMausoleum","AdministrixMod:ImmortalPurity"],"picked":"AdministrixMod:SeventeenArticleLaser","floor":2},{"not_picked":["AdministrixMod:Transition","AdministrixMod:CastOffRegrets"],"picked":"AdministrixMod:PassageOfAges","floor":4},{"not_picked":["AdministrixMod:QuietConspiracy","AdministrixMod:Overdrive"],"picked":"AdministrixMod:GuanyinBlessing","floor":5},{"not_picked":["Bomb","AdministrixMod:Katabasis"],"picked":"AdministrixMod:HarmonicReverence","floor":6},{"not_picked":["AdministrixMod:Wuji","AdministrixMod:HiddenPower"],"picked":"AdministrixMod:BloodBargain","floor":7},{"not_picked":["AdministrixMod:BattleforgedBonds","AdministrixMod:QuietConspiracy"],"picked":"AdministrixMod:PlateOfAntiquity","floor":10},{"not_picked":["AdministrixMod:DreamsMausoleum","AdministrixMod:SipOfSparks"],"picked":"AdministrixMod:Untouchable","floor":11},{"not_picked":["Replay:Bootleg Shield Generator","expansioncontent:Torchfire"],"picked":"expansioncontent:Hexaburn","floor":12},{"not_picked":["AdministrixMod:FuneraryRites","AdministrixMod:SipOfSparks","AdministrixMod:CrackingPangu"],"picked":"AdministrixMod:ArmillarySphere","floor":18},{"not_picked":["AdministrixMod:CastOffRegrets","AdministrixMod:LightOfYourLife+1","AdministrixMod:Untouchable"],"picked":"AdministrixMod:CenturiesAscent+1","floor":19},{"not_picked":["SatelliteIllusion","AdministrixMod:BegetEternity","Acceleration+1"],"picked":"AdministrixMod:SipOfSparks+1","floor":20},{"not_picked":["MagicAbsorber","AdministrixMod:Transition","SporeBomb"],"picked":"AdministrixMod:RebukeDesires+1","floor":21},{"not_picked":["DC+1","AdministrixMod:TrickOfTheLight+1","ShootingEcho","PulseMagic"],"picked":"SKIP","floor":22},{"not_picked":["AdministrixMod:DreamsMausoleum+1","AdministrixMod:RebukeDesires+1","AdministrixMod:BloodlessSapphire"],"picked":"6A","floor":23}],"player_experience":158663,"relics_obtained":[{"floor":6,"key":"Simple Rune"},{"floor":10,"key":"Runesmith:Locket"},{"floor":23,"key":"aspiration:HummingbirdHeart"}],"event_choices":[{"damage_healed":0,"gold_gain":0,"player_choice":"Trade","damage_taken":0,"relics_obtained":["SsserpentHead"],"max_hp_gain":0,"max_hp_loss":0,"event_name":"FaceTrader","floor":3,"gold_loss":0},{"damage_healed":0,"gold_gain":0,"player_choice":"Searched \u00272\u0027 times","damage_taken":0,"max_hp_gain":0,"max_hp_loss":0,"event_name":"Dead Adventurer","floor":10,"gold_loss":0},{"damage_healed":0,"gold_gain":1,"player_choice":"1","damage_taken":0,"max_hp_gain":0,"max_hp_loss":0,"event_name":"betterStone:BetterStone","floor":12,"gold_loss":0}],"is_beta":false,"boss_relics":[{"not_picked":["Coffee Dripper","halation:PinkAlligatorPlush"],"picked":"aspiration:MarisaSkillbook"},{"not_picked":[]}],"items_purged_floors":[],"is_endless":false,"potions_floor_spawned":[1,5,16,18,19,23],"killed_by":"Sentry and Sphere","ascension_level":0}}