{"host":"jyuuog6ydc2s7nd8","time":1610032700,"event":{"mods":["BaseMod","Better Vampires","Minty Spire (QoL Compilation)","Shop Mod","StSLib","The Hierophant","The Servant 0.9.4","TheBandit","[IsaacMod]ÒÔÈö¼âËþ"],"gold_per_floor":[113,38,38,50,61,61,61,96,121,21,31,31,31,31,31,31,31],"floor_reached":16,"playtime":310,"items_purged":["Strike_R","Strike_R"],"score":246,"play_id":"73d0ce20-4293-4db7-a889-445a5d77ad57","local_time":"20210107231820","is_ascension_mode":true,"campfire_choices":[{"data":"Pommel Strike","floor":6,"key":"SMITH"},{"data":"Shrug It Off","floor":15,"key":"SMITH"}],"circlet_count":0,"master_deck":["AscendersBane","Strike_R","Strike_R+1","Defend_R","Defend_R","Defend_R","Bash+1","Bloodletting","Pommel Strike+1","Shrug It Off+1"],"relics":["Burning Blood","HushsDoor","GuppysPaw","Dream Catcher","Whetstone","HowToJump","Golden Idol"],"acts_visited":["Exordium"],"potions_floor_usage":[8,11],"damage_taken":[{"damage":16,"enemies":"2 Louse","floor":1,"turns":4},{"damage":7,"enemies":"Jaw Worm","floor":4,"turns":6},{"damage":18,"enemies":"Small Slimes","floor":5,"turns":5},{"damage":6,"enemies":"Lagavulin","floor":8,"turns":3},{"damage":4,"enemies":"3 Louse","floor":11,"turns":2},{"damage":3,"enemies":"Hexaghost","floor":16,"turns":4}],"seed_played":"8163646265441948464","potions_obtained":[{"floor":5,"key":"DuplicationPotion"},{"floor":8,"key":"AttackPotion"},{"floor":11,"key":"Weak Potion"}],"is_trial":false,"path_per_floor":["M","$","?","M","M","R","?","E","T","$","M","?","$","?","R","B"],"character_chosen":"IRONCLAD","items_purchased":[],"campfire_rested":0,"item_purchase_floors":[],"current_hp_per_floor":[58,58,51,50,38,38,27,27,27,27,29,3,3,8,8,5,5],"gold":31,"neow_bonus":"REMOVE_CARD","is_daily":false,"chose_seed":false,"campfire_upgraded":2,"win_rate":0.0,"timestamp":1610032700,"path_taken":["M","$","?","M","M","R","?","E","T","$","M","?","?","?","R","BOSS"],"items_purchased_type":[],"build_version":"2020-12-22","purchased_purges":2,"victory":false,"max_hp_per_floor":[75,75,75,75,75,75,75,75,75,75,75,75,75,80,80,80,80],"card_choices":[{"not_picked":[],"picked":"ChaosCard","floor":0},{"not_picked":["Entrench","Thunderclap"],"picked":"Bomb","floor":1},{"not_picked":["Pummel","Armaments"],"picked":"Bloodletting","floor":4},{"not_picked":["Cleave","Wild Strike"],"picked":"Pommel Strike","floor":5},{"not_picked":["Thunderclap","Iron Wave"],"picked":"Shrug It Off","floor":8},{"not_picked":["Brutality","Pommel Strike","Rage"],"picked":"SKIP","floor":11}],"player_experience":1805185,"relics_obtained":[{"floor":8,"key":"Whetstone"},{"floor":9,"key":"HowToJump"}],"event_choices":[{"cards_removed":["Defend_R"],"damage_healed":0,"gold_gain":0,"player_choice":"Card Removal","damage_taken":7,"max_hp_gain":0,"max_hp_loss":0,"event_name":"Golden Wing","floor":3,"gold_loss":0},{"damage_healed":0,"gold_gain":0,"player_choice":"Success","damage_taken":11,"relics_obtained":["Dream Catcher"],"max_hp_gain":0,"max_hp_loss":0,"event_name":"Scrap Ooze","floor":7,"gold_loss":0},{"damage_healed":0,"gold_gain":0,"player_choice":"Take Damage","damage_taken":26,"relics_obtained":["Golden Idol"],"max_hp_gain":0,"max_hp_loss":0,"event_name":"Golden Idol","floor":12,"gold_loss":0},{"damage_healed":0,"gold_gain":0,"player_choice":"Donut","damage_taken":0,"max_hp_gain":5,"max_hp_loss":0,"event_name":"Big Fish","floor":14,"gold_loss":0}],"is_beta":false,"boss_relics":[],"items_purged_floors":[2,10],"is_endless":false,"potions_floor_spawned":[5,8,11],"killed_by":"Hexaghost","ascension_level":20}}