{"host":"vrsxkkch9ccrec7k","time":1610020717,"event":{"mods":["BaseMod","Bestiary","Downfall","Minty Spire (QoL Compilation)","Relic Stats","Spicy Shops","StSLib"],"gold_per_floor":[99,109,109,125,125,160,228,261,186,212,212,225,238,249,263,368,368,368,386,405,505,5,65,92,92,142,223,223,223],"floor_reached":28,"playtime":2748,"items_purged":[],"score":250,"play_id":"0efc4e30-9250-4468-917f-2c5e71333e43","local_time":"20210107065837","is_ascension_mode":true,"campfire_choices":[{"data":"Slimebound:Split","floor":1,"key":"SMITH"},{"floor":9,"key":"REST"},{"data":"Slimebound:CorrosiveSpit","floor":11,"key":"SMITH"},{"data":"Slimebound:DouseInSlime","floor":18,"key":"SMITH"},{"data":"Slimebound:Teamwork","floor":25,"key":"SMITH"}],"circlet_count":0,"master_deck":["Slimebound:Defend_Slimebound","Slimebound:Defend_Slimebound","Slimebound:Defend_Slimebound","Slimebound:Defend_Slimebound","Slimebound:Split+1","Slimebound:CorrosiveSpit+1","Slimebound:GrowthPunch","Slimebound:DouseInSlime+1","Slimebound:FinishingTackle","Slimebound:SplitBruiser","Slimebound:Darklings","Slimebound:GoopSpray","Slimebound:SamplingLick","Slimebound:Nibble","Slimebound:SpikyOuterGoop","Slimebound:Gluttony","Slimebound:Overexert","Slimebound:OozeBath+1","Slimebound:RallyTheTroops+1","Slimebound:Repurpose+1","Slimebound:RainOfGoop","Slimebound:AcidTongue","Slimebound:Teamwork+1","Slimebound:FirmFortitude","Slimebound:Gluttony","Slimebound:LeadByExample","Slimebound:LevelUp","Slimebound:LevelUp","Finesse","Slimebound:FormOfPuddle"],"relics":["Slimebound:AbsorbEndCombat","The Courier","Shuriken","Happy Flower","downfall:HeartBlessingGreen","Ornamental Fan","Astrolabe","downfall:CloakOfManyFaces","CultistMask","FaceOfCleric","NlothsMask","GremlinMask","SsserpentHead","Chemical X","Red Mask"],"acts_visited":["Exordium","TheCity"],"potions_floor_usage":[6,8,10,21,27,27,28],"damage_taken":[{"damage":4,"enemies":"2 Louse","floor":2,"turns":3},{"damage":8,"enemies":"Cultist","floor":4,"turns":3},{"damage":12,"enemies":"Gremlin Nob","floor":6,"turns":4},{"damage":47,"enemies":"3 Sentries","floor":8,"turns":8},{"damage":14,"enemies":"Gremlin Nob","floor":10,"turns":4},{"damage":8,"enemies":"Jaw Worm","floor":12,"turns":4},{"damage":13,"enemies":"Red Slaver","floor":13,"turns":3},{"damage":6,"enemies":"2 Fungi Beasts","floor":14,"turns":4},{"damage":17,"enemies":"Gremlin Gang","floor":15,"turns":4},{"damage":28,"enemies":"downfall:Watcher","floor":16,"turns":9},{"damage":16,"enemies":"Spheric Guardian","floor":19,"turns":3},{"damage":30,"enemies":"Shell Parasite","floor":20,"turns":6},{"damage":36,"enemies":"downfall:FaceTrader","floor":21,"turns":5},{"damage":12,"enemies":"downfall:FleeingMerchant","floor":22,"turns":4},{"damage":28,"enemies":"Centurion and Healer","floor":23,"turns":5},{"damage":41,"enemies":"Masked Bandits","floor":27,"turns":5},{"damage":37,"enemies":"Gremlin Leader","floor":28,"turns":7}],"seed_played":"-8639398704053195627","potions_obtained":[{"floor":0,"key":"BlessingOfTheForge"},{"floor":0,"key":"Guardian:BlockOnCardUsePotion"},{"floor":0,"key":"Regen Potion"},{"floor":4,"key":"Explosive Potion"},{"floor":8,"key":"Slimebound:SpawnSlimePotion"},{"floor":13,"key":"Block Potion"},{"floor":15,"key":"GamblersBrew"},{"floor":23,"key":"AttackPotion"},{"floor":26,"key":"CultistPotion"}],"is_trial":false,"path_per_floor":["R","M","?","M","?","E","T","E","R","E","R","M","M","M","M","B",null,"R","M","M","?","$","M","T","R","?","?","E"],"character_chosen":"SLIMEBOUND","items_purchased":["Chemical X","Slimebound:FirmFortitude","Slimebound:Gluttony","Slimebound:LeadByExample","Slimebound:LevelUp","Slimebound:LevelUp","Finesse"],"campfire_rested":1,"item_purchase_floors":[22,22,22,22,22,22,22],"current_hp_per_floor":[60,56,56,58,58,50,50,38,56,48,48,54,55,55,56,60,60,60,58,47,39,48,33,33,33,33,21,0,0],"gold":223,"neow_bonus":"THREE_SMALL_POTIONS","is_daily":false,"chose_seed":false,"campfire_upgraded":4,"win_rate":0.0,"timestamp":1610020717,"path_taken":["R","M","?","?","?","E","T","E","R","E","R","?","M","M","M","BOSS","R","M","M","?","$","?","T","R","?","?","E"],"items_purchased_type":["Relic","Card","Card","Card","Card","Card","Card"],"build_version":"2020-12-22","purchased_purges":0,"victory":false,"max_hp_per_floor":[60,60,60,60,60,60,60,60,60,60,60,60,60,60,60,60,60,60,60,60,60,61,62,62,62,62,63,63,63],"relic_stats":{"SsserpentHead":150,"Happy Flower":[21],"FaceOfCleric":3,"counters":[17,80],"Shuriken":[2],"Ornamental Fan":[8],"Astrolabe":["Slimebound:OozeBath","Slimebound:RallyTheTroops","Slimebound:Repurpose"],"Chemical X":[4],"obtain_stats":[{"Happy Flower":8,"Astrolabe":17,"downfall:HeartBlessingGreen":9,"GremlinMask":21,"The Courier":6,"SsserpentHead":21,"FaceOfCleric":21,"Shuriken":7,"Ornamental Fan":10,"CultistMask":21,"Slimebound:AbsorbEndCombat":0,"downfall:CloakOfManyFaces":21,"Red Mask":27,"Chemical X":22,"NlothsMask":21},{"Happy Flower":4,"Astrolabe":10,"downfall:HeartBlessingGreen":4,"GremlinMask":13,"The Courier":3,"SsserpentHead":13,"FaceOfCleric":13,"Shuriken":3,"Ornamental Fan":5,"CultistMask":13,"Slimebound:AbsorbEndCombat":0,"downfall:CloakOfManyFaces":13,"Red Mask":16,"Chemical X":14,"NlothsMask":13},{"Happy Flower":18,"Astrolabe":46,"downfall:HeartBlessingGreen":18,"GremlinMask":60,"The Courier":10,"SsserpentHead":60,"FaceOfCleric":60,"Shuriken":10,"Ornamental Fan":22,"CultistMask":60,"Slimebound:AbsorbEndCombat":0,"downfall:CloakOfManyFaces":60,"Red Mask":73,"Chemical X":64,"NlothsMask":60}]},"card_choices":[{"not_picked":["Slimebound:PressTheAttack","Slimebound:ProtectTheBoss"],"picked":"Slimebound:GrowthPunch","floor":2},{"not_picked":["Slimebound:GoopTackle","Slimebound:GrowthPunch"],"picked":"Slimebound:FinishingTackle","floor":4},{"not_picked":["Slimebound:RainOfGoop","Slimebound:SplitAcid"],"picked":"Slimebound:Darklings","floor":6},{"not_picked":["Slimebound:SlimeSpikes","Slimebound:SplitAcid"],"picked":"Slimebound:GoopSpray","floor":8},{"not_picked":["Slimebound:RallyTheTroops","Slimebound:LeechingTouch"],"picked":"Slimebound:SamplingLick","floor":10},{"not_picked":["Slimebound:FinishingTackle","Slimebound:SplitMire","Slimebound:GoopSpray"],"picked":"SKIP","floor":12},{"not_picked":["Slimebound:LeechingTouch","Slimebound:SplitMire"],"picked":"Slimebound:Nibble","floor":13},{"not_picked":["Slimebound:WasteNot","Slimebound:GoopTackle"],"picked":"Slimebound:SpikyOuterGoop","floor":14},{"not_picked":["Slimebound:Chomp","Slimebound:ServeAndProtect"],"picked":"Slimebound:Gluttony","floor":15},{"not_picked":["Slimebound:Darklings","Slimebound:LeechLife"],"picked":"Slimebound:Overexert","floor":16},{"not_picked":["Slimebound:Equalize","Slimebound:LeechEnergy+1"],"picked":"Slimebound:RainOfGoop","floor":19},{"not_picked":["Slimebound:GoopSpray+1","Slimebound:SplitAcid","Slimebound:ViciousTackle"],"picked":"SKIP","floor":20},{"not_picked":["Slimebound:PressTheAttack","Slimebound:ViciousTackle"],"picked":"Slimebound:AcidTongue","floor":21},{"not_picked":["Slimebound:ComboTackle","Slimebound:Replication+1"],"picked":"Slimebound:Teamwork","floor":22},{"not_picked":["Slimebound:Schlurp","Slimebound:GoopSpray","Slimebound:SplitBruiser"],"picked":"SKIP","floor":23},{"not_picked":["Slimebound:Grow","Slimebound:DivideAndConquer"],"picked":"Slimebound:FormOfPuddle","floor":27}],"player_experience":1378804,"relics_obtained":[{"floor":6,"key":"The Courier"},{"floor":7,"key":"Shuriken"},{"floor":8,"key":"Happy Flower"},{"floor":10,"key":"Ornamental Fan"},{"floor":21,"key":"downfall:CloakOfManyFaces"},{"floor":27,"key":"Red Mask"}],"event_choices":[{"damage_healed":0,"gold_gain":0,"cards_transformed":["Slimebound:Strike_Slimebound"],"player_choice":"Transformed","damage_taken":0,"max_hp_gain":0,"max_hp_loss":0,"event_name":"Transmorgrifier","floor":3,"gold_loss":0,"cards_obtained":["Slimebound:DouseInSlime"]},{"damage_healed":0,"gold_gain":0,"player_choice":"Fought Bandits","damage_taken":0,"max_hp_gain":0,"max_hp_loss":0,"event_name":"Masked Bandits","floor":27,"gold_loss":0}],"is_beta":false,"boss_relics":[{"not_picked":["SlaversCollar","Tiny House"],"picked":"Astrolabe"}],"items_purged_floors":[],"is_endless":false,"potions_floor_spawned":[4,8,13,15,20,23],"killed_by":"Gremlin Leader","ascension_level":1}}