{"host":"684z1xpuwaoqmmh1","time":1610053396,"event":{"mods":["BaseMod","Downfall","Hermit","Jorbs\u0027s Wanderer Trilogy","Marisa????????","Minty Spire (QoL Compilation)","StSLib","The Hierophant","The Mystic"],"gold_per_floor":[114,64,83,97,97,97,12,47,47,76,76,76,5,40,40,45,45],"floor_reached":16,"playtime":442,"items_purged":[],"score":186,"play_id":"f4bcdf90-4baf-4e05-b708-0e7ab6c42c51","local_time":"20210107230316","is_ascension_mode":true,"campfire_choices":[{"data":"hermit:BlackWind","floor":6.0,"key":"SMITH"},{"floor":11.0,"key":"REST"},{"data":"hermit:Combo","floor":15,"key":"SMITH"}],"circlet_count":0,"master_deck":["AscendersBane","hermit:Strike_Hermit+1","hermit:Strike_Hermit","hermit:Defend_Hermit","hermit:Defend_Hermit","hermit:Defend_Hermit+1","hermit:Snapshot","hermit:Covet","hermit:BlackWind+1","hermit:WideOpen","hermit:Brawl","hermit:Cheat","hermit:Combo+1","hermit:EyeOfTheStorm","hermit:Scavenge","hermit:Determination","hermit:ShadowCloak"],"relics":["hermit:Momento","Darkstone Periapt","Pear","Gambling Chip","Art of War"],"acts_visited":["Exordium"],"potions_floor_usage":[],"damage_taken":[{"damage":2.0,"enemies":"Jaw Worm","floor":1.0,"turns":5.0},{"damage":0.0,"enemies":"2 Louse","floor":3.0,"turns":2.0},{"damage":0.0,"enemies":"Cultist","floor":4.0,"turns":3.0},{"damage":18.0,"enemies":"Gremlin Nob","floor":8.0,"turns":2.0},{"damage":23.0,"enemies":"3 Sentries","floor":10.0,"turns":5.0},{"damage":29.0,"enemies":"Gremlin Nob","floor":14.0,"turns":4.0},{"damage":23,"enemies":"Slime Boss","floor":16,"turns":5}],"seed_played":"-4701366678807625611","potions_obtained":[{"floor":8.0,"key":"SmokeBomb"},{"floor":10.0,"key":"sneckomod:MuddlingPotion"}],"is_trial":false,"path_per_floor":["M","?","M","M","?","R","$","E","T","E","R","?","$","E","R","B"],"character_chosen":"HERMIT","items_purchased":["hermit:Combo","champ:CounterPotion","hermit:Determination"],"campfire_rested":1,"item_purchase_floors":[7,7,13],"current_hp_per_floor":[66,66,66,66,51,51,51,33,43,20,45,45,45,16,16,0,0],"gold":45,"neow_bonus":"TRANSFORM_CARD","is_daily":false,"chose_seed":false,"campfire_upgraded":2,"win_rate":0.0,"timestamp":1610053396,"path_taken":["M","?","M","M","?","R","?","E","T","E","R","?","$","E","R","BOSS"],"items_purchased_type":["Card","Potion","Card"],"build_version":"2020-12-22","purchased_purges":0,"victory":false,"max_hp_per_floor":[75,75,75,75,75,75,75,75,85,85,85,85,85,85,85,85,85],"card_choices":[{"not_picked":["hermit:Quickdraw","hermit:Glare"],"picked":"hermit:WideOpen","floor":1.0},{"not_picked":["hermit:Roulette","hermit:Virtue"],"picked":"hermit:Brawl","floor":3.0},{"not_picked":["hermit:Snipe","hermit:NoHoldsBarred"],"picked":"hermit:Cheat","floor":4.0},{"not_picked":["hermit:Showdown","hermit:BodyArmor"],"picked":"hermit:EyeOfTheStorm","floor":8.0},{"not_picked":["hermit:Shortfuse","hermit:Midnight"],"picked":"hermit:Scavenge","floor":10.0},{"not_picked":["hermit:Purgatory","hermit:Quickdraw"],"picked":"hermit:ShadowCloak","floor":14.0}],"player_experience":2421095,"relics_obtained":[{"floor":8.0,"key":"Darkstone Periapt"},{"floor":9.0,"key":"Pear"},{"floor":10.0,"key":"Gambling Chip"},{"floor":14.0,"key":"Art of War"}],"event_choices":[{"cards_removed":["hermit:Defend_Hermit"],"damage_healed":0.0,"max_hp_gain":0.0,"max_hp_loss":0.0,"gold_gain":0.0,"event_name":"The Cleric","player_choice":"Card Removal","floor":2.0,"gold_loss":50.0,"damage_taken":0.0},{"damage_healed":0.0,"max_hp_gain":0.0,"max_hp_loss":0.0,"gold_gain":0.0,"event_name":"Shining Light","player_choice":"Entered Light","floor":5.0,"gold_loss":0.0,"damage_taken":15.0,"cards_upgraded":["hermit:Strike_Hermit","hermit:Defend_Hermit"]},{"cards_removed":["hermit:Strike_Hermit"],"damage_healed":0.0,"max_hp_gain":0.0,"max_hp_loss":0.0,"gold_gain":0.0,"event_name":"Purifier","player_choice":"Purged","floor":12.0,"gold_loss":0.0,"damage_taken":0.0}],"is_beta":false,"boss_relics":[],"items_purged_floors":[],"is_endless":false,"potions_floor_spawned":[8,10],"killed_by":"Slime Boss","ascension_level":12}}