{"host":"8g198xe1n7br41jb","time":1610056514,"event":{"mods":["BaseMod","Downfall","Minty Spire (QoL Compilation)","StSLib","SuperFastMode"],"gold_per_floor":[99,99,99,249,18,44,94,118,118,14,14,0,11,11,23,23,23],"floor_reached":16,"playtime":822,"items_purged":["Slimebound:Icky"],"score":99,"play_id":"f9d3bf67-f6b9-4785-a61e-05b5f2ef4102","local_time":"20210107225514","is_ascension_mode":true,"campfire_choices":[{"floor":1.0,"key":"RECALL"},{"data":"expansioncontent:Chronoboost","floor":11,"key":"SMITH"}],"circlet_count":0,"master_deck":["sneckomod:Strike","sneckomod:Strike","sneckomod:Defend+1","sneckomod:Defend","sneckomod:Defend+1","sneckomod:TailWhip","sneckomod:SnekBite","sneckomod:Unknown","sneckomod:Unknown+1","sneckomod:QuickBite","sneckomod:UnknownDexterity","sneckomod:UnknownUncommonPower","sneckomod:QuickBite","sneckomod:UnknownUncommonPower","sneckomod:UnknownCommonSkill","sneckomod:WideSting","sneckomod:UnknownUncommonAttack","expansioncontent:Chronoboost+1","sneckomod:UnknownBlock","Regret"],"relics":["sneckomod:SneckoSoul","downfall:HeartsMalice","Singing Bowl","Bag of Preparation","Odd Mushroom"],"acts_visited":["Exordium"],"potions_floor_usage":[12,16,16],"damage_taken":[{"damage":0.0,"enemies":"Small Slimes","floor":2.0,"turns":1.0},{"damage":0.0,"enemies":"Jaw Worm","floor":3.0,"turns":1.0},{"damage":0.0,"enemies":"downfall:FleeingMerchant","floor":5.0,"turns":1.0},{"damage":31,"enemies":"3 Sentries","floor":6,"turns":8},{"damage":9,"enemies":"The Mushroom Lair","floor":8,"turns":3},{"damage":6,"enemies":"downfall:FleeingMerchant","floor":10,"turns":4},{"damage":5,"enemies":"downfall:FleeingMerchant","floor":12,"turns":4},{"damage":0,"enemies":"2 Louse","floor":13,"turns":1},{"damage":0,"enemies":"Exordium Wildlife","floor":15,"turns":2},{"damage":67,"enemies":"downfall:Silent","floor":16,"turns":6}],"seed_played":"-7178954523904198820","potions_obtained":[{"floor":6,"key":"Weak Potion"},{"floor":13,"key":"sneckomod:DiceRollPotion"},{"floor":15,"key":"Strength Potion"}],"is_trial":false,"path_per_floor":["R","M","M","?","$","E","T","?","?","$","R","$","M","?","M","B"],"character_chosen":"THE_SNECKO","items_purchased":["sneckomod:QuickBite","sneckomod:UnknownUncommonPower","sneckomod:UnknownCommonSkill","expansioncontent:Chronoboost"],"campfire_rested":0,"item_purchase_floors":[5,5,5,10],"current_hp_per_floor":[90,90,91,91,94,77,77,70,70,65,65,61,63,63,65,0,0],"gold":23,"neow_bonus":"THREE_ENEMY_KILL","is_daily":false,"chose_seed":false,"campfire_upgraded":1,"win_rate":0.0,"timestamp":1610056514,"path_taken":["R","M","M","?","$","E","T","?","?","$","R","?","M","?","M","BOSS"],"items_purchased_type":["Card","Card","Card","Card"],"build_version":"2020-12-22","purchased_purges":1,"victory":false,"max_hp_per_floor":[90,90,91,91,94,94,94,96,96,97,97,98,100,100,102,102,102],"card_choices":[{"not_picked":["sneckomod:UnknownBlock","sneckomod:UnknownClassTHE_CHAMP_GRAY"],"picked":"sneckomod:QuickBite","floor":2.0},{"not_picked":["sneckomod:RainOfDice","sneckomod:Unknown0Cost"],"picked":"sneckomod:UnknownDexterity","floor":3.0},{"not_picked":["sneckomod:SnekBeam","sneckomod:Unknown1Cost"],"picked":"sneckomod:UnknownUncommonPower","floor":5.0},{"not_picked":["sneckomod:UnknownCommonSkill","sneckomod:Unknown2Cost"],"picked":"sneckomod:WideSting","floor":6},{"not_picked":["sneckomod:QuickMove","sneckomod:Nope","sneckomod:Unknown0Cost"],"picked":"Singing Bowl","floor":8},{"not_picked":["sneckomod:MasterEye","sneckomod:MixItUp"],"picked":"sneckomod:UnknownUncommonAttack","floor":10},{"not_picked":["sneckomod:QuickBite","sneckomod:DefensiveFlair"],"picked":"sneckomod:UnknownBlock","floor":12},{"not_picked":["sneckomod:UnknownCommonSkill","sneckomod:SoulRoll","sneckomod:SoulDraw"],"picked":"Singing Bowl","floor":13},{"not_picked":["sneckomod:UnknownClassHEXA_GHOST_PURPLE","sneckomod:Nope","sneckomod:SnakeSap"],"picked":"Singing Bowl","floor":15}],"player_experience":1215250,"relics_obtained":[{"floor":6,"key":"Singing Bowl"},{"floor":7,"key":"Bag of Preparation"},{"floor":8,"key":"Odd Mushroom"}],"event_choices":[{"damage_healed":0,"gold_gain":0,"player_choice":"Fought Mushrooms","damage_taken":0,"max_hp_gain":0,"max_hp_loss":0,"event_name":"Mushrooms","floor":8,"gold_loss":0},{"cards_removed":["sneckomod:Strike"],"damage_healed":0,"gold_gain":0,"player_choice":"Card Removal","damage_taken":0,"max_hp_gain":0,"max_hp_loss":0,"event_name":"The Cleric","floor":9,"gold_loss":0}],"is_beta":false,"boss_relics":[],"items_purged_floors":[5],"is_endless":false,"potions_floor_spawned":[6,13,15],"killed_by":"downfall:Silent","ascension_level":1}}