{"host":"v9ordiuf4xzdpttp","time":1610058540,"event":{"mods":["AchievementEnabler","Act Like it!","AlwaysNeverKeys","Aspiration","Bard","Bartender","BaseMod","Better Third Choice","Better Vampires","BetterRewards","Colored Map","Conspire","Dio Mod","Downfall","Energized Spire","Gold Saver","GungeonMod","Halation","Hubris","Infinite Spire","Ironclad Rager","Jedi Mod","Marked Mod","Melee Mod","Minty Spire (QoL Compilation)","Pale of the Ancients","Remove Card Discount Mod","Replay The Spire","Robot Space Explorer","SOS???????","Shop Mod","Small Relic Pack","Somnambulant","Spicy Shops","StSLib","The Bladedancer","The Bug Knight","The Construct","The Death Knight","The Exalted","The Hayseed","The Hierophant","The Jungle","The Mystic","The Runesmith","The Saiyan","The Senshi","The Servant 0.9.4","The Wild Card","TheBandit","vexMod","??????REMEMod"],"gold_per_floor":[143,123,223,223,233,263,263,289,313,23,37,53,53,14,14,112,112,132,146,43,59,76,76,109,109,109,140,140,140],"floor_reached":28,"playtime":2116,"items_purged":[],"score":537,"play_id":"0b3d578f-7003-45a6-ad17-f196d836a47a","local_time":"20210107172900","is_ascension_mode":true,"campfire_choices":[{"floor":7,"key":"REST"},{"data":"REME_Fury","floor":15,"key":"SMITH"},{"floor":23,"key":"REST"},{"floor":25,"key":"REST"}],"circlet_count":0,"master_deck":["Strike_R","Strike_R","Strike_R","Strike_R","Strike_R","Defend_R","Defend_R","Defend_R","Defend_R","Bash","Inflame","Cleave","Cleave","REME_Fury+1","Anger","ReplayTheSpireMod:Splinters","Run Through","Shrug It Off","Bloodletting","theWildCard:Odin","hubris:ReadiedAction","Replay:Undeath\u0027s Touch","Barricade","Rampage","hubris:ReadiedAction","conspire:Charge","dioMod:Regeneration","Brutality","Armaments+1","Pummel+1","Combust","Anger","Anger","Iron Wave"],"relics":["Burning Blood","REME_ComplimentaryCards","BargainBundle","REME_HandOfSuture","Bromod:ArcaneUltimatum","hubris:Spice","HollowMod:PaleOreRelic","Protect_Vest","Fusion Hammer","Replay:Arrowhead","jedi:Pinwheel"],"acts_visited":["Exordium","TheCity"],"potions_floor_usage":[13,16,22,22,24,24],"damage_taken":[{"damage":0,"enemies":"Small Slimes","floor":1,"turns":3},{"damage":0,"enemies":"2 Louse","floor":5,"turns":1},{"damage":19,"enemies":"3 Sentries","floor":6,"turns":3},{"damage":5,"enemies":"Lagavulin","floor":8,"turns":6},{"damage":0,"enemies":"Jaw Worm","floor":11,"turns":3},{"damage":0,"enemies":"Exordium Thugs","floor":12,"turns":3},{"damage":15,"enemies":"Fading Forest","floor":16,"turns":11},{"damage":31,"enemies":"conspire:FuzzyDice","floor":18,"turns":4},{"damage":13,"enemies":"Snake Plant","floor":19,"turns":4},{"damage":22,"enemies":"Centurion and Healer","floor":21,"turns":4},{"damage":37,"enemies":"Snecko","floor":22,"turns":7},{"damage":61,"enemies":"Nightmare","floor":24,"turns":9},{"damage":20,"enemies":"REME_1_Revenger","floor":27,"turns":5},{"damage":47,"enemies":"Shelled Parasite and Fungi","floor":28,"turns":3}],"seed_played":"-3651886741174801222","potions_obtained":[{"floor":1,"key":"ElixirPotion"},{"floor":12,"key":"REME_GoldPotion"},{"floor":16,"key":"Swift Potion"},{"floor":21,"key":"PowerPotion"},{"floor":22,"key":"construct:ShiftPotion"}],"is_trial":false,"path_per_floor":["M","?","?","?","M","E","R","E","T","$","M","M","?","$","R","B",null,"M","M","$","M","M","R","NM","R","T","E","M"],"character_chosen":"IRONCLAD","items_purchased":["BargainBundle","Inflame","Cleave","REME_Fury","REME_HandOfSuture","Swift Potion","FearPotion","sneckomod:MuddlingPotion","Impatience","Barricade","Protect_Vest","conspire:Charge","Combust"],"campfire_rested":3,"item_purchase_floors":[0,0,0,0,0,0,0,0,0,10,10,14,20],"current_hp_per_floor":[62,62,62,62,68,55,79,88,88,88,88,88,88,88,88,88,88,66,62,62,50,22,48,12,38,38,36,0,0],"gold":140,"neow_bonus":"","is_daily":false,"chose_seed":false,"campfire_upgraded":1,"win_rate":0.0,"timestamp":1610058540,"path_taken":["M","?","?","?","?","E","R","E","T","?","M","M","?","$","R","BOSS","M","?","?","?","M","R","NM","R","T","E","M"],"items_purchased_type":["Relic","Card","Card","Card","Relic","Potion","Potion","Potion","Card","Card","Relic","Card","Card"],"build_version":"2020-12-22","purchased_purges":0,"victory":false,"max_hp_per_floor":[80,80,80,80,80,80,80,88,88,88,88,88,88,88,88,88,88,88,88,88,88,88,88,88,88,88,96,96,96],"card_choices":[{"not_picked":["jedi:collectorstrike","Warcry"],"picked":"Anger","floor":1},{"not_picked":["ReplayTheSpireMod:LeadingStrike","Wild Strike"],"picked":"Run Through","floor":3},{"not_picked":["Second Wind","Body Slam"],"picked":"Shrug It Off","floor":3},{"not_picked":["Thunderclap","Armaments"],"picked":"Bloodletting","floor":3},{"not_picked":["Sever Soul","Second Wind"],"picked":"hubris:ReadiedAction","floor":5},{"not_picked":["Searing Blow","Massacre"],"picked":"Replay:Undeath\u0027s Touch","floor":6},{"not_picked":["True Grit","Clash","Twin Strike"],"picked":"SKIP","floor":8},{"not_picked":["True Grit","Clash","Twin Strike"],"picked":"SKIP","floor":8},{"not_picked":["Havoc","conspire:Charge"],"picked":"Rampage","floor":11},{"not_picked":["Sword Boomerang","ReplayTheSpireMod:Limb From Limb"],"picked":"hubris:ReadiedAction","floor":12},{"not_picked":["REME_Fury","hubris:StunningStrike"],"picked":"Brutality","floor":16},{"not_picked":["Replay:Undeath\u0027s Touch","Cleave+1"],"picked":"Armaments+1","floor":18},{"not_picked":["Massacre+1","Whirlwind"],"picked":"Pummel+1","floor":19},{"not_picked":["Shockwave","Flame Barrier","Twin Strike+1"],"picked":"SKIP","floor":21},{"not_picked":["Body Slam","conspire:Charge"],"picked":"Anger","floor":22},{"not_picked":["Wild Strike","REME_Cut"],"picked":"Anger","floor":24},{"not_picked":["ReplayTheSpireMod:Stacked","Flex"],"picked":"Iron Wave","floor":27}],"player_experience":252014,"relics_obtained":[{"floor":6,"key":"Bromod:ArcaneUltimatum"},{"floor":8,"key":"hubris:Spice"},{"floor":9,"key":"HollowMod:PaleOreRelic"},{"floor":24,"key":"Replay:Arrowhead"},{"floor":26,"key":"jedi:Pinwheel"},{"floor":27,"key":"hubris:Spice"}],"event_choices":[{"damage_healed":0,"gold_gain":0,"player_choice":"Left","damage_taken":0,"max_hp_gain":0,"max_hp_loss":0,"event_name":"betterThird:BetterGoop","floor":2,"gold_loss":20},{"cards_removed":["Impatience"],"damage_healed":0,"gold_gain":0,"player_choice":"Purged","damage_taken":0,"max_hp_gain":0,"max_hp_loss":0,"event_name":"Purifier","floor":13,"gold_loss":0}],"is_beta":false,"boss_relics":[{"not_picked":["hubris:Spice","Replay:Drink Me"],"picked":"Fusion Hammer"}],"items_purged_floors":[],"is_endless":false,"potions_floor_spawned":[1,5,12,16,21,22],"killed_by":"Shelled Parasite and Fungi","ascension_level":8}}