{"host":"zntn5kfpqqjb7mu3","time":1610002075,"event":{"mods":["AchievementEnabler","Aspiration","BaseMod","Better-Laid Plans","Colored Map","Colored Powertips","Curses Come First","DNKmod","Friendly Minions","Hermit","Marked Mod","Minty Spire (QoL Compilation)","MostiFishMod","Permanent Neow","Quick Restart","Rare Cards Sparkle","Relic Stats","Remove Card Discount Mod","Replay The Spire","Spicy Shops","StSLib","SuperFastMode","TestMod","Waifu the Spire","vexMod","¡¾ÒÅÎï¿¨ÅÆ¡¿REMEMod","óô»ðÖ¸ÄÏ"],"gold_per_floor":[10020,10036,9611,9626,9636,9459,9489,9502,9526,9542,9542,9542,9145,9173,8546,8647,8647,8664,8664],"floor_reached":18,"playtime":1052,"items_purged":["Defend_G","Defend_G","Defend_G","Shame","Defend_G"],"score":325,"play_id":"3592aa50-ea0a-4f5d-906f-65b2a750fb76","local_time":"20210107144755","is_ascension_mode":true,"campfire_choices":[{"floor":11,"key":"RECALL"}],"circlet_count":0,"master_deck":["Strike_G","Strike_G","Strike_G","Strike_G","Strike_G","Defend_G","Neutralize","MostiFishMod:PreservedThorns","MostiFishMod:LethalBlade","Sucker Punch","Backflip","Cloak And Dagger","Infinite Blades","Masterful Stab","Cloak And Dagger","Backstab+1","REME_FirmDetermination","Hidden Blade","MostiFishMod:FrostNova","Terror","MostiFishMod:VineMother","MostiFishMod:ThornCasing","Deflect","Deflect","Night Terror","REME_ShadowForm"],"relics":["Ring of the Serpent","testmod-TestBox","REME_ComplimentaryCards","DaveBox","ImprovedEquipment","testmod-IWantAll","SynthV:TestCard","Blue Doll","Juzu Bracelet","ReplayTheSpireMod:ShopPack","Pantograph","Ninja Scroll","REME_HandOfSuture","testmod-InjuryResistance","The Courier","REME_CardOfGreed","Boot","Potion Belt"],"acts_visited":["Exordium","TheCity"],"potions_floor_usage":[],"damage_taken":[{"damage":0,"enemies":"Jaw Worm","floor":1,"turns":2},{"damage":0,"enemies":"Small Slimes","floor":2,"turns":2},{"damage":0,"enemies":"2 Louse","floor":4,"turns":2},{"damage":0,"enemies":"Large Slime","floor":5,"turns":3},{"damage":0,"enemies":"Gremlin Nob","floor":7,"turns":2},{"damage":0,"enemies":"Exordium Thugs","floor":8,"turns":2},{"damage":0,"enemies":"Blue Slaver","floor":10,"turns":1},{"damage":0,"enemies":"3 Sentries","floor":14,"turns":2},{"damage":5,"enemies":"The Guardian","floor":16,"turns":4},{"damage":0,"enemies":"Shell Parasite","floor":18,"turns":2}],"seed_played":"122412081626524219","potions_obtained":[{"floor":5,"key":"Poison Potion"},{"floor":7,"key":"Elixir"},{"floor":8,"key":"Energy Potion"},{"floor":16,"key":"GamblersBrew"}],"is_trial":false,"path_per_floor":["M","M","$","M","M","R","E","M","T","M","R","?","$","E","R","B",null,"M"],"character_chosen":"THE_SILENT","items_purchased":["Blue Doll","Cloak And Dagger","Infinite Blades","Juzu Bracelet","Backstab+1","ReplayTheSpireMod:ShopPack","Ninja Scroll","REME_HandOfSuture","MostiFishMod:ThornCasing","The Courier","REME_CardOfGreed","Deflect","Boot","Potion Belt"],"campfire_rested":0,"item_purchase_floors":[3,3,3,3,6,6,13,13,15,15,15,15,15,15],"current_hp_per_floor":[63,63,63,63,63,63,63,63,63,63,63,63,63,63,63,65,69,69,69],"gold":8664,"neow_bonus":"TRANSFORM_CARD","is_daily":false,"chose_seed":false,"campfire_upgraded":0,"win_rate":0.0,"timestamp":1610002075,"path_taken":["M","M","$","M","M","R","E","M","T","M","R","?","$","E","R","BOSS","M"],"items_purchased_type":["Relic","Card","Card","Relic","Card","Relic","Relic","Relic","Card","Relic","Relic","Card","Relic","Relic"],"build_version":"2020-12-22","purchased_purges":5,"victory":false,"max_hp_per_floor":[70,70,70,70,70,70,70,70,70,70,70,70,70,70,70,70,70,70,70],"relic_stats":{"counters":[10,22],"Pantograph":7,"Juzu Bracelet":0,"Boot":[0],"obtain_stats":[{"Potion Belt":15,"testmod-TestBox":0,"DaveBox":0,"ImprovedEquipment":0,"Blue Doll":3,"testmod-IWantAll":0,"The Courier":15,"Juzu Bracelet":3,"Boot":15,"SynthV:TestCard":1,"testmod-InjuryResistance":14,"Ninja Scroll":13,"Pantograph":7,"REME_HandOfSuture":13,"REME_CardOfGreed":15,"Ring of the Serpent":17,"Ring of the Snake":0,"REME_ComplimentaryCards":0,"ReplayTheSpireMod:ShopPack":6},{"Potion Belt":8,"testmod-TestBox":0,"DaveBox":0,"ImprovedEquipment":0,"Blue Doll":2,"testmod-IWantAll":0,"The Courier":8,"Juzu Bracelet":2,"Boot":8,"SynthV:TestCard":1,"testmod-InjuryResistance":8,"Ninja Scroll":7,"Pantograph":5,"REME_HandOfSuture":7,"REME_CardOfGreed":8,"Ring of the Serpent":9,"Ring of the Snake":0,"REME_ComplimentaryCards":0,"ReplayTheSpireMod:ShopPack":4},{"Potion Belt":16,"testmod-TestBox":0,"DaveBox":0,"ImprovedEquipment":0,"Blue Doll":4,"testmod-IWantAll":0,"The Courier":16,"Juzu Bracelet":4,"Boot":16,"SynthV:TestCard":2,"testmod-InjuryResistance":16,"Ninja Scroll":14,"Pantograph":11,"REME_HandOfSuture":14,"REME_CardOfGreed":16,"Ring of the Serpent":20,"Ring of the Snake":0,"REME_ComplimentaryCards":0,"ReplayTheSpireMod:ShopPack":9}]},"card_choices":[{"not_picked":["REME_GreenPollution","Underhanded Strike"],"picked":"Sucker Punch","floor":1},{"not_picked":["Draining Mist","Blur","Eviscerate","Hidden Blade"],"picked":"Backflip","floor":2},{"not_picked":["Bane","Flying Knee","Eviscerate","Flechettes"],"picked":"Masterful Stab","floor":4},{"not_picked":["MostiFishMod:PerfectParry","Dodge and Roll","ReplayTheSpireMod:Scrap Shanks","Deflect"],"picked":"Cloak And Dagger","floor":5},{"not_picked":["MostiFishMod:ButterFly","testmod-HandmadeProducts","testmod-Wormhole","ReplayTheSpireMod:Private Reserves"],"picked":"REME_FirmDetermination","floor":6},{"not_picked":["Poisoned Stab","PiercingWail","Bane","Quick Slash"],"picked":"Hidden Blade","floor":7},{"not_picked":["Acrobatics","Deadly Poison","Outmaneuver","Infinite Blades"],"picked":"MostiFishMod:FrostNova","floor":8},{"not_picked":["Dagger Spray","MostiFishMod:PerfectParry","Poisoned Stab","After Image"],"picked":"Terror","floor":10},{"not_picked":["Caltrops","MostiFishMod:LethalBlade","ReplayTheSpireMod:Speed Training","Deadly Poison"],"picked":"MostiFishMod:VineMother","floor":14},{"not_picked":["Tools of the Trade","MostiFishMod:Neurotoxin","Corpse Explosion","REME_ShadowForm"],"picked":"Night Terror","floor":16},{"not_picked":["Tools of the Trade","MostiFishMod:Neurotoxin","Corpse Explosion","Night Terror"],"picked":"REME_ShadowForm","floor":16}],"player_experience":61303,"relics_obtained":[{"floor":1,"key":"SynthV:TestCard"},{"floor":7,"key":"Pantograph"},{"floor":14,"key":"testmod-InjuryResistance"}],"event_choices":[{"damage_healed":0,"gold_gain":0,"player_choice":"Fled","damage_taken":0,"max_hp_gain":0,"max_hp_loss":0,"event_name":"Scrap Ooze","floor":12,"gold_loss":0}],"is_beta":false,"boss_relics":[{"not_picked":["Busted Crown","testmod-StringDisintegrator"],"picked":"Ring of the Serpent"}],"items_purged_floors":[3,3,6,15,15],"is_endless":false,"potions_floor_spawned":[5,7,8,16],"killed_by":"Shell Parasite","ascension_level":9}}