{"host":"684z1xpuwaoqmmh1","time":1610022823,"event":{"mods":["BaseMod","Downfall","Hermit","Jorbs\u0027s Wanderer Trilogy","Marisa????????","Minty Spire (QoL Compilation)","StSLib","The Hierophant","The Mystic"],"gold_per_floor":[115,7,7,7,19,46,22,22,49,84,84,101,0,16,16,113,113,132,146,146,146,146,146,162,162,162],"floor_reached":25,"playtime":1057,"items_purged":["hermit:Strike_Hermit"],"score":363,"play_id":"ef88e46e-a203-400b-a449-b036150ad139","local_time":"20210107143343","is_ascension_mode":true,"campfire_choices":[{"data":"hermit:Virtue","floor":8,"key":"SMITH"},{"data":"hermit:Adapt","floor":11,"key":"SMITH"},{"data":"hermit:BigShot","floor":15,"key":"SMITH"},{"floor":23,"key":"REST"}],"circlet_count":0,"master_deck":["AscendersBane","hermit:Strike_Hermit+1","hermit:Strike_Hermit+1","hermit:Strike_Hermit+1","hermit:Defend_Hermit+1","hermit:Defend_Hermit+1","hermit:Defend_Hermit+1","hermit:Snapshot","hermit:Covet","hermit:Enervate","hermit:BigShot+1","Regret","hermit:Manifest","hermit:Virtue+1","hermit:Feint","hermit:Adapt+1","hermit:Misfire","hermit:FatalDesire","CurseOfTheBell","hermit:CalledShot+1","hermit:HoleUp"],"relics":["hermit:Momento","NeowsBlessing","StrikeDummy","Blue Candle","Lantern","Ancient Tea Set","Calling Bell","sneckomod:BlankCard","Darkstone Periapt","Girya"],"acts_visited":["Exordium","TheCity"],"potions_floor_usage":[10,25],"damage_taken":[{"damage":0,"enemies":"2 Louse","floor":1,"turns":1},{"damage":0,"enemies":"Jaw Worm","floor":5,"turns":1},{"damage":0,"enemies":"3 Sentries","floor":6,"turns":2},{"damage":9,"enemies":"Lagavulin","floor":10,"turns":6},{"damage":2,"enemies":"Cultist","floor":12,"turns":4},{"damage":0,"enemies":"Red Slaver","floor":14,"turns":4},{"damage":26,"enemies":"Slime Boss","floor":16,"turns":11},{"damage":41,"enemies":"3 Byrds","floor":18,"turns":10},{"damage":13,"enemies":"Spheric Guardian","floor":19,"turns":6},{"damage":11,"enemies":"Centurion and Healer","floor":24,"turns":7},{"damage":24,"enemies":"Slavers","floor":25,"turns":4}],"seed_played":"904494213423535245","potions_obtained":[{"floor":5,"key":"EssenceOfSteel"},{"floor":6,"key":"FearPotion"},{"floor":24,"key":"Explosive Potion"}],"is_trial":false,"path_per_floor":["M","$","?","?","M","E","$","R","T","E","R","M","$","M","R","B",null,"M","M","?","$","?","R","M","E"],"character_chosen":"HERMIT","items_purchased":["hermit:BigShot","hermit:Feint","CultistPotion"],"campfire_rested":1,"item_purchase_floors":[2,7,13],"current_hp_per_floor":[68,68,68,68,68,68,68,68,68,59,59,57,57,57,57,31,64,23,10,10,10,10,32,21,0,0],"gold":162,"neow_bonus":"THREE_ENEMY_KILL","is_daily":false,"chose_seed":false,"campfire_upgraded":3,"win_rate":0.0,"timestamp":1610022823,"path_taken":["M","$","?","?","?","E","$","R","T","E","R","M","?","?","R","BOSS","M","M","?","$","?","R","M","E"],"items_purchased_type":["Card","Card","Potion"],"build_version":"2020-12-22","purchased_purges":1,"victory":false,"max_hp_per_floor":[75,75,75,75,75,75,75,75,75,75,75,75,75,75,75,75,75,75,75,75,75,75,75,75,75,75],"card_choices":[{"not_picked":["hermit:BodyArmor","hermit:Glare"],"picked":"hermit:Enervate","floor":1},{"not_picked":["hermit:Snipe","hermit:NoHoldsBarred"],"picked":"hermit:Manifest","floor":5},{"not_picked":["hermit:Ricochet","hermit:BodyArmor"],"picked":"hermit:Virtue","floor":6},{"not_picked":["hermit:BodyArmor","hermit:HoleUp"],"picked":"hermit:Adapt","floor":10},{"not_picked":["hermit:Virtue","hermit:Headshot"],"picked":"hermit:Misfire","floor":12},{"not_picked":["hermit:Maintenance","hermit:WideOpen","hermit:CursedWeapon"],"picked":"SKIP","floor":14},{"not_picked":["hermit:Reprieve","hermit:Gambit"],"picked":"hermit:FatalDesire","floor":16},{"not_picked":["hermit:Misfire","hermit:WideOpen","hermit:Shortfuse"],"picked":"SKIP","floor":18},{"not_picked":["hermit:Roulette+1","hermit:TrackingShot"],"picked":"hermit:CalledShot+1","floor":19},{"not_picked":["hermit:Coalescence","hermit:Desperado"],"picked":"hermit:HoleUp","floor":24}],"player_experience":2409357,"relics_obtained":[{"floor":6,"key":"Blue Candle"},{"floor":9,"key":"Lantern"},{"floor":10,"key":"Ancient Tea Set"},{"floor":17,"key":"sneckomod:BlankCard"},{"floor":17,"key":"Darkstone Periapt"},{"floor":17,"key":"Girya"}],"event_choices":[{"damage_healed":0,"gold_gain":0,"player_choice":"Box","damage_taken":0,"relics_obtained":["StrikeDummy"],"max_hp_gain":0,"max_hp_loss":0,"event_name":"Big Fish","floor":3,"gold_loss":0,"cards_obtained":["Regret"]},{"cards_removed":["hermit:Defend_Hermit"],"damage_healed":0,"gold_gain":0,"player_choice":"Purged","damage_taken":0,"max_hp_gain":0,"max_hp_loss":0,"event_name":"Purifier","floor":4,"gold_loss":0},{"damage_healed":0,"gold_gain":0,"player_choice":"Simplicity","damage_taken":0,"max_hp_gain":0,"max_hp_loss":0,"event_name":"Back to Basics","floor":20,"gold_loss":0,"cards_upgraded":["hermit:Strike_Hermit","hermit:Strike_Hermit","hermit:Strike_Hermit","hermit:Defend_Hermit","hermit:Defend_Hermit","hermit:Defend_Hermit"]},{"damage_healed":0,"gold_gain":0,"player_choice":"Ignored","damage_taken":0,"max_hp_gain":0,"max_hp_loss":0,"event_name":"Cursed Tome","floor":22,"gold_loss":0}],"is_beta":false,"boss_relics":[{"not_picked":["hermit:ClaspedLocket","Pandora\u0027s Box"],"picked":"Calling Bell"}],"items_purged_floors":[2],"is_endless":false,"potions_floor_spawned":[5,6,14,24],"killed_by":"Slavers","ascension_level":11}}