{"host":"kw4o7b3ro2ktmmbe","time":1610004138,"event":{"mods":["BaseMod","Evolution","Lobotomy","LobotomyExtend","Minty Spire (QoL Compilation)","StSLib"],"gold_per_floor":[114,114,132,143,154,154,178,178,178,178,178],"floor_reached":10,"playtime":663,"items_purged":[],"score":107,"play_id":"19aa7985-3002-46dc-a184-a53e99ea3998","local_time":"20210107202218","is_ascension_mode":true,"campfire_choices":[{"floor":6,"key":"REST"}],"circlet_count":0,"master_deck":["AscendersBane","Strike_P","Strike_P","Strike_P","Strike_P","Defend_P","Defend_P","Defend_P","Defend_P+1","Eruption+1","Vigilance","Fasting2","Wellcheers","ShyLook","Consecrate","OldLady","WindmillStrike","LongBird","Conclude","SnowQueen"],"relics":["PureWater","EVO:Axolotl","CogitoBucket","LetterFromLob","Odd Mushroom","InkBottle"],"acts_visited":["Exordium"],"potions_floor_usage":[7],"damage_taken":[{"damage":13,"enemies":"Small Slimes","floor":1,"turns":4},{"damage":7,"enemies":"2 Louse","floor":3,"turns":3},{"damage":22,"enemies":"Cultist","floor":4,"turns":6},{"damage":12,"enemies":"Large Slime","floor":5,"turns":4},{"damage":0,"enemies":"The Mushroom Lair","floor":7,"turns":1},{"damage":50,"enemies":"Lagavulin","floor":10,"turns":4}],"seed_played":"6656058239413575935","potions_obtained":[{"floor":1,"key":"FairyPotion"},{"floor":4,"key":"Ambrosia"}],"is_trial":false,"path_per_floor":["M","?","M","M","M","R","?","?","T","E"],"character_chosen":"WATCHER","items_purchased":[],"campfire_rested":1,"item_purchase_floors":[],"current_hp_per_floor":[48,48,41,25,16,36,36,16,16,0,0],"gold":178,"neow_bonus":"","is_daily":false,"chose_seed":false,"campfire_upgraded":0,"win_rate":0.0,"timestamp":1610004138,"path_taken":["M","?","M","M","M","R","?","?","T","E"],"items_purchased_type":[],"build_version":"2020-12-22","purchased_purges":0,"victory":false,"max_hp_per_floor":[68,68,68,68,68,68,68,68,68,68,68],"card_choices":[{"not_picked":["Halt","ThirdEye"],"picked":"Fasting2","floor":1},{"not_picked":["Scorched","SingingMachine"],"picked":"Wellcheers","floor":1},{"not_picked":["MeatLantern","PunishingBird"],"picked":"ShyLook","floor":3},{"not_picked":["Vengeance","FlyingSleeves"],"picked":"Consecrate","floor":3},{"not_picked":["Scorched","WhitesApple"],"picked":"OldLady","floor":4},{"not_picked":["BowlingBash","Consecrate"],"picked":"WindmillStrike","floor":4},{"not_picked":["VoidDream","GreedKing"],"picked":"LongBird","floor":5},{"not_picked":["Indignation","Crescendo"],"picked":"Conclude","floor":5},{"not_picked":["Scorched","Bloodbath"],"picked":"SnowQueen","floor":7}],"player_experience":1783925,"relics_obtained":[{"floor":1,"key":"LetterFromLob"},{"floor":7,"key":"Odd Mushroom"},{"floor":9,"key":"InkBottle"}],"event_choices":[{"damage_healed":0,"gold_gain":0,"player_choice":"Leave","damage_taken":0,"max_hp_gain":0,"max_hp_loss":0,"event_name":"The Cleric","floor":2,"gold_loss":0},{"damage_healed":0,"gold_gain":0,"player_choice":"Fought Mushrooms","damage_taken":0,"max_hp_gain":0,"max_hp_loss":0,"event_name":"Mushrooms","floor":7,"gold_loss":0},{"damage_healed":0,"gold_gain":0,"player_choice":"Entered Light","damage_taken":20,"max_hp_gain":0,"max_hp_loss":0,"event_name":"Shining Light","floor":8,"gold_loss":0,"cards_upgraded":["Defend_P","Eruption"]}],"is_beta":false,"boss_relics":[],"items_purged_floors":[],"is_endless":false,"potions_floor_spawned":[1,4],"killed_by":"Lagavulin","ascension_level":17}}