{"host":"ue7jlgf7uv134an9","time":1610038620,"event":{"mods":["BaseMod","Better Third Choice","Defuse TimeMaze Blight","Minty Spire (QoL Compilation)","Quick Restart","Rare Cards Sparkle","Relic Stats","StSLib","UnlockEverythingMod"],"gold_per_floor":[112,37,112,127,107,107,142,161,161,192,204,181,193,235,247,259,259],"floor_reached":16,"playtime":336,"items_purged":["Strike_G"],"score":266,"play_id":"364e01a1-3b55-45c9-b0e5-bef03d1d1f7f","local_time":"20210107115700","is_ascension_mode":true,"campfire_choices":[{"data":"Sucker Punch","floor":6,"key":"SMITH"},{"data":"Bouncing Flask","floor":13,"key":"SMITH"},{"floor":15,"key":"REST"}],"circlet_count":0,"master_deck":["AscendersBane","Strike_G","Strike_G","Strike_G","Defend_G","Defend_G","Defend_G","Defend_G","Defend_G","Survivor","Neutralize","All Out Attack","Sucker Punch+1","Dagger Spray","Deflect","Bouncing Flask+1","Leg Sweep+1"],"relics":["Ring of the Snake","NeowsBlessing","Blue Candle","MawBank","Toxic Egg 2"],"acts_visited":["Exordium"],"potions_floor_usage":[14,16,16],"damage_taken":[{"damage":0,"enemies":"Jaw Worm","floor":1,"turns":1},{"damage":0,"enemies":"2 Louse","floor":4,"turns":1},{"damage":0,"enemies":"Gremlin Nob","floor":7,"turns":1},{"damage":4,"enemies":"Cultist","floor":8,"turns":4},{"damage":0,"enemies":"Looter","floor":10,"turns":3},{"damage":23,"enemies":"Lagavulin","floor":14,"turns":8},{"damage":50,"enemies":"Slime Boss","floor":16,"turns":8}],"seed_played":"-4468358446531690122","potions_obtained":[{"floor":4,"key":"EntropicBrew"},{"floor":5,"key":"Block Potion"}],"is_trial":false,"path_per_floor":["M","$","?","M","?","R","E","M","T","M","?","?","R","E","R","B"],"character_chosen":"THE_SILENT","items_purchased":[],"campfire_rested":1,"item_purchase_floors":[],"current_hp_per_floor":[59,59,48,48,48,48,48,44,44,44,37,53,53,30,49,0,0],"gold":259,"neow_bonus":"THREE_ENEMY_KILL","is_daily":false,"chose_seed":false,"campfire_upgraded":2,"win_rate":0.0,"timestamp":1610038620,"path_taken":["M","$","?","M","?","R","E","M","T","?","?","?","R","E","R","BOSS"],"items_purchased_type":[],"build_version":"2020-12-22","purchased_purges":1,"victory":false,"max_hp_per_floor":[66,66,66,66,66,66,66,66,66,66,66,66,66,66,66,66,66],"relic_stats":{"counters":[7,26],"Blue Candle":[0],"MawBank":84,"obtain_stats":[{"NeowsBlessing":0,"Blue Candle":7,"Toxic Egg 2":14,"MawBank":9,"Ring of the Snake":0},{"NeowsBlessing":0,"Blue Candle":3,"Toxic Egg 2":6,"MawBank":4,"Ring of the Snake":0},{"NeowsBlessing":0,"Blue Candle":3,"Toxic Egg 2":18,"MawBank":7,"Ring of the Snake":0}],"Ring of the Snake":[14]},"card_choices":[{"not_picked":["Underhanded Strike","Reflex"],"picked":"All Out Attack","floor":1},{"not_picked":["Underhanded Strike","Bane"],"picked":"Sucker Punch","floor":4},{"not_picked":["Quick Slash","Acrobatics"],"picked":"Dagger Spray","floor":7},{"not_picked":["Blur","Tools of the Trade"],"picked":"Deflect","floor":8},{"not_picked":["Dagger Spray","Caltrops"],"picked":"Bouncing Flask","floor":10},{"not_picked":["Predator","Bouncing Flask+1"],"picked":"Leg Sweep+1","floor":14}],"player_experience":60630,"relics_obtained":[{"floor":7,"key":"Blue Candle"},{"floor":9,"key":"MawBank"},{"floor":14,"key":"Toxic Egg 2"}],"event_choices":[{"damage_healed":0,"gold_gain":75,"player_choice":"Gold","damage_taken":11,"max_hp_gain":0,"max_hp_loss":0,"event_name":"betterThird:BetterGoop","floor":3,"gold_loss":0},{"damage_healed":0,"gold_gain":0,"player_choice":"Bought 1 Potion","damage_taken":0,"max_hp_gain":0,"max_hp_loss":0,"event_name":"The Woman in Blue","floor":5,"gold_loss":0},{"cards_removed":["Strike_G"],"damage_healed":0,"gold_gain":0,"player_choice":"Card Removal","damage_taken":7,"max_hp_gain":0,"max_hp_loss":0,"event_name":"Golden Wing","floor":11,"gold_loss":0},{"damage_healed":16,"gold_gain":0,"player_choice":"Healed","damage_taken":0,"max_hp_gain":0,"max_hp_loss":0,"event_name":"The Cleric","floor":12,"gold_loss":35}],"is_beta":false,"boss_relics":[],"items_purged_floors":[2],"is_endless":false,"potions_floor_spawned":[4,8,10],"killed_by":"Slime Boss","ascension_level":20}}