{"host":"kabf61oc9jgfwufg","time":1610049054,"event":{"mods":["AchievementEnabler","Act Like it!","Aspiration","BaseMod","Conspire","GifTheSpireLib","Halation","HexUI Lib","Hubris","Infinite Spire","Melee Mod","Minty Spire (QoL Compilation)","Quick Restart","Rare Cards Sparkle","Replay The Spire","Shop Mod","StSLib","Waifu the Spire"],"gold_per_floor":[112,131,131,165,165,199,124,156,233,262,14,14,24,24,24,122,122,140,15,15,34,46,46,73,23,47,66,66,137,152,213,213,404,404,451,451,451,501,551,551,605,605,605,605,605,346,398,408,408],"floor_reached":48,"playtime":2571,"items_purged":["meleeMod_Shield","meleeMod_Jab","meleeMod_Shield","meleeMod_Jab","meleeMod_ShieldDrop"],"score":695,"play_id":"9aa6db69-4fed-46ca-bdb1-fa62d4270aa4","local_time":"20210107195054","is_ascension_mode":false,"campfire_choices":[{"data":"meleeMod_ShieldPoke","floor":12,"key":"SMITH"},{"data":"meleeMod_UpSmash","floor":15,"key":"SMITH"},{"data":"Pot Of Greed","floor":23,"key":"SMITH"},{"floor":32,"key":"REST"},{"floor":40,"key":"REST"}],"circlet_count":0,"master_deck":["meleeMod_Jab","meleeMod_Shield","meleeMod_Shield","meleeMod_NeutralAir","meleeMod_BackAir","meleeMod_NeutralAir","meleeMod_ShieldPoke+1","meleeMod_BabActivated+1","meleeMod_L_Cancel+1","meleeMod_Cautious","meleeMod_Knee","meleeMod_UpSmash+1","Pot Of Greed+1","Pot Of Greed","meleeMod_WaveLand","meleeMod_MindReader","meleeMod_DashDance+1","meleeMod_BackAir+1","meleeMod_Gentleman","meleeMod_SoftKnee","meleeMod_ForwardTilt+1","meleeMod_SDRemix","meleeMod_WallJump+1","Pot Of Greed","meleeMod_DropZone","Enlightenment","meleeMod_PowerShield"],"relics":["meleeMod_LosersMang0","NeowsBlessing","Replay:Ringing Soul","Blue Doll","Blood Vial","hubris:DisguiseKit","halation:KoshaPiece","Grinning Jar","aspiration:IroncladSkillbook","Ring of Searing","hubris:MobiusCoin","halation:IllGainedPizza","halation:VictoryRuler","infinitespire:EvilPickle","Black Star","halation:PapillonHeart","aspiration:SneckoTail","aspiration:StickyExplosives_weak","Onion Ring"],"acts_visited":["Exordium","TheCity","TheBeyond"],"potions_floor_usage":[29,30,33,33,33,33,33],"damage_taken":[{"damage":0,"enemies":"Small Slimes","floor":1,"turns":1},{"damage":0,"enemies":"Jaw Worm","floor":2,"turns":1},{"damage":0,"enemies":"conspire:MimicChest","floor":4,"turns":1},{"damage":27,"enemies":"Lagavulin","floor":6,"turns":7},{"damage":3,"enemies":"Gremlin Nob","floor":8,"turns":3},{"damage":29,"enemies":"Lagavulin","floor":10,"turns":6},{"damage":0,"enemies":"Cultist","floor":13,"turns":2},{"damage":25,"enemies":"Hexaghost","floor":16,"turns":7},{"damage":5,"enemies":"Chosen","floor":18,"turns":5},{"damage":20,"enemies":"Spheric Guardian","floor":21,"turns":3},{"damage":32,"enemies":"Snake Plant","floor":22,"turns":4},{"damage":22,"enemies":"Nightmare","floor":24,"turns":6},{"damage":13,"enemies":"conspire:HollyBat","floor":27,"turns":5},{"damage":24,"enemies":"Shelled Parasite and Fungi","floor":29,"turns":4},{"damage":4,"enemies":"3 Cultists","floor":30,"turns":4},{"damage":0,"enemies":"conspire:HollyBat","floor":31,"turns":5},{"damage":46,"enemies":"Pondfish","floor":33,"turns":6},{"damage":19,"enemies":"Orb Walker","floor":35,"turns":3},{"damage":51,"enemies":"3 Shapes","floor":38,"turns":4},{"damage":29,"enemies":"Maw","floor":39,"turns":6},{"damage":31,"enemies":"4 Shapes","floor":41,"turns":5},{"damage":42,"enemies":"Sphere and 2 Shapes","floor":47,"turns":5},{"damage":40,"enemies":"3 Darklings","floor":48,"turns":4}],"seed_played":"-3904866713705503090","potions_obtained":[{"floor":1,"key":"Milkshake"},{"floor":6,"key":"Adrenaline Potion"},{"floor":8,"key":"Energy Potion"},{"floor":21,"key":"EntropicBrew"},{"floor":31,"key":"Adrenaline Potion"},{"floor":33,"key":"Elixir"},{"floor":35,"key":"Dexterity Potion"}],"is_trial":false,"path_per_floor":["M","M","?","?","?","E","$","E","T","E","$","R","M","?","R","B",null,"M","$","?","M","M","R","NM","?","T","M","AVR","M","M","M","R","B",null,"M","?","AVR","M","M","R","M","?","T","PTL","PTL","$","M","M"],"character_chosen":"FALCON","items_purchased":["Grinning Jar","Onion Ring"],"campfire_rested":2,"item_purchase_floors":[11,46],"current_hp_per_floor":[85,85,85,88,88,64,64,64,64,40,43,43,48,48,48,28,106,105,105,105,93,67,67,54,54,54,50,50,35,40,49,86,49,127,115,115,118,76,53,91,66,69,69,69,69,69,33,0,0],"gold":408,"neow_bonus":"THREE_ENEMY_KILL","is_daily":false,"chose_seed":false,"campfire_upgraded":3,"win_rate":0.0,"timestamp":1610049054,"path_taken":["M","M","?","?","?","E","$","E","T","E","?","R","M","?","R","BOSS","M","$","?","M","M","R","NM","?","T","M","AVR","M","M","?","R","BOSS","M","?","AVR","M","M","R","M","?","T","PTL","PTL","$","?","M"],"items_purchased_type":["Relic","Relic"],"build_version":"2020-12-22","purchased_purges":5,"victory":false,"max_hp_per_floor":[85,85,85,88,88,91,91,94,94,97,100,100,103,103,103,106,106,106,106,106,109,109,109,112,112,112,115,115,118,121,124,124,127,127,130,123,126,129,129,129,129,132,132,132,132,132,132,132,132],"card_choices":[{"not_picked":["meleeMod_FalconPunch","meleeMod_FalconDive"],"picked":"meleeMod_NeutralAir","floor":1},{"not_picked":["meleeMod_FireFlower","meleeMod_UpTilt"],"picked":"meleeMod_ShieldPoke","floor":2},{"not_picked":["meleeMod_Randall","meleeMod_NeutralAir"],"picked":"meleeMod_L_Cancel","floor":4},{"not_picked":["meleeMod_UpTilt","meleeMod_SuperSpicyCurry"],"picked":"meleeMod_Cautious","floor":6},{"not_picked":["meleeMod_NeutralAir","meleeMod_ShieldPoke"],"picked":"meleeMod_Knee","floor":8},{"not_picked":["meleeMod_ShieldPoke","meleeMod_Randall","Perfected Strike"],"picked":"meleeMod_UpSmash","floor":10},{"not_picked":["meleeMod_DropZone","meleeMod_DownTilt","Havoc"],"picked":"meleeMod_WaveLand","floor":13},{"not_picked":["meleeMod_BlueFalcon","meleeMod_WeTechThose","Double Tap"],"picked":"meleeMod_MindReader","floor":16},{"not_picked":["Wild Strike","Clash","Fire Breathing","meleeMod_ShieldPoke","Shockwave"],"picked":"SKIP","floor":18},{"not_picked":["meleeMod_Gentleman+1","Heavy Blade","Cleave","Headbutt"],"picked":"meleeMod_DashDance+1","floor":21},{"not_picked":["meleeMod_SweetSpot","meleeMod_Wildfire","Burning Pact","Wild Strike","ReplayTheSpireMod:Strike From Hell"],"picked":"SKIP","floor":22},{"not_picked":["meleeMod_AirDodge","meleeMod_FireFlower+1","Rage+1","Wild Strike"],"picked":"meleeMod_ShieldDrop","floor":24},{"not_picked":["Headbutt","Perfected Strike+1","meleeMod_WallJump+1","ReplayReversal"],"picked":"meleeMod_BackAir+1","floor":27},{"not_picked":["Anger+1","meleeMod_Wildfire","Iron Wave","Havoc"],"picked":"meleeMod_Gentleman","floor":29},{"not_picked":["Uppercut","Combust","Metallicize","Heavy Blade"],"picked":"meleeMod_SoftKnee","floor":30},{"not_picked":["Whirlwind","meleeMod_SoftKnee","meleeMod_FalconDive","Berserk"],"picked":"meleeMod_ForwardTilt+1","floor":31},{"not_picked":["Corruption","meleeMod_SomebodyClipThat","Reaper","conspire:HitWhereItHurts"],"picked":"meleeMod_SDRemix","floor":33},{"not_picked":["ReplayTheSpireMod:Stacked","meleeMod_NeutralAir","Thunderclap+1","Perfected Strike"],"picked":"meleeMod_WallJump+1","floor":35},{"not_picked":["meleeMod_L_Cancel","Perfected Strike","Heavy Blade+1","Second Wind"],"picked":"meleeMod_DropZone","floor":38},{"not_picked":["Shockwave","Perfected Strike+1","Havoc","Clash","Rupture"],"picked":"SKIP","floor":39},{"not_picked":["Brutality","Massacre","Body Slam+1","Flame Barrier+1","Life Link"],"picked":"SKIP","floor":41},{"not_picked":["Second Wind","infinitespire:OneForAll","Shrug It Off+1","hubris:ReadiedAction+1","Hemokinesis"],"picked":"SKIP","floor":47}],"player_experience":74721,"relics_obtained":[{"floor":4,"key":"Replay:Ringing Soul"},{"floor":6,"key":"Blue Doll"},{"floor":8,"key":"Blood Vial"},{"floor":9,"key":"hubris:DisguiseKit"},{"floor":10,"key":"halation:KoshaPiece"},{"floor":20,"key":"Ring of Searing"},{"floor":24,"key":"hubris:MobiusCoin"},{"floor":26,"key":"halation:IllGainedPizza"},{"floor":43,"key":"aspiration:StickyExplosives_weak"}],"event_choices":[{"damage_healed":0,"gold_gain":0,"player_choice":"Ignored","damage_taken":0,"max_hp_gain":0,"max_hp_loss":0,"event_name":"NoteForYourself","floor":14,"gold_loss":0},{"damage_healed":0,"gold_gain":0,"player_choice":"Bet on Owner","damage_taken":0,"max_hp_gain":0,"max_hp_loss":0,"event_name":"The Joust","floor":25,"gold_loss":50},{"damage_healed":0,"gold_gain":0,"player_choice":"2 cards matched","damage_taken":0,"max_hp_gain":0,"max_hp_loss":0,"event_name":"Match and Keep!","floor":42,"gold_loss":0,"cards_obtained":["Enlightenment","meleeMod_PowerShield"]}],"is_beta":false,"boss_relics":[{"not_picked":["hubris:GrandSneckoEye","Coffee Dripper"],"picked":"aspiration:IroncladSkillbook"},{"not_picked":["hubris:CrackedHourglass","Replay:Grab Bag"],"picked":"Black Star"}],"items_purged_floors":[7,11,19,28,37],"is_endless":true,"potions_floor_spawned":[1,6,8,10,21,24,27,31,33,35],"killed_by":"3 Darklings","ascension_level":0}}