{"host":"xkmvu47k9fdstweo","time":1610047724,"event":{"mods":["BaseMod","Colored Map","Conspire","Hubris","Minty Spire (QoL Compilation)","Quick Restart","Railgun Mod","Shop Mod","StSLib","The Alterego","The Servant 0.9.4","The Wild Card","TheBandit","WarShipGirlsR/??è≠èóR mod","vexMod"],"gold_per_floor":[111,124,124,135,148,148,179,179,179,204,129,129,129],"floor_reached":12,"playtime":277,"items_purged":["Strike_R"],"score":117,"play_id":"5509a313-36db-47b0-a5df-204f5b9b90d0","local_time":"20210107142844","is_ascension_mode":true,"campfire_choices":[{"data":"conspire:Purge","floor":6,"key":"SMITH"},{"data":"True Grit","floor":8,"key":"SMITH"}],"circlet_count":0,"master_deck":["AscendersBane","Strike_R","Strike_R","Defend_R","Defend_R","Defend_R","Bash","Twin Strike","Flex","conspire:Purge+1","Fire Breathing","Shrug It Off","True Grit+1","Dropkick"],"relics":["Burning Blood","NeowsBlessing","conspire:GlowingRock","vexMod:BerryBomb","Meat on the Bone"],"acts_visited":["Exordium"],"potions_floor_usage":[7,7,10],"damage_taken":[{"damage":0,"enemies":"2 Louse","floor":1,"turns":1},{"damage":0,"enemies":"Small Slimes","floor":2,"turns":1},{"damage":5,"enemies":"conspire:RoseBush","floor":4,"turns":1},{"damage":33,"enemies":"conspire:2 RoseBushes","floor":5,"turns":6},{"damage":18,"enemies":"conspire:MimicChest","floor":7,"turns":4},{"damage":39,"enemies":"Lagavulin","floor":10,"turns":8},{"damage":14,"enemies":"Gremlin Nob","floor":12,"turns":3}],"seed_played":"2787485859057382139","potions_obtained":[{"floor":2,"key":"AttackPotion"},{"floor":5,"key":"DuplicationPotion"},{"floor":7,"key":"SteroidPotion"}],"is_trial":false,"path_per_floor":["M","M","?","M","M","R","?","R","T","E","$","E"],"character_chosen":"IRONCLAD","items_purchased":[],"campfire_rested":0,"item_purchase_floors":[],"current_hp_per_floor":[78,80,80,80,53,53,41,41,47,14,14,0,0],"gold":129,"neow_bonus":"THREE_ENEMY_KILL","is_daily":false,"chose_seed":false,"campfire_upgraded":2,"win_rate":0.0,"timestamp":1610047724,"path_taken":["M","M","?","?","?","R","?","R","T","E","?","E"],"items_purchased_type":[],"build_version":"2020-12-22","purchased_purges":1,"victory":false,"max_hp_per_floor":[80,80,80,80,80,80,80,80,86,86,86,86,86],"card_choices":[{"not_picked":["Iron Wave","Entrench"],"picked":"Twin Strike","floor":1},{"not_picked":["conspire:ExplosiveBarrier","Rupture"],"picked":"Flex","floor":2},{"not_picked":[],"picked":"conspire:Purge","floor":3},{"not_picked":["Clash","Sever Soul"],"picked":"Fire Breathing","floor":4},{"not_picked":["Havoc","hubris:ReadiedAction"],"picked":"Shrug It Off","floor":5},{"not_picked":["conspire:ExplosiveBarrier","Burning Pact"],"picked":"True Grit","floor":7},{"not_picked":["Offering","Pommel Strike"],"picked":"Dropkick","floor":10}],"player_experience":358451,"relics_obtained":[{"floor":7,"key":"conspire:GlowingRock"},{"floor":9,"key":"vexMod:BerryBomb"},{"floor":10,"key":"Meat on the Bone"}],"event_choices":[],"is_beta":false,"boss_relics":[],"items_purged_floors":[11],"is_endless":false,"potions_floor_spawned":[2,5,7],"killed_by":"Gremlin Nob","ascension_level":10}}