{"host":"7qmclr78zvlntuh5","time":1610035782,"event":{"mods":["BaseMod","Downfall","Minty Spire (QoL Compilation)","StSLib"],"gold_per_floor":[99,114,24,39,39,50,50,50,71,115,134,252,252,146,174,284,284,84,112,132,132,157,76,126,167,463,500,512,568,604,616,616],"floor_reached":31,"playtime":2340,"items_purged":["bronze:Strike","downfall:Haunted"],"score":316,"play_id":"5b8604b0-e7f1-4975-b05d-b5fc3166e613","local_time":"20210107110942","is_ascension_mode":true,"campfire_choices":[{"floor":1,"key":"RECALL"},{"data":"bronze:Return","floor":8,"key":"SMITH"},{"data":"bronze:RecursiveStrike","floor":18,"key":"SMITH"}],"circlet_count":0,"master_deck":["bronze:Strike","bronze:Defend","bronze:Defend","bronze:Defend","bronze:Defend","bronze:Replicate+1","bronze:Goto","bronze:Branch","bronze:Terminator","bronze:Return+1","bronze:DelayedSlice","bronze:Terminator","bronze:RecursiveStrike+1","bronze:Philosophize","downfall:Aged","bronze:ChosenStrike","bronze:Branch","bronze:Verify+1","bronze:Constructor","bronze:FineTuning","bronze:Terminator+1","bronze:Flail","Regret","bronze:Return+1","bronze:Boost+1","bronze:Invalidate"],"relics":["bronze:BronzeCore","CeramicFish","Bronze Scales","Blue Candle","Sozu","downfall:HeartBlessingRed","downfall:HeartBlessingGreen","MawBank","Darkstone Periapt","Ancient Tea Set"],"acts_visited":["Exordium","TheCity"],"potions_floor_usage":[16,16,16,25],"damage_taken":[{"damage":1,"enemies":"Cultist","floor":2,"turns":3},{"damage":2,"enemies":"downfall:FleeingMerchant","floor":3,"turns":4},{"damage":0,"enemies":"2 Louse","floor":4,"turns":2},{"damage":0,"enemies":"Small Slimes","floor":6,"turns":2},{"damage":0,"enemies":"Exordium Wildlife","floor":9,"turns":3},{"damage":2,"enemies":"Lagavulin","floor":10,"turns":4},{"damage":0,"enemies":"Lots of Slimes","floor":11,"turns":1},{"damage":8,"enemies":"downfall:FleeingMerchant","floor":14,"turns":4},{"damage":10,"enemies":"Large Slime","floor":15,"turns":4},{"damage":8,"enemies":"downfall:Watcher","floor":16,"turns":4},{"damage":11,"enemies":"Spheric Guardian","floor":19,"turns":3},{"damage":8,"enemies":"Sentry and Sphere","floor":20,"turns":4},{"damage":6,"enemies":"Snake Plant","floor":22,"turns":2},{"damage":1,"enemies":"downfall:FleeingMerchant","floor":23,"turns":4},{"damage":13,"enemies":"Gremlin Leader","floor":25,"turns":3},{"damage":12,"enemies":"Cultist and Chosen","floor":27,"turns":4},{"damage":18,"enemies":"Book of Stabbing","floor":29,"turns":4},{"damage":0,"enemies":"Centurion and Healer","floor":30,"turns":4},{"damage":26,"enemies":"Gremlin Leader","floor":31,"turns":3}],"seed_played":"-2791481608155448386","potions_obtained":[{"floor":9,"key":"DistilledChaos"},{"floor":11,"key":"SteroidPotion"},{"floor":15,"key":"bronze:BurnAndBuffPotion"},{"floor":16,"key":"Block Potion"}],"is_trial":false,"path_per_floor":["R","M","$","M","?","M","T","R","M","E","M","?","?","$","M","B",null,"R","M","M","?","M","$","T","E","?","M","?","E","M","E"],"character_chosen":"THE_AUTOMATON","items_purchased":["bronze:Flail"],"campfire_rested":0,"item_purchase_floors":[23],"current_hp_per_floor":[70,69,67,67,67,67,67,67,67,65,65,65,65,57,47,39,70,70,59,51,70,64,63,63,50,56,44,36,18,18,0,0],"gold":616,"neow_bonus":"UPGRADE_CARD","is_daily":false,"chose_seed":false,"campfire_upgraded":2,"win_rate":0.0,"timestamp":1610035782,"path_taken":["R","M","?","M","?","?","T","R","M","E","?","?","?","$","M","BOSS","R","M","M","?","M","$","T","E","?","?","?","E","M","E"],"items_purchased_type":["Card"],"build_version":"2020-12-22","purchased_purges":2,"victory":false,"max_hp_per_floor":[70,70,70,70,70,70,70,70,70,70,70,70,70,70,70,70,70,70,70,70,70,70,70,70,70,76,76,76,76,76,76,76],"card_choices":[{"not_picked":["bronze:Terminator","bronze:DelayedSlice"],"picked":"bronze:Branch","floor":2},{"not_picked":["bronze:Turbo","bronze:BugBarrage"],"picked":"bronze:Terminator","floor":3},{"not_picked":["bronze:Repulsor","bronze:Constructor"],"picked":"bronze:Return","floor":4},{"not_picked":["bronze:Overheat","bronze:FineTuning"],"picked":"bronze:DelayedSlice","floor":6},{"not_picked":["bronze:Overload","bronze:Boost"],"picked":"bronze:Terminator","floor":9},{"not_picked":["bronze:WhirlingStrike","bronze:Break"],"picked":"bronze:RecursiveStrike","floor":10},{"not_picked":["bronze:BronzeArmor","bronze:WhirlingStrike"],"picked":"bronze:Philosophize","floor":11},{"not_picked":["bronze:DelayedSlice","bronze:Return"],"picked":"bronze:ChosenStrike","floor":14},{"not_picked":["bronze:Repulsor","bronze:BuggyMess"],"picked":"bronze:Branch","floor":15},{"not_picked":["bronze:Break","bronze:Assembly"],"picked":"bronze:Verify","floor":16},{"not_picked":["bronze:DelayedSlice","bronze:FineTuning"],"picked":"bronze:Constructor","floor":19},{"not_picked":["bronze:DelayedSlice","bronze:Deprecate"],"picked":"bronze:FineTuning","floor":20},{"not_picked":["bronze:Iterate+1","bronze:DelayedSlice+1"],"picked":"bronze:Terminator+1","floor":22},{"not_picked":["bronze:Refactor+1","bronze:MaxOutput+1","bronze:Boost"],"picked":"SKIP","floor":23},{"not_picked":["bronze:Overload","bronze:GetLatest","bronze:Repair"],"picked":"SKIP","floor":25},{"not_picked":["bronze:Shell+1","bronze:OilSpill+1"],"picked":"bronze:Return+1","floor":27},{"not_picked":["bronze:Shield","bronze:BugBarrage"],"picked":"bronze:Boost+1","floor":29},{"not_picked":["bronze:DelayedSlice","bronze:AlphaBuild"],"picked":"bronze:Invalidate","floor":30}],"player_experience":221807,"relics_obtained":[{"floor":7,"key":"CeramicFish"},{"floor":10,"key":"Bronze Scales"},{"floor":24,"key":"MawBank"},{"floor":25,"key":"Darkstone Periapt"},{"floor":29,"key":"Ancient Tea Set"}],"event_choices":[{"damage_healed":23,"gold_gain":0,"player_choice":"Heal","damage_taken":0,"max_hp_gain":0,"max_hp_loss":0,"event_name":"The Library","floor":21,"gold_loss":0}],"is_beta":false,"boss_relics":[{"not_picked":["Busted Crown","Pandora\u0027s Box"],"picked":"Sozu"}],"items_purged_floors":[3,14],"is_endless":false,"potions_floor_spawned":[9,11,15,16,20,25,30],"killed_by":"Gremlin Leader","ascension_level":1}}