{"host":"eemx8njkng76fu5x","time":1610035679,"event":{"mods":["2.2 Compatiblity","BaseMod","Downfall","Minty Spire (QoL Compilation)","Permanent Neow","StSLib","Unceasing Turn Reminder","Unknown Chances"],"gold_per_floor":[199,219,219,219,233,253,253,286,136,150,162,194,194,209,227,227,227,227],"floor_reached":16,"playtime":610,"items_purged":[],"score":205,"play_id":"a02e7ec7-691d-4ae8-b0c5-47b8c3343ada","local_time":"20210108000759","is_ascension_mode":true,"campfire_choices":[{"data":"Slimebound:Split","floor":1.0,"key":"SMITH"},{"data":"Slimebound:Grow","floor":9.0,"key":"SMITH"},{"data":"Slimebound:OozeBath","floor":13.0,"key":"SMITH"}],"circlet_count":0,"master_deck":["AscendersBane","Slimebound:Strike_Slimebound","Slimebound:Strike_Slimebound","Slimebound:Strike_Slimebound","Slimebound:Tackle","Slimebound:Defend_Slimebound","Slimebound:Defend_Slimebound","Slimebound:Defend_Slimebound","Slimebound:Defend_Slimebound","Slimebound:Split+1","Slimebound:CorrosiveSpit","Slimebound:Grow+1","Slimebound:ComboTackle","Slimebound:Repurpose","Slimebound:GrowthPunch","Slimebound:HauntingLick","Slimebound:AcidTongue","Slimebound:OozeBath+1","Slimebound:SpikyOuterGoop","Slimebound:Equalize"],"relics":["Slimebound:AbsorbEndCombat","Smiling Mask","Sundial","downfall:HeartBlessingBlue","downfall:HeartBlessingGreen","Kunai"],"acts_visited":["Exordium"],"potions_floor_usage":[14,16,16],"damage_taken":[{"damage":10.0,"enemies":"Jaw Worm","floor":2.0,"turns":4.0},{"damage":8.0,"enemies":"Small Slimes","floor":5.0,"turns":4.0},{"damage":8.0,"enemies":"2 Louse","floor":6.0,"turns":2.0},{"damage":42.0,"enemies":"Lagavulin","floor":8.0,"turns":8.0},{"damage":14.0,"enemies":"2 Fungi Beasts","floor":10.0,"turns":5.0},{"damage":17.0,"enemies":"Exordium Wildlife","floor":11.0,"turns":6.0},{"damage":33.0,"enemies":"3 Sentries","floor":12.0,"turns":6.0},{"damage":15,"enemies":"Large Slime","floor":14,"turns":7},{"damage":17,"enemies":"Blue Slaver","floor":15,"turns":5},{"damage":37,"enemies":"downfall:Defect","floor":16,"turns":4}],"seed_played":"-8625169842267089365","potions_obtained":[{"floor":5.0,"key":"champ:CounterPotion"},{"floor":8.0,"key":"Slimebound:SlimyTonguePotion"},{"floor":12.0,"key":"DuplicationPotion"},{"floor":14,"key":"FearPotion"},{"floor":15,"key":"PowerPotion"}],"is_trial":false,"path_per_floor":["R","M","?","?","M","M","T","E","R","M","M","E","R","M","M","B"],"character_chosen":"SLIMEBOUND","items_purchased":[],"campfire_rested":0,"item_purchase_floors":[],"current_hp_per_floor":[49,54,54,59,59,59,59,29,39,37,40,19,19,20,17,0,0,0],"gold":227,"neow_bonus":"HUNDRED_GOLD","is_daily":false,"chose_seed":false,"campfire_upgraded":3,"win_rate":0.0,"timestamp":1610035679,"path_taken":["R","M","?","?","M","M","T","E","R","M","M","E","R","M","M","BOSS"],"items_purchased_type":[],"build_version":"2020-12-22","purchased_purges":0,"victory":false,"max_hp_per_floor":[54,54,54,59,59,59,59,59,69,69,69,69,69,69,69,69,69,69],"card_choices":[{"not_picked":["Slimebound:LeechingTouch","Slimebound:PressTheAttack"],"picked":"Slimebound:Grow","floor":2.0},{"not_picked":["Slimebound:LeadByExample","Slimebound:SplitSpecialist"],"picked":"Slimebound:ComboTackle","floor":5.0},{"not_picked":["Slimebound:SplitBruiser","Slimebound:HauntingLick"],"picked":"Slimebound:Repurpose","floor":6.0},{"not_picked":["Slimebound:ServeAndProtect","Slimebound:ComboTackle"],"picked":"Slimebound:GrowthPunch","floor":8.0},{"not_picked":["Slimebound:FirmFortitude","Slimebound:TongueLash"],"picked":"Slimebound:HauntingLick","floor":10.0},{"not_picked":["Slimebound:RallyTheTroops","Slimebound:Schlurp"],"picked":"Slimebound:AcidTongue","floor":11.0},{"not_picked":["Slimebound:SlimeSpikes","Slimebound:LeechEnergy"],"picked":"Slimebound:OozeBath","floor":12.0},{"not_picked":["Slimebound:DivideAndConquer","Slimebound:SamplingLick"],"picked":"Slimebound:SpikyOuterGoop","floor":14},{"not_picked":["Slimebound:Gluttony","Slimebound:ServeAndProtect"],"picked":"Slimebound:Equalize","floor":15}],"player_experience":464335,"relics_obtained":[{"floor":8.0,"key":"Sundial"},{"floor":12.0,"key":"Kunai"}],"event_choices":[{"damage_healed":0.0,"max_hp_gain":5.0,"max_hp_loss":0.0,"gold_gain":0.0,"event_name":"Big Fish","player_choice":"Donut","floor":4.0,"gold_loss":0.0,"damage_taken":0.0}],"is_beta":false,"boss_relics":[],"items_purged_floors":[],"is_endless":false,"potions_floor_spawned":[5,8,12,14,15],"killed_by":"downfall:Defect","ascension_level":16}}