{"host":"5s7sm4h73jkd9266","time":1610027205,"event":{"mods":["AchievementEnabler","Bartender","BaseMod","Better Match","Better Vampires","BetterRewards","Colored Map","Colored Powertips","Conspire","Downfall","Energized Spire","GifTheSpireLib","Hermit","Hubris","Magitek Elite","Marisa????????","Melee Mod","Minty Spire (QoL Compilation)","Potion Indicator Mod","Rare Cards Sparkle","Relic Stats","Replay The Spire","Robot Space Explorer","Shop Mod","StSLib","Stuff the Spire","The Bladedancer","The Blue Laboratory","The Cursed","The Disciple","The Dragon Tamer","The Forsaken","The Necromancer","The Wild Card","The Witch","Virulent Crown","everything is the same but u backflip on backflip","slay the spire mod where everything is the same but ironclad has a cowboy hat","vexMod"],"gold_per_floor":[117,292,567,583,599,599,599,614,614,643,643,563,577,587,587,685,685,696,190,205,14,14,14,26,37,37,53,88,88,88,99,99,201,201,201,201],"floor_reached":35,"playtime":6088,"items_purged":["Regret"],"score":529,"play_id":"17f0b40c-c3b8-4ef2-a166-c64a5168db2f","local_time":"20210107084645","is_ascension_mode":false,"campfire_choices":[{"data":"Searing Blow","floor":6.0,"key":"SMITH"},{"floor":11.0,"key":"RECALL"},{"data":"Armaments","floor":15.0,"key":"SMITH"},{"data":"Searing Blow+1","floor":15.0,"key":"SMITH"},{"data":"RitualDagger","floor":23.0,"key":"SMITH"},{"data":"expansioncontent:YouAreMine","floor":23.0,"key":"SMITH"},{"floor":29.0,"key":"REST"},{"data":"Cleave","floor":32.0,"key":"SMITH"},{"data":"Replay:SS_hec_1","floor":32.0,"key":"SMITH"}],"circlet_count":0,"master_deck":["Strike_R","Strike_R","Strike_R","Strike_R","Strike_R","Defend_R","Defend_R","Defend_R","Bash","expansioncontent:YouAreMine+1","Heavy Blade","Cleave+1","Searing Blow+2","Flex","Ghostly Armor","Perfected Strike","Reaper","conspire:Purge+1","Fiend Fire+1","conspire:Purge+1","Flex","Replay:SS_hec_1+1","ReplayTheSpireMod:Stacked","Perfected Strike","Shrug It Off","RitualDagger+1","Perfected Strike","Impervious","hubris:CleavingFinish+1","ReplayTheSpireMod:Muscle Training+1","Uppercut+1","Corruption","Armaments+1"],"relics":["Burning Blood","Brimstone","StuffTheSpire:Mouthbags","ReplayTheSpireMod:Ring of Addiction","Potion Belt","SacredBark","Lantern","Bag of Marbles","Replay:Arrowhead","Astrolabe","Bottled Flame","Regal Pillow","Power_Wrist","vexMod:ScavengeHelm","hubris:Icosahedron","energizedSpire:SpiderWeb"],"acts_visited":["Exordium","TheCity","TheBeyond"],"potions_floor_usage":[],"damage_taken":[{"damage":1.0,"enemies":"2 Louse","floor":1.0,"turns":2.0},{"damage":0.0,"enemies":"Cultist","floor":4.0,"turns":3.0},{"damage":3.0,"enemies":"Small Slimes","floor":5.0,"turns":3.0},{"damage":8.0,"enemies":"3 Louse","floor":8.0,"turns":3.0},{"damage":20.0,"enemies":"3 Sentries","floor":10.0,"turns":7.0},{"damage":0.0,"enemies":"Lots of Slimes","floor":13.0,"turns":1.0},{"damage":21.0,"enemies":"Exordium Thugs","floor":14.0,"turns":5.0},{"damage":11.0,"enemies":"Hexaghost","floor":16.0,"turns":6.0},{"damage":14.0,"enemies":"conspire:FuzzyDice","floor":18.0,"turns":4.0},{"damage":14.0,"enemies":"Chosen","floor":20.0,"turns":6.0},{"damage":54.0,"enemies":"Centurion and Healer","floor":24.0,"turns":5.0},{"damage":28.0,"enemies":"3 Cultists","floor":25.0,"turns":4.0},{"damage":23.0,"enemies":"Shelled Parasite and Fungi","floor":27.0,"turns":3.0},{"damage":4.0,"enemies":"conspire:Head Lice","floor":28.0,"turns":4.0},{"damage":19.0,"enemies":"conspire:HollyBat","floor":31.0,"turns":9.0},{"damage":35.0,"enemies":"Collector","floor":33.0,"turns":5.0},{"damage":0,"enemies":"3 Shapes","floor":35,"turns":1}],"seed_played":"3421090923707339192","potions_obtained":[{"floor":5.0,"key":"Elixir"},{"floor":7.0,"key":"blueLaboratory:BottleOfVodka"},{"floor":7.0,"key":"Dexterity Potion"},{"floor":7.0,"key":"BloodPotion"},{"floor":8.0,"key":"LifebloodPotion"},{"floor":14.0,"key":"blueLaboratory:BottledHope"},{"floor":27.0,"key":"blueLaboratory:HummingbirdPotion"},{"floor":28.0,"key":"Block Potion"},{"floor":31.0,"key":"Block Potion"},{"floor":33.0,"key":"blueLaboratory:RecallPotion"}],"is_trial":false,"path_per_floor":["M","?","?","M","M","R","?","M","T","E","R","?","M","M","R","B",null,"M","$","M","$","?","R","M","M","T","M","E","R","?","M","R","B",null,"M"],"character_chosen":"IRONCLAD","items_purchased":["Brimstone","expansioncontent:YouAreMine","Armaments","StuffTheSpire:Mouthbags","Replay:SS_hec_1","Bottled Flame","ReplayTheSpireMod:Stacked","Regal Pillow","Shrug It Off"],"campfire_rested":1,"item_purchase_floors":[0,0,0,0,19,19,19,21,21],"current_hp_per_floor":[62,62,62,68,71,71,71,69,69,55,55,55,77,62,62,57,80,80,80,77,77,71,71,23,17,17,15,37,74,74,75,75,46,76,76,76],"gold":201,"neow_bonus":"","is_daily":false,"chose_seed":false,"campfire_upgraded":7,"win_rate":0.0,"timestamp":1610027205,"path_taken":["M","?","?","M","?","R","?","M","T","E","R","?","M","M","R","BOSS","M","?","M","$","?","R","M","M","T","M","E","R","?","M","R","BOSS","M"],"items_purchased_type":["Relic","Card","Card","Relic","Card","Relic","Card","Relic","Card"],"build_version":"2020-12-22","purchased_purges":1,"victory":false,"max_hp_per_floor":[80,80,80,80,80,80,80,80,80,80,80,80,80,80,80,80,80,80,80,78,78,78,78,76,76,76,76,76,76,76,76,76,76,76,76,76],"relic_stats":{"Regal Pillow":15,"counters":[27,124],"Astrolabe":["conspire:Purge","Fiend Fire","conspire:Purge"],"obtain_stats":[{"vexMod:MemoryStick":10,"StuffTheSpire:Barrel":19,"Lantern":9,"Regal Pillow":21,"SacredBark":7,"Cursed Key":17,"Power_Wrist":26,"Burning Blood":0,"hubris:Icosahedron":30,"Strawberry":0,"Prayer Wheel":11,"Potion Belt":7,"vexMod:ScavengeHelm":28,"ReplayTheSpireMod:Ring of Addiction":7,"Astrolabe":17,"StuffTheSpire:Saxophone":14,"The Courier":9,"energizedSpire:SpiderWeb":34,"Replay:Arrowhead":12,"Bottled Flame":19,"StuffTheSpire:Mouthbags":0,"Brimstone":0,"Orrery":21,"conspire:BottledYoYo":20,"Bag of Marbles":10,"Membership Card":0},{"vexMod:MemoryStick":6,"StuffTheSpire:Barrel":8,"Lantern":14,"Regal Pillow":20,"SacredBark":13,"Cursed Key":7,"Power_Wrist":22,"Burning Blood":0,"hubris:Icosahedron":24,"Strawberry":0,"Prayer Wheel":6,"Potion Belt":13,"vexMod:ScavengeHelm":24,"ReplayTheSpireMod:Ring of Addiction":13,"Astrolabe":18,"StuffTheSpire:Saxophone":6,"The Courier":5,"energizedSpire:SpiderWeb":26,"Replay:Arrowhead":15,"Bottled Flame":19,"StuffTheSpire:Mouthbags":10,"Brimstone":10,"Orrery":8,"conspire:BottledYoYo":8,"Bag of Marbles":15,"Membership Card":0},{"vexMod:MemoryStick":24,"StuffTheSpire:Barrel":46,"Lantern":65,"Regal Pillow":94,"SacredBark":62,"Cursed Key":37,"Power_Wrist":103,"Burning Blood":0,"hubris:Icosahedron":110,"Strawberry":0,"Prayer Wheel":24,"Potion Belt":62,"vexMod:ScavengeHelm":110,"ReplayTheSpireMod:Ring of Addiction":62,"Astrolabe":84,"StuffTheSpire:Saxophone":24,"The Courier":19,"energizedSpire:SpiderWeb":124,"Replay:Arrowhead":72,"Bottled Flame":88,"StuffTheSpire:Mouthbags":54,"Brimstone":54,"Orrery":46,"conspire:BottledYoYo":46,"Bag of Marbles":72,"Membership Card":0}],"Burning Blood":144},"card_choices":[{"not_picked":["StuffTheSpire:Slingshot","Feel No Pain"],"picked":"Cleave","floor":1.0},{"not_picked":["StuffTheSpire:RockThrow","True Grit"],"picked":"Searing Blow","floor":4.0},{"not_picked":["Heavy Blade","Twin Strike"],"picked":"Flex","floor":5.0},{"not_picked":["Rupture","StuffTheSpire:Slingshot"],"picked":"Ghostly Armor","floor":8.0},{"not_picked":["Feel No Pain","ReplayTheSpireMod:Strike From Hell"],"picked":"Perfected Strike","floor":10.0},{"not_picked":["conspire:Purge","Burning Pact"],"picked":"Defy Death","floor":13.0},{"not_picked":["hubris:CleavingFinish","Shrug It Off"],"picked":"Run Through","floor":14.0},{"not_picked":["Immolate","Corruption"],"picked":"Reaper","floor":16.0},{"not_picked":["Intimidate+1","Twin Strike"],"picked":"Flex","floor":18.0},{"not_picked":["Headbutt","Iron Wave+1"],"picked":"Perfected Strike","floor":20.0},{"not_picked":["Sword Boomerang","Heavy Blade"],"picked":"Perfected Strike","floor":24.0},{"not_picked":["Sword Boomerang","Clothesline"],"picked":"Impervious","floor":25.0},{"not_picked":["True Grit","StuffTheSpire:Slingshot+1"],"picked":"hubris:CleavingFinish+1","floor":27.0},{"not_picked":["Flex","Run Through"],"picked":"ReplayTheSpireMod:Muscle Training+1","floor":28.0},{"not_picked":["Thunderclap","Sword Boomerang+1"],"picked":"Uppercut+1","floor":31.0},{"not_picked":["Eclipse","Impervious"],"picked":"Corruption","floor":33.0}],"player_experience":5440410,"relics_obtained":[{"floor":7.0,"key":"ReplayTheSpireMod:Ring of Addiction"},{"floor":7.0,"key":"Potion Belt"},{"floor":7.0,"key":"SacredBark"},{"floor":9.0,"key":"Lantern"},{"floor":10.0,"key":"Bag of Marbles"},{"floor":26.0,"key":"Power_Wrist"},{"floor":28.0,"key":"vexMod:ScavengeHelm"}],"event_choices":[{"damage_healed":0.0,"max_hp_gain":0.0,"max_hp_loss":0.0,"gold_gain":175.0,"event_name":"Liars Game","player_choice":"AGREE","floor":2.0,"gold_loss":0.0,"damage_taken":0.0,"cards_obtained":["Doubt"]},{"damage_healed":0.0,"max_hp_gain":0.0,"max_hp_loss":0.0,"gold_gain":275.0,"event_name":"Golden Shrine","player_choice":"Desecrate","floor":3.0,"gold_loss":0.0,"damage_taken":0.0,"cards_obtained":["Regret"]},{"damage_healed":0.0,"max_hp_gain":0.0,"max_hp_loss":0.0,"gold_gain":0.0,"event_name":"WeMeetAgain","player_choice":"Paid Gold","floor":12.0,"gold_loss":80.0,"damage_taken":0.0,"relics_obtained":["Replay:Arrowhead"]},{"damage_healed":0.0,"max_hp_gain":0.0,"max_hp_loss":0.0,"gold_gain":0.0,"event_name":"Nest","player_choice":"Joined the Cult","floor":22.0,"gold_loss":0.0,"damage_taken":6.0,"cards_obtained":["RitualDagger"]}],"is_beta":false,"boss_relics":[{"not_picked":["energizedSpire:DecayingSkull","ReplayTheSpireMod:DimensionalGlitch"],"picked":"Astrolabe"},{"not_picked":["conspire:RunicOctahedron","Sozu"],"picked":"energizedSpire:SpiderWeb"}],"items_purged_floors":[19],"is_endless":false,"potions_floor_spawned":[5,8,14,27,28,31,33],"killed_by":"3 Shapes","ascension_level":0}}