{"host":"l60rmjjsfi0fipmi","time":1610059015,"event":{"mods":["BaseMod","Colored Map","DeckTracker","Highlight Path","Minty Spire (QoL Compilation)"],"gold_per_floor":[114,124,199,199,216,216,243,259,259,259,271,320,320,337,337,432,432,450,450,463,473,15,15,15,15,41,56,56,56],"floor_reached":28,"playtime":1576,"items_purged":["Strike_R"],"score":220,"play_id":"89d4cd7f-e829-4e62-87ca-571875f615ee","local_time":"20210107173655","is_ascension_mode":false,"campfire_choices":[{"data":"Bash","floor":6,"key":"SMITH"},{"floor":10,"key":"DIG"},{"data":"Flame Barrier","floor":13,"key":"SMITH"},{"data":"Ghostly Armor","floor":15,"key":"SMITH"},{"floor":23,"key":"REST"},{"floor":25,"key":"DIG"}],"circlet_count":0,"master_deck":["Strike_R","Strike_R","Strike_R","Strike_R","Defend_R","Defend_R","Defend_R","Defend_R","Bash+1","Reaper","Shockwave","Armaments+1","Flame Barrier+1","Ghostly Armor+1","Uppercut","Headbutt","Immolate","Flame Barrier+1","Feel No Pain"],"relics":["Burning Blood","Shovel","Turnip","Lizard Tail","Runic Cube","Pantograph","Darkstone Periapt","Ancient Tea Set"],"acts_visited":["Exordium","TheCity"],"potions_floor_usage":[11,16,27],"damage_taken":[{"damage":2,"enemies":"Cultist","floor":1,"turns":5},{"damage":5,"enemies":"Small Slimes","floor":2,"turns":4},{"damage":0,"enemies":"Jaw Worm","floor":5,"turns":4},{"damage":32,"enemies":"Lagavulin","floor":7,"turns":13},{"damage":0,"enemies":"Looter","floor":8,"turns":4},{"damage":13,"enemies":"Gremlin Gang","floor":11,"turns":4},{"damage":13,"enemies":"Red Slaver","floor":14,"turns":7},{"damage":77,"enemies":"Hexaghost","floor":16,"turns":15},{"damage":47,"enemies":"Spheric Guardian","floor":18,"turns":10},{"damage":15,"enemies":"Shell Parasite","floor":20,"turns":8},{"damage":19,"enemies":"Chosen and Byrds","floor":21,"turns":7},{"damage":76,"enemies":"Centurion and Healer","floor":27,"turns":14},{"damage":20,"enemies":"Colosseum Slavers","floor":28,"turns":1}],"seed_played":"8697940372029152428","potions_obtained":[{"floor":1,"key":"Fire Potion"},{"floor":5,"key":"DuplicationPotion"},{"floor":8,"key":"CultistPotion"},{"floor":11,"key":"FairyPotion"},{"floor":18,"key":"DistilledChaos"}],"is_trial":false,"path_per_floor":["M","M","?","?","M","R","E","M","T","R","M","T","R","M","R","B",null,"M","?","M","M","$","R","$","R","T","M","?"],"character_chosen":"IRONCLAD","items_purchased":["Pantograph","Feel No Pain","DuplicationPotion"],"campfire_rested":1,"item_purchase_floors":[22,22,22],"current_hp_per_floor":[80,80,69,69,75,75,52,58,58,58,63,63,63,63,63,21,80,40,40,31,18,18,42,42,42,42,14,0,0],"gold":56,"neow_bonus":"ONE_RANDOM_RARE_CARD","is_daily":false,"chose_seed":false,"campfire_upgraded":3,"win_rate":0.0,"timestamp":1610059015,"path_taken":["M","M","?","?","M","R","E","M","T","R","M","?","R","M","R","BOSS","M","?","?","M","$","R","?","R","T","?","?"],"items_purchased_type":["Relic","Card","Potion"],"build_version":"2020-12-22","purchased_purges":1,"victory":false,"max_hp_per_floor":[80,80,80,80,80,80,80,80,80,80,80,80,80,80,80,80,80,80,80,80,80,80,80,80,80,80,80,80,80],"card_choices":[{"not_picked":["Body Slam","Second Wind"],"picked":"Shockwave","floor":1},{"not_picked":["Pummel","Pommel Strike"],"picked":"Armaments","floor":2},{"not_picked":["Armaments","Rage"],"picked":"Flame Barrier","floor":5},{"not_picked":["Sword Boomerang","Shockwave"],"picked":"Ghostly Armor","floor":7},{"not_picked":["Rage","Shrug It Off"],"picked":"Uppercut","floor":8},{"not_picked":["Wild Strike","Havoc","Warcry"],"picked":"SKIP","floor":11},{"not_picked":["Dropkick","Warcry"],"picked":"Headbutt","floor":14},{"not_picked":["Bludgeon","Brutality"],"picked":"Immolate","floor":16},{"not_picked":["Power Through","Wild Strike+1","Fire Breathing"],"picked":"SKIP","floor":18},{"not_picked":["Burning Pact","Ghostly Armor+1","Flame Barrier"],"picked":"SKIP","floor":20},{"not_picked":["Perfected Strike+1","Wild Strike+1","Dark Embrace"],"picked":"SKIP","floor":21},{"not_picked":["Twin Strike","Headbutt","Armaments+1"],"picked":"SKIP","floor":27}],"player_experience":265386,"relics_obtained":[{"floor":7,"key":"Shovel"},{"floor":9,"key":"Turnip"},{"floor":10,"key":"Lizard Tail"},{"floor":25,"key":"Darkstone Periapt"},{"floor":26,"key":"Ancient Tea Set"}],"event_choices":[{"damage_healed":0,"gold_gain":75,"player_choice":"Gather Gold","damage_taken":11,"max_hp_gain":0,"max_hp_loss":0,"event_name":"World of Goop","floor":3,"gold_loss":0},{"damage_healed":0,"gold_gain":0,"player_choice":"Grow","damage_taken":0,"max_hp_gain":0,"max_hp_loss":0,"event_name":"Living Wall","floor":4,"gold_loss":0,"cards_upgraded":["Armaments"]},{"damage_healed":0,"gold_gain":0,"player_choice":"Copied","damage_taken":0,"max_hp_gain":0,"max_hp_loss":0,"event_name":"Duplicator","floor":19,"gold_loss":0,"cards_obtained":["Flame Barrier"]},{"damage_healed":0,"gold_gain":0,"player_choice":"Fight","damage_taken":0,"max_hp_gain":0,"max_hp_loss":0,"event_name":"Colosseum","floor":28,"gold_loss":0}],"is_beta":false,"boss_relics":[{"not_picked":["Ectoplasm","Mark of Pain"],"picked":"Runic Cube"}],"items_purged_floors":[22],"is_endless":false,"potions_floor_spawned":[1,5,8,11,18],"killed_by":"Colosseum Slavers","ascension_level":0}}