{"host":"kg61lsvem4dxoat8","time":1610031669,"event":{"mods":["BaseMod","Colored Powertips","Minty Spire (QoL Compilation)","Quick Restart","Rare Cards Sparkle","Relic Stats","slay the spire mod where everything is the same but ironclad has a cowboy hat"],"gold_per_floor":[110,110,129,229,100,144,162,175,201,232,256,256,275,288,288,411,411,437,42,42,42,56,97,97,136,136,136,136,136,155,170,170,295,295,314,65,65,65,80,120,120,140,140,180,180,193,216,234,234,234,234,234,34,78,78,78],"floor_reached":55,"playtime":2874,"items_purged":["Strike_P","Strike_P","Strike_P+1","LessonLearned+1"],"score":829,"play_id":"0d99f0f2-e221-4950-93a8-1c73577063e9","local_time":"20210107230109","is_ascension_mode":false,"campfire_choices":[{"data":"Nirvana","floor":12.0,"key":"SMITH"},{"data":"CutThroughFate","floor":15.0,"key":"SMITH"},{"data":"ThirdEye","floor":24.0,"key":"SMITH"},{"data":"Weave","floor":29.0,"key":"SMITH"},{"floor":32.0,"key":"REST"},{"floor":41.0,"key":"REST"},{"floor":45.0,"key":"REST"},{"floor":49.0,"key":"RECALL"},{"floor":52.0,"key":"REST"}],"circlet_count":0,"master_deck":["Defend_P+1","Defend_P+1","Defend_P+1","Defend_P+1","Eruption","Vigilance+1","Nirvana+1","CutThroughFate+1","Halt+1","ThirdEye+1","Weave+1","TalkToTheHand","CutThroughFate+1","CurseOfTheBell","Weave","Nirvana","Weave","Judgement","CutThroughFate","PathToVictory+1","Wireheading","CutThroughFate","Nirvana","Fasting2+1"],"relics":["PureWater","NeowsBlessing","Golden Idol","Centennial Puzzle","Ancient Tea Set","Whetstone","Calling Bell","MawBank","Kunai","Ice Cream","Medical Kit","Potion Belt","MealTicket","Pen Nib","Fusion Hammer","Turnip","War Paint","Mercury Hourglass"],"acts_visited":["Exordium","TheCity","TheBeyond","TheEnding"],"potions_floor_usage":[55],"damage_taken":[{"damage":0.0,"enemies":"2 Louse","floor":1.0,"turns":1.0},{"damage":0.0,"enemies":"Cultist","floor":3.0,"turns":1.0},{"damage":0.0,"enemies":"3 Sentries","floor":6.0,"turns":2.0},{"damage":4.0,"enemies":"Small Slimes","floor":7.0,"turns":3.0},{"damage":0.0,"enemies":"Looter","floor":8.0,"turns":2.0},{"damage":18.0,"enemies":"Lagavulin","floor":10.0,"turns":8.0},{"damage":8.0,"enemies":"Red Slaver","floor":11.0,"turns":2.0},{"damage":0.0,"enemies":"2 Fungi Beasts","floor":13.0,"turns":2.0},{"damage":0.0,"enemies":"Large Slime","floor":14.0,"turns":3.0},{"damage":0.0,"enemies":"Slime Boss","floor":16.0,"turns":4.0},{"damage":3.0,"enemies":"Chosen","floor":18.0,"turns":5.0},{"damage":0.0,"enemies":"Shell Parasite","floor":22.0,"turns":5.0},{"damage":4.0,"enemies":"Book of Stabbing","floor":23.0,"turns":6.0},{"damage":21.0,"enemies":"Slavers","floor":25.0,"turns":7.0},{"damage":13.0,"enemies":"Snake Plant","floor":30.0,"turns":5.0},{"damage":10.0,"enemies":"3 Cultists","floor":31.0,"turns":7.0},{"damage":2.0,"enemies":"Collector","floor":33.0,"turns":11.0},{"damage":2.0,"enemies":"Orb Walker","floor":35.0,"turns":3.0},{"damage":8.0,"enemies":"3 Darklings","floor":39.0,"turns":5.0},{"damage":30.0,"enemies":"Nemesis","floor":40.0,"turns":9.0},{"damage":0.0,"enemies":"Spire Growth","floor":42.0,"turns":4.0},{"damage":19.0,"enemies":"Giant Head","floor":44.0,"turns":7.0},{"damage":28.0,"enemies":"Transient","floor":46.0,"turns":5.0},{"damage":0.0,"enemies":"Maw","floor":47.0,"turns":6.0},{"damage":7.0,"enemies":"Jaw Worm Horde","floor":48.0,"turns":5.0},{"damage":6.0,"enemies":"Donu and Deca","floor":50.0,"turns":5.0},{"damage":15.0,"enemies":"Shield and Spear","floor":54.0,"turns":8.0},{"damage":55,"enemies":"The Heart","floor":55,"turns":2}],"seed_played":"-5131805426723590680","potions_obtained":[{"floor":6.0,"key":"StancePotion"},{"floor":7.0,"key":"BottledMiracle"},{"floor":10.0,"key":"BlessingOfTheForge"},{"floor":11.0,"key":"BlessingOfTheForge"},{"floor":16.0,"key":"FearPotion"},{"floor":22.0,"key":"BottledMiracle"},{"floor":23.0,"key":"EssenceOfSteel"},{"floor":33.0,"key":"Dexterity Potion"},{"floor":40.0,"key":"CultistPotion"},{"floor":46.0,"key":"PowerPotion"},{"floor":47.0,"key":"CultistPotion"},{"floor":48.0,"key":"SteroidPotion"}],"is_trial":false,"path_per_floor":["M","?","M","?","$","E","M","M","T","E","M","R","M","M","R","B",null,"M","$","?","?","M","E","R","E","T","?","?","R","M","M","R","B",null,"M","$","?","?","M","E","R","M","T","E","R","M","M","M","R","B",null,"R","$","E","B"],"character_chosen":"WATCHER","items_purchased":["Halt","Weave","Medical Kit","Nirvana","CutThroughFate","Wireheading","PowerPotion"],"campfire_rested":4,"item_purchase_floors":[5,19,19,19,36,36,53],"current_hp_per_floor":[72,54,54,54,54,54,50,50,50,32,24,24,24,24,24,24,72,69,69,69,69,69,65,65,44,44,44,44,44,31,21,42,40,72,70,72,68,68,60,30,50,50,50,31,51,23,23,16,16,10,68,68,68,53,0,0],"gold":78,"neow_bonus":"THREE_ENEMY_KILL","is_daily":false,"chose_seed":false,"campfire_upgraded":4,"win_rate":0.0,"timestamp":1610031669,"path_taken":["M","?","M","?","$","E","M","?","T","E","M","R","M","M","R","BOSS","M","$","?","?","?","E","R","E","T","?","?","R","M","M","R","BOSS","M","$","?","?","M","E","R","M","T","E","R","M","M","M","R","BOSS","R","$","E","BOSS"],"items_purchased_type":["Card","Card","Relic","Card","Card","Card","Potion"],"build_version":"2020-12-22","purchased_purges":4,"victory":false,"max_hp_per_floor":[72,72,72,72,72,72,72,72,72,72,72,72,72,72,72,72,72,72,72,72,72,72,72,72,72,72,72,72,72,72,72,72,72,72,72,72,68,68,68,68,68,68,68,68,68,68,68,68,68,68,68,68,68,68,68,68],"relic_stats":{"counters":[28,133],"Golden Idol":191,"Pen Nib":[46],"Whetstone":["CutThroughFate","Strike_P"],"War Paint":["Defend_P","Halt"],"MawBank":24,"Medical Kit":[15],"Mercury Hourglass":[6],"Centennial Puzzle":[54],"MealTicket":2,"Turnip":[5],"Kunai":[141],"obtain_stats":[{"Ice Cream":17,"Potion Belt":23,"NeowsBlessing":0,"Golden Idol":2,"Pen Nib":26,"Whetstone":10,"War Paint":44,"Ancient Tea Set":9,"MawBank":17,"Medical Kit":19,"Mercury Hourglass":54,"Calling Bell":17,"Centennial Puzzle":6,"MealTicket":25,"Fusion Hammer":34,"Turnip":40,"Kunai":17,"PureWater":0},{"Ice Cream":10,"Potion Belt":13,"NeowsBlessing":0,"Golden Idol":1,"Pen Nib":14,"Whetstone":6,"War Paint":22,"Ancient Tea Set":5,"MawBank":10,"Medical Kit":11,"Mercury Hourglass":27,"Calling Bell":10,"Centennial Puzzle":3,"MealTicket":14,"Fusion Hammer":17,"Turnip":20,"Kunai":10,"PureWater":0},{"Ice Cream":28,"Potion Belt":44,"NeowsBlessing":0,"Golden Idol":1,"Pen Nib":51,"Whetstone":17,"War Paint":102,"Ancient Tea Set":9,"MawBank":28,"Medical Kit":33,"Mercury Hourglass":131,"Calling Bell":28,"Centennial Puzzle":4,"MealTicket":51,"Fusion Hammer":74,"Turnip":91,"Kunai":28,"PureWater":0}]},"card_choices":[{"not_picked":["CrushJoints","Consecrate"],"picked":"Nirvana","floor":1.0},{"not_picked":["Prostrate","FlyingSleeves"],"picked":"CutThroughFate","floor":3.0},{"not_picked":["Indignation","DevaForm","Crescendo"],"picked":"SKIP","floor":6.0},{"not_picked":["Evaluate","MasterReality"],"picked":"ThirdEye","floor":7.0},{"not_picked":["FollowUp","LikeWater"],"picked":"Weave","floor":8.0},{"not_picked":["Prostrate","DeceiveReality"],"picked":"TalkToTheHand","floor":10.0},{"not_picked":["Indignation","ClearTheMind","WheelKick"],"picked":"SKIP","floor":11.0},{"not_picked":["Wish","Meditate"],"picked":"CutThroughFate","floor":13.0},{"not_picked":["Worship","Evaluate","PathToVictory"],"picked":"SKIP","floor":14.0},{"not_picked":["Vault","Wish"],"picked":"LessonLearned","floor":16.0},{"not_picked":["Evaluate","FlurryOfBlows+1","JustLucky"],"picked":"SKIP","floor":18.0},{"not_picked":["MentalFortress","Consecrate","WheelKick"],"picked":"SKIP","floor":22.0},{"not_picked":["Consecrate","EmptyBody","FollowUp"],"picked":"SKIP","floor":23.0},{"not_picked":["EmptyMind","Consecrate","EmptyFist"],"picked":"SKIP","floor":25.0},{"not_picked":["CrushJoints","EmptyFist","MentalFortress"],"picked":"SKIP","floor":30.0},{"not_picked":["FearNoEvil","Evaluate","Protect"],"picked":"SKIP","floor":31.0},{"not_picked":["ConjureBlade","DevaForm"],"picked":"Judgement","floor":33.0},{"not_picked":["FlyingSleeves","FollowUp","Worship+1"],"picked":"SKIP","floor":35.0},{"not_picked":["EmptyFist","SashWhip+1","FlyingSleeves"],"picked":"SKIP","floor":39.0},{"not_picked":["Prostrate+1","Halt+1"],"picked":"PathToVictory+1","floor":40.0},{"not_picked":["BowlingBash+1","TalkToTheHand"],"picked":"Wireheading","floor":42.0},{"not_picked":["PathToVictory","FollowUp"],"picked":"CutThroughFate","floor":44.0},{"not_picked":["Halt+1","DeceiveReality+1"],"picked":"Nirvana","floor":46.0},{"not_picked":["MentalFortress+1","Prostrate+1","Blasphemy"],"picked":"SKIP","floor":47.0},{"not_picked":["Indignation","Crescendo"],"picked":"Fasting2+1","floor":48.0},{"not_picked":["PathToVictory","BowlingBash+1","EmptyBody+1"],"picked":"SKIP","floor":54.0}],"player_experience":1317326,"relics_obtained":[{"floor":6.0,"key":"Centennial Puzzle"},{"floor":9.0,"key":"Ancient Tea Set"},{"floor":10.0,"key":"Whetstone"},{"floor":17.0,"key":"MawBank"},{"floor":17.0,"key":"Kunai"},{"floor":17.0,"key":"Ice Cream"},{"floor":23.0,"key":"Potion Belt"},{"floor":25.0,"key":"MealTicket"},{"floor":26.0,"key":"Pen Nib"},{"floor":40.0,"key":"Turnip"},{"floor":44.0,"key":"War Paint"},{"floor":54.0,"key":"Mercury Hourglass"}],"event_choices":[{"damage_healed":0.0,"max_hp_gain":0.0,"max_hp_loss":0.0,"gold_gain":0.0,"event_name":"Golden Idol","player_choice":"Take Damage","floor":2.0,"gold_loss":0.0,"damage_taken":18.0,"relics_obtained":["Golden Idol"]},{"damage_healed":0.0,"max_hp_gain":0.0,"max_hp_loss":0.0,"gold_gain":100.0,"event_name":"Golden Shrine","player_choice":"Pray","floor":4.0,"gold_loss":0.0,"damage_taken":0.0},{"damage_healed":0.0,"max_hp_gain":0.0,"max_hp_loss":0.0,"gold_gain":0.0,"event_name":"Ghosts","player_choice":"Ignored","floor":20.0,"gold_loss":0.0,"damage_taken":0.0},{"damage_healed":0.0,"max_hp_gain":0.0,"max_hp_loss":0.0,"gold_gain":0.0,"event_name":"Duplicator","player_choice":"Copied","floor":21.0,"gold_loss":0.0,"damage_taken":0.0,"cards_obtained":["Weave"]},{"cards_removed":["Strike_P"],"damage_healed":0.0,"max_hp_gain":0.0,"max_hp_loss":0.0,"gold_gain":0.0,"event_name":"Back to Basics","player_choice":"Elegance","floor":27.0,"gold_loss":0.0,"damage_taken":0.0},{"damage_healed":0.0,"max_hp_gain":0.0,"max_hp_loss":0.0,"gold_gain":0.0,"event_name":"The Mausoleum","player_choice":"Ignored","floor":28.0,"gold_loss":0.0,"damage_taken":0.0},{"damage_healed":0.0,"max_hp_gain":0.0,"max_hp_loss":4.0,"gold_gain":0.0,"event_name":"Winding Halls","player_choice":"Max HP","floor":37.0,"gold_loss":0.0,"damage_taken":0.0},{"cards_removed":["Wireheading"],"damage_healed":0.0,"max_hp_gain":0.0,"max_hp_loss":0.0,"gold_gain":0.0,"event_name":"Falling","player_choice":"Removed Power","floor":38.0,"gold_loss":0.0,"damage_taken":0.0}],"is_beta":false,"boss_relics":[{"not_picked":["Tiny House","HolyWater"],"picked":"Calling Bell"},{"not_picked":["Sozu","Runic Dome"],"picked":"Fusion Hammer"}],"items_purged_floors":[5,19,36,53],"is_endless":false,"potions_floor_spawned":[6,7,10,11,16,22,23,33,40,46,47,48],"killed_by":"The Heart","ascension_level":0}}