{"host":"g9y2ptialarrkhtq","time":1610015666,"event":{"mods":["BaseMod","Minty Spire (QoL Compilation)","Replay The Spire","StSLib","The Marked"],"gold_per_floor":[117,117,117,134,218,251,262,280,356,385,400,138,13,24,24,122,122,135,146,146,161,7,40,40,40,40,40,54,65,76,1,1,1,1],"floor_reached":33,"playtime":1929,"items_purged":["Strike_G"],"score":354,"play_id":"fd945e31-6958-4d0b-aa78-3956ef6bea93","local_time":"20210107183426","is_ascension_mode":false,"campfire_choices":[{"floor":15.0,"key":"REST"},{"floor":25,"key":"REST"},{"floor":27,"key":"REST"},{"floor":32,"key":"REST"}],"circlet_count":0,"master_deck":["Survivor","Neutralize","Draining Mist","Poison Darts","Concentrate","Corpse Explosion","Deflect","Toxin Wave","Sucker Punch","Tools of the Trade","Footwork","Concentrate","Malaise","Storm of Steel","Blade Dance","Deadly Poison","Crippling Poison","Slice+1","Noxious Fumes","Expertise","Night Terror","Expertise","Replay:Poison Smokescreen"],"relics":["Ring of the Snake","NeowsBlessing","Replay:Rubber Ducky","Du-Vu Doll","Ninja Scroll","Strawberry","Pear","Pandora\u0027s Box","Replay:Wax Seal","Boot","Replay:Bottled Flurry"],"acts_visited":["Exordium","TheCity"],"potions_floor_usage":[23,33],"damage_taken":[{"damage":0.0,"enemies":"Small Slimes","floor":1.0,"turns":1.0},{"damage":0.0,"enemies":"2 Louse","floor":4.0,"turns":1.0},{"damage":0.0,"enemies":"Gremlin Nob","floor":6.0,"turns":1.0},{"damage":2.0,"enemies":"Cultist","floor":7.0,"turns":3.0},{"damage":21.0,"enemies":"2 Fungi Beasts","floor":8.0,"turns":4.0},{"damage":27.0,"enemies":"Lagavulin","floor":10.0,"turns":4.0},{"damage":0.0,"enemies":"Exordium Wildlife","floor":11.0,"turns":2.0},{"damage":0.0,"enemies":"Red Slaver","floor":14.0,"turns":1.0},{"damage":29.0,"enemies":"Fading Forest","floor":16.0,"turns":11.0},{"damage":0.0,"enemies":"3 Byrds","floor":18.0,"turns":2.0},{"damage":12.0,"enemies":"Spheric Guardian","floor":19.0,"turns":1.0},{"damage":9.0,"enemies":"3 Cultists","floor":21.0,"turns":3.0},{"damage":41,"enemies":"Slavers","floor":23,"turns":2},{"damage":15,"enemies":"Snecko","floor":28,"turns":5},{"damage":24,"enemies":"Snake Plant","floor":29,"turns":4},{"damage":14,"enemies":"Centurion and Healer","floor":30,"turns":6},{"damage":51,"enemies":"Pondfish","floor":33,"turns":9}],"seed_played":"-1056602350812041392","potions_obtained":[{"floor":5.0,"key":"Death Potion"},{"floor":5.0,"key":"Cursed Concoction"},{"floor":6.0,"key":"LiquidMemories"},{"floor":7.0,"key":"Reflective Coating"},{"floor":16.0,"key":"Fire Potion"},{"floor":28,"key":"FearPotion"}],"is_trial":false,"path_per_floor":["M","?","?","M","?","E","M","M","T","E","M","$","$","M","R","B",null,"M","M","?","M","$","E","?","R","T","R","M","M","M","$","R","B"],"character_chosen":"THE_SILENT","items_purchased":["Pear","Deflect","Replay:Wax Seal","Noxious Fumes","Replay:Poison Smokescreen"],"campfire_rested":4,"item_purchase_floors":[12,13,22,22,31],"current_hp_per_floor":[70,70,70,70,70,70,68,47,47,27,27,37,37,37,63,34,87,87,75,75,66,66,25,25,51,51,77,62,38,24,24,50,0,0],"gold":1,"neow_bonus":"THREE_ENEMY_KILL","is_daily":false,"chose_seed":false,"campfire_upgraded":0,"win_rate":0.0,"timestamp":1610015666,"path_taken":["M","?","?","?","?","E","M","M","T","E","?","?","$","M","R","BOSS","M","M","?","?","$","E","?","R","T","R","M","M","?","?","R","BOSS"],"items_purchased_type":["Relic","Card","Relic","Card","Card"],"build_version":"2020-12-22","purchased_purges":1,"victory":false,"max_hp_per_floor":[70,70,70,70,70,70,70,70,70,77,77,87,87,87,87,87,87,87,87,87,87,87,87,87,87,87,87,87,87,87,87,87,87,87],"card_choices":[{"not_picked":["Hidden Blade","Fluid Movement"],"picked":"Draining Mist","floor":1.0},{"not_picked":["Fluid Movement","Slice","Infinite Blades"],"picked":"SKIP","floor":4.0},{"not_picked":["Slice","Flying Knee"],"picked":"Concentrate","floor":5.0},{"not_picked":["Blade Dance","Flying Knee","Hidden Blade"],"picked":"SKIP","floor":6.0},{"not_picked":["Outmaneuver","Finisher","Flying Knee"],"picked":"SKIP","floor":7.0},{"not_picked":["Bouncing Flask","Masterful Stab"],"picked":"Corpse Explosion","floor":8.0},{"not_picked":["Cloak And Dagger","Flying Knee","Underhanded Strike"],"picked":"SKIP","floor":10.0},{"not_picked":["Skewer","Sucker Punch","Backflip"],"picked":"SKIP","floor":11.0},{"not_picked":["Bane","Deadly Poison"],"picked":"Toxin Wave","floor":14.0},{"not_picked":["Finisher","Quick Slash"],"picked":"Deadly Poison","floor":18.0},{"not_picked":["Finisher","Heel Hook"],"picked":"Crippling Poison","floor":19.0},{"not_picked":["ReplayTheSpireMod:Shiv Toss+1","Masterful Stab"],"picked":"Slice+1","floor":21.0},{"not_picked":["Sucker Punch","Quick Slash"],"picked":"Expertise","floor":23},{"not_picked":["Poisoned Stab","Cloak And Dagger"],"picked":"Night Terror","floor":28},{"not_picked":["ReplayTheSpireMod:Shiv Toss","Well Laid Plans","Predator"],"picked":"SKIP","floor":29},{"not_picked":["Quick Slash","PiercingWail"],"picked":"Expertise","floor":30}],"player_experience":107603,"relics_obtained":[{"floor":5.0,"key":"Replay:Rubber Ducky"},{"floor":6.0,"key":"Du-Vu Doll"},{"floor":9.0,"key":"Ninja Scroll"},{"floor":10.0,"key":"Strawberry"},{"floor":23,"key":"Boot"}],"event_choices":[{"cards_removed":["Strike_G"],"damage_healed":0.0,"max_hp_gain":0.0,"max_hp_loss":0.0,"gold_gain":0.0,"event_name":"Living Wall","player_choice":"Forget","floor":2.0,"gold_loss":0.0,"damage_taken":0.0},{"damage_healed":0.0,"max_hp_gain":0.0,"max_hp_loss":0.0,"gold_gain":0.0,"cards_transformed":["Strike_G"],"event_name":"Transmorgrifier","player_choice":"Transformed","floor":3.0,"gold_loss":0.0,"damage_taken":0.0,"cards_obtained":["Poison Darts"]},{"damage_healed":0.0,"max_hp_gain":0.0,"max_hp_loss":0.0,"gold_gain":0.0,"event_name":"The Woman in Blue","player_choice":"Bought 0 Potions","floor":20.0,"gold_loss":0.0,"damage_taken":0.0},{"damage_healed":0,"gold_gain":0,"player_choice":"Gave Potion","damage_taken":0,"relics_obtained":["Replay:Bottled Flurry"],"max_hp_gain":0,"max_hp_loss":0,"event_name":"WeMeetAgain","floor":24,"gold_loss":0}],"is_beta":false,"boss_relics":[{"not_picked":["Replay:Wanted Poster","Kintsugi"],"picked":"Pandora\u0027s Box"}],"items_purged_floors":[13],"is_endless":false,"potions_floor_spawned":[6,7,16,18,28],"killed_by":"Pondfish","ascension_level":0}}