{"host":"ayh4nqhr0ddw4ozv","time":1610000925,"event":{"mods":["BaseMod","Minty Spire (QoL Compilation)","Relic Stats","Replay The Spire","Robot Space Explorer","StSLib"],"gold_per_floor":[113,125,125,143,254,254,35,35,58,91,91,116,66,66,66,163,163,174,189,205,252,262,262,282,282,282,299,199,199,234,251,251,352,352,362,381,400,400,115,150,150,180,226,252,252,252,272,284,284,284,284,284,14,41,41],"floor_reached":56,"playtime":3252,"items_purged":["Strike_R","Strike_R","Strike_R"],"score":1811,"play_id":"9d0941bf-bf1a-4eca-b67c-118b08005587","local_time":"20210106222845","is_ascension_mode":true,"campfire_choices":[{"data":"Hemokinesis","floor":6,"key":"SMITH"},{"data":"Blood for Blood","floor":8,"key":"SMITH"},{"data":"True Grit","floor":11,"key":"SMITH"},{"data":"Corruption","floor":15,"key":"SMITH"},{"data":"Flame Barrier","floor":23,"key":"SMITH"},{"data":"Immolate","floor":25,"key":"SMITH"},{"data":"Pommel Strike","floor":29,"key":"SMITH"},{"data":"Body Slam","floor":32,"key":"SMITH"},{"data":"ReplayTheSpireMod:Limb From Limb","floor":41,"key":"SMITH"},{"floor":46,"key":"RECALL"},{"data":"Whirlwind","floor":49,"key":"SMITH"},{"data":"ReplayTheSpireMod:Limb From Limb","floor":52,"key":"SMITH"}],"circlet_count":0,"master_deck":["AscendersBane","Strike_R","Defend_R","Defend_R","Defend_R","Defend_R","Bash","Metallicize","Thunderclap","True Grit+1","Hemokinesis+1","Flame Barrier+1","Blood for Blood+1","Shrug It Off","Corruption+1","Immolate+1","Hemokinesis+1","Body Slam+1","Defy Death","Defy Death+1","Pommel Strike+1","Defy Death","Impervious","Spot Weakness","Offering","ReplayTheSpireMod:Limb From Limb+1","ReplayReversal","Dark Embrace+1","ReplayTheSpireMod:Limb From Limb+1","Whirlwind+1","Headbutt","Spot Weakness","Heavy Blade"],"relics":["Burning Blood","Happy Flower","Bag of Marbles","Tiny Chest","Bronze Scales","Honey Jar","Nunchaku","Durian","ReplayFunnel","Replay:Grab Bag","Philosopher\u0027s Stone","Busted Crown","Snecko Eye","Counterbalance","Blue Doll","Oddly Smooth Stone","Dream Catcher","Vajra","Anchor","Toy Ornithopter"],"acts_visited":["Exordium","TheCity","TheBeyond","TheEnding"],"potions_floor_usage":[16,20,30,33,33,42,55,55],"damage_taken":[{"damage":8,"enemies":"Jaw Worm","floor":1,"turns":7},{"damage":3,"enemies":"Small Slimes","floor":2,"turns":4},{"damage":1,"enemies":"Cultist","floor":4,"turns":4},{"damage":9,"enemies":"3 Sentries","floor":10,"turns":7},{"damage":20,"enemies":"Gremlin Nob","floor":12,"turns":4},{"damage":21,"enemies":"Fading Forest","floor":16,"turns":11},{"damage":5,"enemies":"3 Byrds","floor":18,"turns":2},{"damage":7,"enemies":"Spheric Guardian","floor":19,"turns":3},{"damage":14,"enemies":"Centurion and Healer","floor":20,"turns":3},{"damage":13,"enemies":"Snake Plant","floor":22,"turns":3},{"damage":12,"enemies":"Cultist and Chosen","floor":24,"turns":5},{"damage":9,"enemies":"Sentry and Sphere","floor":27,"turns":4},{"damage":18,"enemies":"Book of Stabbing","floor":30,"turns":4},{"damage":9,"enemies":"Snecko","floor":31,"turns":3},{"damage":25,"enemies":"Collector","floor":33,"turns":8},{"damage":0,"enemies":"Orb Walker","floor":35,"turns":1},{"damage":0,"enemies":"3 Shapes","floor":36,"turns":2},{"damage":7,"enemies":"Transient","floor":37,"turns":5},{"damage":15,"enemies":"Giant Head","floor":40,"turns":6},{"damage":17,"enemies":"Nemesis","floor":42,"turns":3},{"damage":0,"enemies":"Sphere and 2 Shapes","floor":47,"turns":2},{"damage":9,"enemies":"3 Darklings","floor":48,"turns":3},{"damage":26,"enemies":"Time Eater","floor":50,"turns":6},{"damage":8,"enemies":"Shield and Spear","floor":54,"turns":3},{"damage":73,"enemies":"The Heart","floor":55,"turns":5}],"seed_played":"-8135380932362512516","potions_obtained":[{"floor":4,"key":"SkillPotion"},{"floor":10,"key":"SteroidPotion"},{"floor":16,"key":"Death Potion"},{"floor":19,"key":"Strength Potion"},{"floor":22,"key":"Dexterity Potion"},{"floor":24,"key":"LifebloodPotion"},{"floor":30,"key":"Adrenaline Potion"},{"floor":37,"key":"BlessingOfTheForge"},{"floor":48,"key":"PowerPotion"}],"is_trial":false,"path_per_floor":["M","M","?","M","?","R","$","R","T","E","R","E","?","$","R","B",null,"M","M","M","T","M","R","M","R","T","M","$","R","E","M","R","B",null,"M","M","M","?","$","E","R","E","T","T","T","R","M","M","R","B",null,"R","$","E","B",null],"character_chosen":"IRONCLAD","items_purchased":["Happy Flower","Counterbalance","Anchor"],"campfire_rested":0,"item_purchase_floors":[7,39,53],"current_hp_per_floor":[70,73,78,83,62,62,62,62,62,59,59,45,45,45,45,48,76,77,76,68,68,61,61,55,55,60,57,57,57,45,42,42,23,73,79,85,84,84,84,75,75,64,64,64,64,64,70,67,67,47,76,76,76,74,17],"gold":41,"neow_bonus":"THREE_CARDS","is_daily":false,"chose_seed":false,"campfire_upgraded":11,"win_rate":0.0,"timestamp":1610000925,"path_taken":["M","M","?","M","?","R","$","R","T","E","R","E","?","?","R","BOSS","M","?","M","?","M","R","M","R","T","?","$","R","E","M","R","BOSS","M","M","M","?","$","E","R","E","T","?","?","R","M","M","R","BOSS","R","$","E","BOSS"],"items_purchased_type":["Relic","Relic","Relic"],"build_version":"2020-12-22","purchased_purges":3,"victory":true,"max_hp_per_floor":[80,80,85,85,85,85,85,85,85,85,85,85,85,85,85,85,85,85,85,85,85,85,85,85,85,90,90,90,90,90,90,90,90,90,90,90,90,85,85,85,85,85,85,85,85,85,85,85,85,85,85,85,85,85,85],"relic_stats":{"Nunchaku":[15],"Dream Catcher":0,"Busted Crown":16,"Happy Flower":[31],"counters":[25,108],"Bronze Scales":[294],"Snecko Eye":[97,98,98,93],"Tiny Chest":2,"obtain_stats":[{"ReplayFunnel":30,"Happy Flower":7,"Replay:Grab Bag":34,"Counterbalance":39,"Oddly Smooth Stone":42,"Vajra":45,"Blue Doll":40,"Burning Blood":0,"Nunchaku":21,"Dream Catcher":44,"Anchor":53,"Busted Crown":34,"Bronze Scales":12,"Honey Jar":17,"Snecko Eye":34,"Tiny Chest":10,"Philosopher\u0027s Stone":34,"Bag of Marbles":9,"Durian":26,"Toy Ornithopter":54},{"ReplayFunnel":13,"Happy Flower":3,"Replay:Grab Bag":15,"Counterbalance":18,"Oddly Smooth Stone":20,"Vajra":20,"Blue Doll":19,"Burning Blood":0,"Nunchaku":9,"Dream Catcher":20,"Anchor":23,"Busted Crown":15,"Bronze Scales":5,"Honey Jar":6,"Snecko Eye":15,"Tiny Chest":4,"Philosopher\u0027s Stone":15,"Bag of Marbles":3,"Durian":11,"Toy Ornithopter":24},{"ReplayFunnel":61,"Happy Flower":15,"Replay:Grab Bag":72,"Counterbalance":80,"Oddly Smooth Stone":89,"Vajra":89,"Blue Doll":86,"Burning Blood":0,"Nunchaku":45,"Dream Catcher":89,"Anchor":100,"Busted Crown":72,"Bronze Scales":26,"Honey Jar":37,"Snecko Eye":72,"Tiny Chest":22,"Philosopher\u0027s Stone":72,"Bag of Marbles":15,"Durian":53,"Toy Ornithopter":103}],"Burning Blood":150,"Toy Ornithopter":5},"card_choices":[{"not_picked":["Dual Wield","Disarm"],"picked":"Metallicize","floor":0},{"not_picked":["ReplayTheSpireMod:Stacked","Body Slam"],"picked":"Thunderclap","floor":1},{"not_picked":["Perfected Strike","ReplayTheSpireMod:Strike From Hell"],"picked":"True Grit","floor":2},{"not_picked":["Iron Wave","Anger"],"picked":"Hemokinesis","floor":4},{"not_picked":["Searing Blow","Flex"],"picked":"Flame Barrier","floor":5},{"not_picked":["Iron Wave","Cleave"],"picked":"Blood for Blood","floor":5},{"not_picked":["Intimidate","Flex"],"picked":"Shrug It Off","floor":5},{"not_picked":["Infernal Blade","ReplayTheSpireMod:Strike From Hell","Armaments"],"picked":"SKIP","floor":10},{"not_picked":["Replay:Undeath\u0027s Touch","Shrug It Off"],"picked":"Corruption","floor":12},{"not_picked":["Berserk","Bludgeon"],"picked":"Immolate","floor":16},{"not_picked":["Iron Wave","Flex","Clash"],"picked":"Hemokinesis+1","floor":18},{"not_picked":["Run Through","Clash","Clothesline"],"picked":"Body Slam","floor":19},{"not_picked":["Body Slam","Replay:Undeath\u0027s Touch","Abandon"],"picked":"Defy Death","floor":20},{"not_picked":["Uppercut","Run Through","Replay:Undeath\u0027s Touch"],"picked":"Defy Death+1","floor":22},{"not_picked":["Body Slam","Juggernaut","Flex"],"picked":"Pommel Strike","floor":24},{"not_picked":["Rampage","Pummel+1","Pommel Strike"],"picked":"Defy Death","floor":27},{"not_picked":["Flame Barrier","Shockwave","Replay:Undeath\u0027s Touch"],"picked":"Impervious","floor":30},{"not_picked":["Run Through","Wild Strike","ReplayTheSpireMod:LeadingStrike"],"picked":"Spot Weakness","floor":31},{"not_picked":["Replay:Many Hands","Double Tap","Berserk"],"picked":"Offering","floor":33},{"not_picked":["Body Slam+1"],"picked":"ReplayTheSpireMod:Limb From Limb","floor":35},{"not_picked":["Pummel"],"picked":"ReplayReversal","floor":36},{"not_picked":["Burning Pact"],"picked":"Dark Embrace+1","floor":37},{"not_picked":["Armaments"],"picked":"ReplayTheSpireMod:Limb From Limb","floor":40},{"not_picked":["Fire Breathing"],"picked":"Whirlwind","floor":42},{"not_picked":["Twin Strike"],"picked":"Headbutt","floor":47},{"not_picked":["Clothesline"],"picked":"Spot Weakness","floor":48},{"not_picked":["Twin Strike"],"picked":"Heavy Blade","floor":54}],"player_experience":300397,"relics_obtained":[{"floor":9,"key":"Bag of Marbles"},{"floor":10,"key":"Tiny Chest"},{"floor":12,"key":"Bronze Scales"},{"floor":21,"key":"Nunchaku"},{"floor":26,"key":"Durian"},{"floor":30,"key":"ReplayFunnel"},{"floor":40,"key":"Blue Doll"},{"floor":42,"key":"Oddly Smooth Stone"},{"floor":44,"key":"Dream Catcher"},{"floor":45,"key":"Vajra"},{"floor":54,"key":"Toy Ornithopter"}],"event_choices":[{"damage_healed":0,"gold_gain":0,"player_choice":"Donut","damage_taken":0,"max_hp_gain":5,"max_hp_loss":0,"event_name":"Big Fish","floor":3,"gold_loss":0},{"cards_removed":["Strike_R"],"damage_healed":0,"gold_gain":0,"player_choice":"Card Removal","damage_taken":0,"max_hp_gain":0,"max_hp_loss":0,"event_name":"The Cleric","floor":13,"gold_loss":50},{"damage_healed":0,"gold_gain":0,"player_choice":"Max HP","damage_taken":0,"max_hp_gain":0,"max_hp_loss":5,"event_name":"Winding Halls","floor":38,"gold_loss":0}],"is_beta":false,"boss_relics":[{"not_picked":["Empty Cage","Cursed Key"],"picked":"Honey Jar"},{"not_picked":["Runic Cube","Velvet Choker"],"picked":"Replay:Grab Bag"},{"not_picked":["Painkiller Herb","Runic Dome"],"picked":"Philosopher\u0027s Stone"},{"not_picked":["ReplayTheSpireMod:DimensionalGlitch","Replay:Wanted Poster"],"picked":"Busted Crown"},{"not_picked":["Pandora\u0027s Box","Replay:Drink Me"],"picked":"Snecko Eye"}],"items_purged_floors":[7,28,53],"is_endless":false,"potions_floor_spawned":[4,10,16,19,22,24,30,37,48],"ascension_level":12}}