{"host":"dn6kke80v5f7isus","time":1610039295,"event":{"mods":["AchievementEnabler","Act Like it!","BaseMod","Colored Powertips","Custom Start","Defuse TimeMaze Blight","Downfall","Duelist Mod","Gremlin Skip","Highlight Path","Hubris","Infinite Spire","Minty Spire (QoL Compilation)","Rare Cards Sparkle","Replay The Spire","StSLib","Uncapped"],"gold_per_floor":[138,138,138,63,63,90,102,136,160,160,191,191,210,239,239,341,341,361,361,376,121,121],"floor_reached":21,"playtime":683,"items_purged":["theDuelist:CastleWalls"],"score":242,"play_id":"704f3f0e-316b-45a5-b09a-5b38d6aec2f8","local_time":"20210107120815","is_ascension_mode":true,"campfire_choices":[{"floor":10,"key":"REST"},{"data":"theDuelist:ForbiddenLance","floor":15,"key":"SMITH"}],"circlet_count":0,"master_deck":["theDuelist:BabyDragon","theDuelist:CaveDragon","theDuelist:CaveDragon","theDuelist:LesserDragon+1","theDuelist:LesserDragon+1","theDuelist:YamataDragon+1","theDuelist:MaskedDragon","theDuelist:ForbiddenLance+1","theDuelist:AncientDragon","theDuelist:AncientDragon","theDuelist:StardustDragon","theDuelist:Kabazauls"],"relics":["theDuelist:MillenniumPuzzle","theDuelist:CardPoolRelic","theDuelist:CardPoolBasicRelic","theDuelist:BoosterPackPoolRelic","theDuelist:CardPoolAddRelic","theDuelist:CardPoolMinusRelic","theDuelist:CardPoolSaveRelic","theDuelist:CardPoolOptionsRelic","hubris:ToyBattleship","Blue Doll","theDuelist:SummonAnchor","Whetstone","Garlic","SacredBark","hubris:Icosahedron","theDuelist:Monsterbox"],"acts_visited":["Exordium","TheCity"],"potions_floor_usage":[8,16,20],"damage_taken":[{"damage":0,"enemies":"Small Slimes","floor":1,"turns":2},{"damage":13,"enemies":"Lagavulin","floor":6,"turns":3},{"damage":0,"enemies":"2 Louse","floor":7,"turns":1},{"damage":2,"enemies":"3 Sentries","floor":8,"turns":4},{"damage":0,"enemies":"Gremlin Nob","floor":11,"turns":2},{"damage":0,"enemies":"Jaw Worm","floor":13,"turns":1},{"damage":16,"enemies":"3 Sentries","floor":14,"turns":6},{"damage":6,"enemies":"Hexaghost","floor":16,"turns":5},{"damage":0,"enemies":"Spheric Guardian","floor":18,"turns":3},{"damage":0,"enemies":"Shell Parasite","floor":20,"turns":3}],"seed_played":"2217478348637607183","potions_obtained":[{"floor":6,"key":"LiquidBronze"},{"floor":13,"key":"theDuelist:SolderPotionB"},{"floor":14,"key":"theDuelist:MillenniumElixir"},{"floor":16,"key":"theDuelist:VampireVial"},{"floor":18,"key":"theDuelist:BurningPotion"}],"is_trial":false,"path_per_floor":["M","?","?","$","?","E","M","E","T","R","E","?","M","E","R","B",null,"M","?","M","$"],"character_chosen":"THE_DUELIST","items_purchased":["theDuelist:Monsterbox","theDuelist:AncientDragon","theDuelist:StardustDragon","theDuelist:Kabazauls"],"campfire_rested":1,"item_purchase_floors":[21,21,21,21],"current_hp_per_floor":[56,40,40,40,33,20,20,18,18,42,42,42,42,26,26,20,80,80,80,80,80,80],"gold":121,"neow_bonus":"REMOVE_TWO","is_daily":false,"chose_seed":false,"campfire_upgraded":1,"win_rate":0.0,"timestamp":1610039295,"path_taken":["M","?","?","$","?","E","M","E","T","R","E","?","M","E","R","BOSS","M","?","M","$"],"items_purchased_type":["Relic","Card","Card","Card"],"build_version":"2020-12-22","purchased_purges":1,"victory":false,"max_hp_per_floor":[80,80,80,80,80,80,80,80,80,80,80,80,80,80,80,80,80,80,80,80,80,80],"card_choices":[{"not_picked":["theDuelist:TwinHeadedFire","theDuelist:LesserDragon","theDuelist:BlackStego","theDuelist:FiendSkull"],"picked":"theDuelist:MaskedDragon","floor":1},{"not_picked":["theDuelist:BattleguardKing","theDuelist:BigFire","theDuelist:LightningDarts","theDuelist:RainbowOverdragon","theDuelist:Raigeki"],"picked":"SKIP","floor":6},{"not_picked":["theDuelist:BigFire","theDuelist:LightningDarts","theDuelist:BlackPendant","theDuelist:Reload","theDuelist:RainbowBridge"],"picked":"SKIP","floor":7},{"not_picked":["theDuelist:YamataDragon","theDuelist:Hydrogeddon","theDuelist:DarkHorus","theDuelist:BlackStego","theDuelist:FiendSkull"],"picked":"SKIP","floor":8},{"not_picked":["theDuelist:TyrantWing","theDuelist:SpiralSpearStrike+1","theDuelist:FireDarts","theDuelist:DragonShield+1","theDuelist:DragonCaptureJar"],"picked":"SKIP","floor":11},{"not_picked":["theDuelist:TrihornedDragon","theDuelist:CyberTwinDragon","theDuelist:BlackBrachios","theDuelist:BlackPtera","theDuelist:BarrelDragon"],"picked":"SKIP","floor":13},{"not_picked":["theDuelist:BigFire","theDuelist:Hinotama","theDuelist:LightningDarts","theDuelist:RainbowOverdragon"],"picked":"theDuelist:ForbiddenLance","floor":14},{"not_picked":["theDuelist:TwinHeadedFire","theDuelist:HazyFlameHydra+1","theDuelist:RedRisingDragon","theDuelist:DefenseZone","theDuelist:MoltenDestruction"],"picked":"SKIP","floor":18},{"not_picked":["Dark Shackles","HandOfGreed","Impatience+1","Thinking Ahead"],"picked":"SKIP","floor":20}],"player_experience":524064,"relics_obtained":[{"floor":6,"key":"hubris:ToyBattleship"},{"floor":8,"key":"Blue Doll"},{"floor":9,"key":"theDuelist:SummonAnchor"},{"floor":11,"key":"Whetstone"},{"floor":14,"key":"Garlic"}],"event_choices":[{"damage_healed":0,"gold_gain":0,"player_choice":"Entered Light","damage_taken":16,"max_hp_gain":0,"max_hp_loss":0,"event_name":"Shining Light","floor":2,"gold_loss":0,"cards_upgraded":["theDuelist:LesserDragon","theDuelist:CastleWalls"]},{"total_magic_score":44,"gold_gain":0,"duelist":true,"damage_taken":0,"relics_obtained":[],"points":3,"max_hp_gain":0,"max_hp_loss":0,"spent_points":{"magic":0,"greed":0,"war":0,"power":1,"hunger":2},"event_name":"Nameless Tomb","floor":3,"gold_loss":0,"cards_obtained":[]},{"cards_removed":["theDuelist:CastleWalls"],"damage_healed":0,"gold_gain":0,"player_choice":"Card Removal","damage_taken":7,"max_hp_gain":0,"max_hp_loss":0,"event_name":"Golden Wing","floor":5,"gold_loss":0},{"damage_healed":0,"gold_gain":0,"player_choice":"Leave","duelist":true,"damage_taken":0,"max_hp_gain":0,"max_hp_loss":0,"event_name":"Egyptian Village","floor":12,"gold_loss":0}],"is_beta":false,"boss_relics":[{"not_picked":["theDuelist:MillenniumKey","Snecko Eye"],"picked":"SacredBark"}],"items_purged_floors":[4],"is_endless":false,"potions_floor_spawned":[6,13,14,16,18],"ascension_level":1}}