{"host":"ji1fk25fd1ga4ji1","time":1610038421,"event":{"mods":["2.2 Compatiblity","BaseMod","Colored Map","DeckTracker","Minty Spire (QoL Compilation)","Permanent Neow","Quick Restart","StSLib","SuperFastMode"],"gold_per_floor":[118,132,57,74,91,91,104,137,137,137,37,50,50,78,78,175,175,192,209,209,220,240,240,67,67,67,95,95,125,142,156,156,156,156],"floor_reached":33,"playtime":697,"items_purged":["Strike_R","Strike_R","Strike_R"],"score":314,"play_id":"b38aafbf-0395-4bb4-9da6-5452e7ed0204","local_time":"20210108015341","is_ascension_mode":true,"campfire_choices":[{"data":"Rampage","floor":6,"key":"SMITH"},{"data":"Pommel Strike","floor":10,"key":"SMITH"},{"data":"Disarm","floor":15,"key":"SMITH"},{"floor":23,"key":"REST"},{"floor":32,"key":"REST"}],"circlet_count":0,"master_deck":["Defend_R","Defend_R","Defend_R","Defend_R","Bash","Rampage+1","Cleave","Second Wind","Pommel Strike+1","Headbutt","Disarm+1","Clothesline","Entrench","True Grit","Headbutt"],"relics":["Burning Blood","Incense Burner","PreservedInsect","Boot","Cursed Key","InkBottle","Turnip"],"acts_visited":["Exordium","TheCity"],"potions_floor_usage":[8,8,22,22,27,27,33],"damage_taken":[{"damage":1,"enemies":"Cultist","floor":1,"turns":3},{"damage":7,"enemies":"2 Louse","floor":2,"turns":3},{"damage":1,"enemies":"Jaw Worm","floor":4,"turns":4},{"damage":13,"enemies":"Red Slaver","floor":5,"turns":4},{"damage":17,"enemies":"Exordium Thugs","floor":7,"turns":5},{"damage":18,"enemies":"Lagavulin","floor":8,"turns":7},{"damage":9,"enemies":"Blue Slaver","floor":12,"turns":3},{"damage":9,"enemies":"3 Sentries","floor":14,"turns":4},{"damage":31,"enemies":"The Guardian","floor":16,"turns":8},{"damage":15,"enemies":"2 Thieves","floor":18,"turns":5},{"damage":19,"enemies":"Shell Parasite","floor":19,"turns":5},{"damage":25,"enemies":"Snake Plant","floor":21,"turns":4},{"damage":13,"enemies":"3 Cultists","floor":22,"turns":6},{"damage":19,"enemies":"Slavers","floor":27,"turns":4},{"damage":10,"enemies":"Book of Stabbing","floor":29,"turns":5},{"damage":40,"enemies":"Sentry and Sphere","floor":30,"turns":6},{"damage":5,"enemies":"Centurion and Healer","floor":31,"turns":5},{"damage":73,"enemies":"Automaton","floor":33,"turns":6}],"seed_played":"-2065056660851357059","potions_obtained":[{"floor":4,"key":"ElixirPotion"},{"floor":7,"key":"Block Potion"},{"floor":14,"key":"Block Potion"},{"floor":16,"key":"Explosive Potion"},{"floor":22,"key":"Strength Potion"},{"floor":27,"key":"ElixirPotion"},{"floor":30,"key":"LiquidBronze"}],"is_trial":false,"path_per_floor":["M","M","$","M","M","R","M","E","T","R","$","M","$","E","R","B",null,"M","M","?","M","M","R","$","?","T","E","?","E","M","M","R","B"],"character_chosen":"IRONCLAD","items_purchased":["BloodPotion"],"campfire_rested":2,"item_purchase_floors":[24],"current_hp_per_floor":[80,79,79,80,73,73,62,50,50,50,50,47,47,44,44,19,80,71,58,58,39,32,56,56,56,56,59,59,55,21,22,46,0,0],"gold":156,"neow_bonus":"THREE_CARDS","is_daily":false,"chose_seed":false,"campfire_upgraded":3,"win_rate":0.0,"timestamp":1610038421,"path_taken":["M","M","?","?","M","R","M","E","T","R","$","M","$","E","R","BOSS","M","M","?","M","M","R","$","?","T","E","?","E","?","M","R","BOSS"],"items_purchased_type":["Potion"],"build_version":"2020-12-22","purchased_purges":3,"victory":false,"max_hp_per_floor":[80,80,80,80,80,80,80,80,80,80,80,80,80,80,80,80,80,80,80,80,80,80,80,80,80,80,80,80,80,80,80,80,80,80],"card_choices":[{"not_picked":["Thunderclap","Sentinel"],"picked":"Rampage","floor":0},{"not_picked":["Anger","Clothesline","Havoc"],"picked":"SKIP","floor":1},{"not_picked":["Sentinel","Wild Strike"],"picked":"Cleave","floor":2},{"not_picked":["Second Wind","Clash","Spot Weakness"],"picked":"SKIP","floor":4},{"not_picked":["Second Wind","Clash","Spot Weakness"],"picked":"SKIP","floor":4},{"not_picked":["Clash","Spot Weakness"],"picked":"Second Wind","floor":4},{"not_picked":["Iron Wave","Intimidate","Sword Boomerang"],"picked":"SKIP","floor":5},{"not_picked":["Pummel","Anger","Iron Wave"],"picked":"SKIP","floor":7},{"not_picked":["Flame Barrier","Perfected Strike"],"picked":"Pommel Strike","floor":8},{"not_picked":["Sword Boomerang","Flex"],"picked":"Headbutt","floor":12},{"not_picked":["Seeing Red","Havoc"],"picked":"Disarm","floor":14},{"not_picked":["Body Slam","Whirlwind","Blood for Blood"],"picked":"SKIP","floor":18},{"not_picked":["Perfected Strike+1","Flex","Sword Boomerang"],"picked":"SKIP","floor":19},{"not_picked":["Cleave","Ghostly Armor"],"picked":"True Grit","floor":21},{"not_picked":["Heavy Blade","Body Slam+1","Infernal Blade"],"picked":"SKIP","floor":22},{"not_picked":["Seeing Red","Uppercut","Combust+1"],"picked":"SKIP","floor":27},{"not_picked":["Reckless Charge+1","Armaments","Warcry"],"picked":"SKIP","floor":29},{"not_picked":["Dropkick","Second Wind","Sentinel"],"picked":"SKIP","floor":30},{"not_picked":["Sword Boomerang","Perfected Strike"],"picked":"Headbutt","floor":31}],"player_experience":810928,"relics_obtained":[{"floor":8,"key":"Incense Burner"},{"floor":9,"key":"PreservedInsect"},{"floor":14,"key":"Boot"},{"floor":27,"key":"InkBottle"},{"floor":29,"key":"Turnip"}],"event_choices":[{"damage_healed":0,"gold_gain":0,"cards_transformed":["Strike_R","Strike_R"],"player_choice":"Became Test Subject","damage_taken":0,"max_hp_gain":0,"max_hp_loss":0,"event_name":"Drug Dealer","floor":20,"gold_loss":0,"cards_obtained":["Clothesline","Entrench"]},{"damage_healed":0,"gold_gain":0,"player_choice":"Ignored","damage_taken":0,"max_hp_gain":0,"max_hp_loss":0,"event_name":"Ghosts","floor":25,"gold_loss":0},{"damage_healed":0,"gold_gain":0,"player_choice":"Ignored","damage_taken":0,"max_hp_gain":0,"max_hp_loss":0,"event_name":"NoteForYourself","floor":28,"gold_loss":0}],"is_beta":false,"boss_relics":[{"not_picked":["Pandora\u0027s Box","SacredBark"],"picked":"Cursed Key"}],"items_purged_floors":[3,11,24],"is_endless":false,"potions_floor_spawned":[4,7,14,16,22,27,30],"killed_by":"Automaton","ascension_level":1}}