{"host":"lxihx0b6awoz2w1j","time":1610044068,"event":{"mods":["Aspiration","BaseMod","Better Third Choice","CapriCore","Colored Powertips","Downfall","Hermit","HololiveMod","Hubris","Infinite Spire","JesterMod","Luminous","Marisa????????","Melee Mod","Minty Spire (QoL Compilation)","Prisma Mod","Quick Restart","Relic Stats","Replay The Spire","Shade Mod","Spicy Shops","StSLib","The Alterego","The Blue Laboratory","The Cursed","The Disciple","The Forsaken","The Immortal","The Jungle","The Marked","The Runesmith","The Senshi","The Servant 0.9.4","Waifu the Spire"],"gold_per_floor":[111,111,130,230,56,56,74,94,117,149,169,169,169,180,180,180,180],"floor_reached":16,"playtime":575,"items_purged":[],"score":127,"play_id":"21134882-1e48-452b-a205-3b3f403ca0e2","local_time":"20210107192748","is_ascension_mode":false,"campfire_choices":[{"data":"alterego_mod:BigMeatyClaws","floor":6,"key":"SMITH"},{"data":"alterego_mod:PresenceConcealment","floor":12,"key":"SMITH"},{"data":"alterego_mod:RingBreak","floor":15,"key":"SMITH"}],"circlet_count":0,"master_deck":["alterego_mod:Strike","alterego_mod:Strike+1","alterego_mod:Strike","alterego_mod:Strike","alterego_mod:Defend","alterego_mod:Defend","alterego_mod:Defend","alterego_mod:Defend","alterego_mod:Impale","alterego_mod:BigMeatyClaws+1","alterego_mod:BrynhildrsRune","alterego_mod:Mirror","infinitespire:SevenWalls+1","alterego_mod:Support","alterego_mod:1TonWallop","alterego_mod:RidiculouslyBig","alterego_mod:DiscoLights","alterego_mod:RingBreak+1","alterego_mod:PresenceConcealment+1"],"relics":["hubris:ScarierMask","aspiration:ChemicalBlood","Membership Card","Whetstone","Garlic"],"acts_visited":["Exordium"],"potions_floor_usage":[],"damage_taken":[{"damage":0,"enemies":"Small Slimes","floor":1,"turns":2},{"damage":0,"enemies":"Cultist","floor":3,"turns":3},{"damage":3,"enemies":"Jaw Worm","floor":7,"turns":4},{"damage":0,"enemies":"Exordium Thugs","floor":8,"turns":4},{"damage":0,"enemies":"Lagavulin","floor":10,"turns":7},{"damage":13,"enemies":"Large Slime","floor":11,"turns":4},{"damage":4,"enemies":"Red Slaver","floor":14,"turns":6},{"damage":0,"enemies":"Fading Forest","floor":16,"turns":2}],"seed_played":"-4926418360597888015","potions_obtained":[{"floor":3,"key":"Adrenaline Potion"},{"floor":8,"key":"blueLaboratory:StoneskinPotion"},{"floor":13,"key":"blueLaboratory:PyrophylliteBrew"},{"floor":14,"key":"Adrenaline Potion"}],"is_trial":false,"path_per_floor":["M","AVR","M","?","$","R","M","M","T","E","M","R","?","M","R","B"],"character_chosen":"The_Alterego","items_purchased":["Membership Card","alterego_mod:1TonWallop"],"campfire_rested":0,"item_purchase_floors":[5,5],"current_hp_per_floor":[70,70,70,70,70,70,67,67,67,67,54,54,54,57,57,57,57],"gold":180,"neow_bonus":"BOSS_RELIC","is_daily":false,"chose_seed":false,"campfire_upgraded":3,"win_rate":0.0,"timestamp":1610044068,"path_taken":["M","AVR","M","?","$","R","?","M","T","E","M","R","?","M","R","BOSS"],"items_purchased_type":["Relic","Card"],"build_version":"2020-12-22","purchased_purges":0,"victory":false,"max_hp_per_floor":[70,70,70,70,70,70,70,70,70,70,70,70,70,70,70,70,70],"relic_stats":{"counters":[8,32],"Whetstone":["alterego_mod:Strike","infinitespire:SevenWalls"],"obtain_stats":[{"alterego_mod:MasochisticConstitution":0,"hubris:ScarierMask":0,"Garlic":10,"Membership Card":5,"Whetstone":9,"aspiration:ChemicalBlood":2},{"alterego_mod:MasochisticConstitution":0,"hubris:ScarierMask":0,"Garlic":5,"Membership Card":2,"Whetstone":4,"aspiration:ChemicalBlood":1},{"alterego_mod:MasochisticConstitution":0,"hubris:ScarierMask":0,"Garlic":20,"Membership Card":5,"Whetstone":13,"aspiration:ChemicalBlood":2}]},"card_choices":[{"not_picked":["alterego_mod:BusterCard","alterego_mod:Cycle"],"picked":"alterego_mod:Mirror","floor":1},{"not_picked":["alterego_mod:MagicResistance","alterego_mod:1TonWallop"],"picked":"alterego_mod:Support","floor":3},{"not_picked":["alterego_mod:DestructionOfProperty","alterego_mod:BiFurious"],"picked":"alterego_mod:RidiculouslyBig","floor":7},{"not_picked":["alterego_mod:Valentines","alterego_mod:Punishment"],"picked":"alterego_mod:DiscoLights","floor":8},{"not_picked":["alterego_mod:PerceptionDisorder","alterego_mod:DiscoLights"],"picked":"alterego_mod:RingBreak","floor":10},{"not_picked":["alterego_mod:Cooking","alterego_mod:Santa"],"picked":"alterego_mod:PresenceConcealment","floor":11},{"not_picked":["alterego_mod:Valentines","alterego_mod:Mirror","alterego_mod:Skirt"],"picked":"SKIP","floor":14}],"player_experience":538569,"relics_obtained":[{"floor":9,"key":"Whetstone"},{"floor":10,"key":"Garlic"}],"event_choices":[{"damage_healed":0,"gold_gain":100,"player_choice":"Pray","damage_taken":0,"max_hp_gain":0,"max_hp_loss":0,"event_name":"Golden Shrine","floor":4,"gold_loss":0},{"damage_healed":0,"gold_gain":0,"player_choice":"Got Potions","damage_taken":0,"max_hp_gain":0,"max_hp_loss":0,"event_name":"Lab","floor":13,"gold_loss":0}],"is_beta":false,"boss_relics":[],"items_purged_floors":[],"is_endless":false,"potions_floor_spawned":[3,8,14],"killed_by":"Fading Forest","ascension_level":0}}