{"host":"dwyzfvnzfcqffr30","time":1610011955,"event":{"mods":["2.2 Compatiblity","Act Like it!","BaseMod","Beaked The Cultist","Better Altar","Better Match","Better Note","Better Sensory Stone","Better Skull","Better Third Choice","Clockwork Mod","Colored Map","Colored Powertips","Conspire","Downfall","Elementarium","GifTheSpireLib","Halation","Hermit","Hubris","Infinite Spire","Ironclad Rager","Jedi Mod","Menagerie","Mimic Mod","Minty Spire (QoL Compilation)","Permanent Neow","Random Character Button","Replay The Spire","Spicy Shops","StSLib","Stuff the Spire","The Construct","The Disciple","The Druid","The Marked","TheFirefly","Trackpad","vexMod"],"gold_per_floor":[435,435,477,22,22,22,54,54,79,101,26,26,60,79,79,156,156,178,31,47,47,47,77,93,109,109,34,65,65,102,102,102,186,186,214,260,12,0,0,29,29,62,98,134,134,159,180,180,180,180,180],"floor_reached":50,"playtime":3756,"items_purged":[],"score":1132,"play_id":"4d9893c2-548f-4090-b39d-3f5c877bf6d4","local_time":"20210107013235","is_ascension_mode":true,"campfire_choices":[{"floor":6,"key":"RECALL"},{"floor":15,"key":"REST"},{"floor":22,"key":"DIG"},{"floor":29,"key":"REST"},{"floor":32,"key":"DIG"},{"floor":45,"key":"DIG"},{"floor":49,"key":"DIG"}],"circlet_count":0,"master_deck":["AscendersBane","beaked:Strike_Y+1","beaked:Strike_Y+1","beaked:Strike_Y+1","beaked:Strike_Y+1","beaked:Strike_Y+1","beaked:Strike_Y+1","beaked:Defend_Y+1","beaked:Defend_Y+1","beaked:Defend_Y+1","beaked:Defend_Y+1","beaked:Ceremony+1","beaked:Ceremony+1","beaked:Ceremony+1","MasterReality+1","beaked:MaddeningMurmurs+1","Menagerie:Dismember+1","expansioncontent:StudyTheSpire+1","beaked:WindBringer+1","beaked:ScreechingChant+1","beaked:BloodRitual+1","beaked:AwakenedForm+1","beaked:Foresight+1","hubris:DuctTapeCard","beaked:ScreechingChant+1","beaked:RitualOfBody+1","beaked:MaddeningMurmurs+1","beaked:RitualOfBody+1","Parasite","beaked:DigDeep+1"],"relics":["beaked:MendingPlumage","Juzu Bracelet","Toxic Egg 2","Molten Egg 2","Frozen Egg 2","Quantum Egg","hubris:EvacipatedBox","Bottled Tornado","infinitespire:EvilPickle","StuffTheSpire:Experiment12","Potion Belt","StuffTheSpire:MayFlowers","Replay:Wax Seal","Bottled Tornado","hubris:Backtick","Shovel","Art of War","conspire:SpecialSausage","halation:Komachan","hubris:64BitClover","halation:PromiseList","Kunai","hubris:DuctTape","Eternal Feather","conspire:TopHat","trackpad:WondrousWand","Elementarium:ElementariumTrophy","vexMod:BigBerry","trackpad:Mousetrap","Mirror","Elementarium:GoldenMirage","trackpad:Compendium","beaked:ThroatLozenge","Meat on the Bone","StuffTheSpire:Expresso","Anchor","hubris:DeckOfHolding","hubris:Towel","hubris:Reverence"],"acts_visited":["Menagerie:Menagerie","Elementarium:Elementarium","TheBeyond"],"potions_floor_usage":[13,16,23,30,33,47,50,50],"damage_taken":[{"damage":10,"enemies":"Menagerie:WhisperingWraith","floor":1,"turns":6},{"damage":0,"enemies":"Menagerie:2_RABBITS","floor":3,"turns":4},{"damage":2,"enemies":"Menagerie:Hydra","floor":7,"turns":6},{"damage":4,"enemies":"Menagerie:MonstrousExperiment","floor":10,"turns":5},{"damage":0,"enemies":"Menagerie:MaskedSummoner","floor":13,"turns":8},{"damage":0,"enemies":"Menagerie:RedMage","floor":14,"turns":4},{"damage":17,"enemies":"Menagerie:AVATARS","floor":16,"turns":4},{"damage":11,"enemies":"Elementarium:MUD_AND_TAR_GOLEMS","floor":18,"turns":6},{"damage":5,"enemies":"Elementarium:2_ELEMENTALS","floor":20,"turns":4},{"damage":55,"enemies":"Elementarium:ElementalPortal","floor":23,"turns":8},{"damage":30,"enemies":"Elementarium:RubyGolem","floor":24,"turns":7},{"damage":31,"enemies":"Elementarium:CYCLONE_AND_ORB_OF_FIRE","floor":25,"turns":8},{"damage":18,"enemies":"Elementarium:WarGolem","floor":28,"turns":5},{"damage":31,"enemies":"Elementarium:FIRE_NOBILITY","floor":30,"turns":6},{"damage":50,"enemies":"Elementarium:GoldenDragon","floor":33,"turns":7},{"damage":24,"enemies":"3 Darklings","floor":35,"turns":6},{"damage":77,"enemies":"Nemesis","floor":40,"turns":9},{"damage":28,"enemies":"Reptomancer","floor":42,"turns":8},{"damage":14,"enemies":"3 Shapes","floor":43,"turns":9},{"damage":39,"enemies":"Nemesis","floor":44,"turns":9},{"damage":9,"enemies":"3 Shapes","floor":46,"turns":7},{"damage":21,"enemies":"Writhing Mass","floor":47,"turns":8},{"damage":115,"enemies":"Awakened One","floor":50,"turns":6}],"seed_played":"7707028137193048244","potions_obtained":[{"floor":7,"key":"DuplicationPotion"},{"floor":10,"key":"Cursed Concoction"},{"floor":13,"key":"Slimebound:ThreeZeroPotion"},{"floor":16,"key":"Swift Potion"},{"floor":23,"key":"Strength Potion"},{"floor":28,"key":"champ:CounterPotion"},{"floor":44,"key":"ColorlessPotion"},{"floor":46,"key":"champ:CounterPotion"}],"is_trial":false,"path_per_floor":["M","?","M","$","?","R","E","?","T","M","?","?","E","M","R","B",null,"M","$","M","AVR","R","E","M","M","T","$","E","R","E","?","R","B",null,"M","T","$","?","?","E","?","E","MIM","E","R","M","M","?","R","B"],"character_chosen":"BEAKED_THE_CULTIST","items_purchased":["Potion Belt","StuffTheSpire:MayFlowers","Art of War","beaked:AwakenedForm+1","Mirror"],"campfire_rested":2,"item_purchase_floors":[4,4,19,27,37],"current_hp_per_floor":[50,38,50,50,50,50,50,50,50,48,48,48,50,50,50,50,50,50,50,50,50,50,30,30,31,31,31,37,50,50,40,50,36,77,70,70,70,70,52,73,73,83,83,69,83,86,89,89,89,0,0],"gold":180,"neow_bonus":"RANDOM_COMMON_RELIC","is_daily":false,"chose_seed":false,"campfire_upgraded":0,"win_rate":0.0,"timestamp":1610011955,"path_taken":["M","?","M","$","?","R","E","?","T","M","?","?","E","M","R","BOSS","M","$","M","AVR","R","E","M","M","T","$","E","R","E","?","R","BOSS","M","?","$","?","?","E","?","E","MIM","E","R","M","M","?","R","BOSS"],"items_purchased_type":["Relic","Relic","Relic","Card","Relic"],"build_version":"2020-12-22","purchased_purges":0,"victory":false,"max_hp_per_floor":[50,50,50,50,50,50,50,50,50,50,50,50,50,50,50,50,50,50,50,50,50,50,50,50,50,50,50,50,50,50,50,50,50,80,80,80,80,80,80,80,80,83,83,83,83,86,89,89,89,92,92],"card_choices":[{"not_picked":["beaked:Roost+1","beaked:Brace+1"],"picked":"beaked:Evade+1","floor":1},{"not_picked":["beaked:Insight+1","beaked:Evade+1"],"picked":"beaked:MaddeningMurmurs+1","floor":3},{"not_picked":["Menagerie:CrumblingSanctuary+1","Menagerie:Foresee+1"],"picked":"Menagerie:Dismember+1","floor":5},{"not_picked":["beaked:Tradeoff+1","beaked:Replenish+1","beaked:Redirect+1"],"picked":"SKIP","floor":7},{"not_picked":["beaked:Devastation+1","beaked:Cower+1"],"picked":"beaked:Foresight+1","floor":10},{"not_picked":["jedi:forcepush+1","expansioncontent:Hexaburn+1"],"picked":"expansioncontent:StudyTheSpire+1","floor":12},{"not_picked":["beaked:Tradeoff+1","beaked:FeelMyPain+1"],"picked":"beaked:WindBringer+1","floor":13},{"not_picked":["beaked:Brace+1","beaked:Redirect+1","beaked:Daydream+1"],"picked":"SKIP","floor":14},{"not_picked":["beaked:FakeOut+1","beaked:Caw+1"],"picked":"beaked:ScreechingChant+1","floor":16},{"not_picked":["beaked:Brace+1","beaked:DesperateSwing+1","beaked:Redirect+1"],"picked":"SKIP","floor":18},{"not_picked":["beaked:CursingBlood+1","beaked:TuckingFeathers+1"],"picked":"beaked:BloodRitual+1","floor":20},{"not_picked":["beaked:DarkPact+1","beaked:BarbedWire+1","beaked:Brace+1"],"picked":"SKIP","floor":23},{"not_picked":["beaked:BraceForImpact+1","beaked:Tweet+1","beaked:Overexert+1"],"picked":"SKIP","floor":24},{"not_picked":["beaked:TuckingFeathers+1","beaked:Windmill+1","beaked:Roost+1"],"picked":"SKIP","floor":25},{"not_picked":["beaked:HuntressSpirit+1","beaked:Devastation+1"],"picked":"beaked:Foresight+1","floor":28},{"not_picked":["beaked:FeelMyPain+1","beaked:Tweet+1"],"picked":"beaked:ScreechingChant+1","floor":30},{"not_picked":["beaked:BraceForImpact+1","beaked:Windmill+1"],"picked":"beaked:RitualOfBody+1","floor":35},{"not_picked":["beaked:Flinch+1","beaked:SacrificialDive+1"],"picked":"beaked:MaddeningMurmurs+1","floor":40},{"not_picked":["ReplayTheSpireMod:Prepare the Ceremony+1","beaked:FakeOut+1","beaked:Evade+1"],"picked":"SKIP","floor":42},{"not_picked":["beaked:Foresight+1","beaked:SurvivalInstinct+1"],"picked":"beaked:RitualOfBody+1","floor":44},{"not_picked":["beaked:MimicHuntress+1","beaked:Redirect+1","beaked:WildInstinct+1"],"picked":"SKIP","floor":46},{"not_picked":["beaked:TuckingFeathers+1","beaked:HuntressSpirit+1"],"picked":"beaked:DigDeep+1","floor":47}],"player_experience":2620404,"relics_obtained":[{"floor":7,"key":"Replay:Wax Seal"},{"floor":13,"key":"Bottled Tornado"},{"floor":22,"key":"hubris:64BitClover"},{"floor":23,"key":"halation:PromiseList"},{"floor":26,"key":"Kunai"},{"floor":28,"key":"hubris:DuctTape"},{"floor":30,"key":"Eternal Feather"},{"floor":32,"key":"trackpad:WondrousWand"},{"floor":36,"key":"trackpad:Mousetrap"},{"floor":40,"key":"beaked:ThroatLozenge"},{"floor":42,"key":"Meat on the Bone"},{"floor":43,"key":"StuffTheSpire:Expresso"},{"floor":44,"key":"Anchor"},{"floor":45,"key":"hubris:DeckOfHolding"},{"floor":49,"key":"hubris:Reverence"}],"event_choices":[{"damage_healed":0,"gold_gain":0,"player_choice":"Simplicity","damage_taken":0,"max_hp_gain":0,"max_hp_loss":10,"event_name":"betterThird:BetterWriting","floor":0,"gold_loss":0},{"damage_healed":0,"gold_gain":0,"player_choice":"RE ","damage_taken":14,"relics_obtained":["StuffTheSpire:Experiment12"],"max_hp_gain":0,"max_hp_loss":0,"event_name":"betterSkull:BetterSkull","floor":2,"gold_loss":0,"cards_upgraded":[]},{"damage_healed":0,"gold_gain":0,"player_choice":"Peek","damage_taken":0,"max_hp_gain":0,"max_hp_loss":0,"event_name":"Menagerie:OvergrownLibrary","floor":5,"gold_loss":0},{"damage_healed":0,"gold_gain":0,"player_choice":"Ignored","damage_taken":0,"max_hp_gain":0,"max_hp_loss":0,"event_name":"Menagerie:MagesHand","floor":8,"gold_loss":0},{"damage_healed":0,"gold_gain":0,"player_choice":"Ignored","damage_taken":0,"max_hp_gain":0,"max_hp_loss":0,"event_name":"Menagerie:MagesHand","floor":8,"gold_loss":0},{"damage_healed":0,"gold_gain":0,"player_choice":"3","damage_taken":0,"max_hp_gain":0,"max_hp_loss":0,"event_name":"betterMatch:BetterMatch","floor":11,"gold_loss":0,"cards_obtained":[]},{"damage_healed":0,"gold_gain":1,"player_choice":"1","damage_taken":0,"max_hp_gain":0,"max_hp_loss":0,"event_name":"betterStone:BetterStone","floor":12,"gold_loss":0},{"damage_healed":0,"gold_gain":0,"player_choice":"RE ","damage_taken":12,"relics_obtained":["conspire:TopHat"],"max_hp_gain":0,"max_hp_loss":0,"event_name":"betterSkull:BetterSkull","floor":31,"gold_loss":0,"cards_upgraded":[]},{"damage_healed":0,"gold_gain":0,"player_choice":"Offer","damage_taken":0,"relics_obtained":["Elementarium:GoldenMirage"],"max_hp_gain":0,"max_hp_loss":0,"event_name":"Elementarium:ChestOfTheGoldenMirage","floor":38,"gold_loss":12},{"damage_healed":0,"gold_gain":0,"player_choice":"RE ","damage_taken":20,"relics_obtained":["trackpad:Compendium"],"max_hp_gain":0,"max_hp_loss":0,"event_name":"betterSkull:BetterSkull","floor":39,"gold_loss":0,"cards_upgraded":[]}],"is_beta":false,"boss_relics":[{"not_picked":["halation:Yufonium","Astrolabe","vexMod:ImprovementManual"],"picked":"hubris:Backtick"},{"not_picked":["hubris:RunicObelisk","vexMod:CursedCompass","Velvet Choker"],"picked":"vexMod:BigBerry"}],"items_purged_floors":[],"is_endless":false,"potions_floor_spawned":[7,10,13,16,23,24,28,44,46],"killed_by":"Awakened One","ascension_level":13}}