{"host":"qxeepl7ydvsgmfdb","time":1610009461,"event":{"mods":["AchievementEnabler","BaseMod","Colored Powertips","Minty Spire (QoL Compilation)","Quick Restart","slay the spire mod where everything is the same but ironclad has a cowboy hat"],"gold_per_floor":[119,43,118,68,68,68,95,95,121,156,53,70,86,112,112,209,209,225,243,255,255,255,255,285,285,285,314,339,339,350,378,378,482,482,494,22,42,60,60,90,90,90,90,15,237,268,278,297,297,297],"floor_reached":51,"playtime":1688,"items_purged":["Defend_B"],"score":984,"play_id":"666431d3-b7e6-4b99-ad08-0d300c06a368","local_time":"20210107035101","is_ascension_mode":true,"campfire_choices":[{"data":"Zap","floor":6.0,"key":"SMITH"},{"data":"Defragment","floor":15.0,"key":"SMITH"},{"floor":23.0,"key":"REST"},{"floor":25.0,"key":"REST"},{"floor":29.0,"key":"REST"},{"floor":32.0,"key":"REST"},{"floor":42.0,"key":"REST"},{"floor":49.0,"key":"REST"}],"circlet_count":0,"master_deck":["Strike_B","Strike_B+1","Defend_B+1","Defend_B","Defend_B","Zap+1","Dualcast","Leap","Defragment+1","Ball Lightning","Ball Lightning","Coolheaded","Self Repair","Coolheaded","Defragment","Melter+1","Rainbow","Lockon+1","Conserve Battery+1","White Noise+1","Auto Shields"],"relics":["Cracked Core","NeowsBlessing","Mummified Hand","Bag of Marbles","White Beast Statue","Omamori","Nuclear Battery","Question Card","Mercury Hourglass","Happy Flower","Red Mask","Juzu Bracelet","Black Star","Lee\u0027s Waffle","Strawberry","Potion Belt","Darkstone Periapt","Lizard Tail","Shuriken","Lantern"],"acts_visited":["Exordium","TheCity","TheBeyond"],"potions_floor_usage":[50,50],"damage_taken":[{"damage":0.0,"enemies":"Jaw Worm","floor":1.0,"turns":1.0},{"damage":0.0,"enemies":"Lagavulin","floor":7.0,"turns":1.0},{"damage":0.0,"enemies":"Gremlin Nob","floor":10.0,"turns":1.0},{"damage":5.0,"enemies":"2 Louse","floor":12.0,"turns":2.0},{"damage":1.0,"enemies":"Cultist","floor":13.0,"turns":3.0},{"damage":19.0,"enemies":"Hexaghost","floor":16.0,"turns":8.0},{"damage":31.0,"enemies":"2 Thieves","floor":18.0,"turns":4.0},{"damage":18.0,"enemies":"Shell Parasite","floor":19.0,"turns":4.0},{"damage":6.0,"enemies":"3 Cultists","floor":20.0,"turns":5.0},{"damage":23.0,"enemies":"Book of Stabbing","floor":24.0,"turns":5.0},{"damage":8.0,"enemies":"Gremlin Leader","floor":27.0,"turns":6.0},{"damage":28.0,"enemies":"Masked Bandits","floor":28.0,"turns":5.0},{"damage":15.0,"enemies":"Snake Plant","floor":30.0,"turns":3.0},{"damage":8.0,"enemies":"Book of Stabbing","floor":31.0,"turns":4.0},{"damage":60.0,"enemies":"Champ","floor":33.0,"turns":11.0},{"damage":33.0,"enemies":"3 Darklings","floor":35.0,"turns":5.0},{"damage":1.0,"enemies":"3 Shapes","floor":37.0,"turns":3.0},{"damage":20.0,"enemies":"3 Darklings","floor":38.0,"turns":6.0},{"damage":52.0,"enemies":"Reptomancer","floor":40.0,"turns":6.0},{"damage":84.0,"enemies":"Giant Head","floor":46.0,"turns":10.0},{"damage":15.0,"enemies":"Jaw Worm Horde","floor":47.0,"turns":4.0},{"damage":25.0,"enemies":"Maw","floor":48.0,"turns":6.0},{"damage":62,"enemies":"Time Eater","floor":50,"turns":13}],"seed_played":"-8299086353879688434","potions_obtained":[{"floor":1.0,"key":"GamblersBrew"},{"floor":12.0,"key":"FearPotion"},{"floor":20.0,"key":"Explosive Potion"},{"floor":24.0,"key":"DistilledChaos"},{"floor":27.0,"key":"FearPotion"},{"floor":28.0,"key":"Dexterity Potion"},{"floor":30.0,"key":"PowerPotion"},{"floor":31.0,"key":"Weak Potion"},{"floor":33.0,"key":"FearPotion"},{"floor":35.0,"key":"Weak Potion"},{"floor":38.0,"key":"Strength Potion"},{"floor":40.0,"key":"PowerPotion"},{"floor":46.0,"key":"GamblersBrew"},{"floor":47.0,"key":"Ancient Potion"},{"floor":48.0,"key":"SteroidPotion"}],"is_trial":false,"path_per_floor":["M","$","?","?","?","R","E","?","T","E","$","M","M","T","R","B",null,"M","M","M","?","?","R","E","R","T","E","?","R","M","E","R","B",null,"M","$","M","M","?","E","?","R","T","$","?","E","M","M","R","B",null],"character_chosen":"DEFECT","items_purchased":["Defragment","Coolheaded","PowerPotion","Lee\u0027s Waffle","Rainbow","Strawberry"],"campfire_rested":6,"item_purchase_floors":[2,11,11,36,36,36],"current_hp_per_floor":[75,75,64,64,49,49,49,42,42,42,42,37,43,43,43,24,75,51,40,41,27,27,51,35,59,59,58,37,61,53,52,76,16,80,54,94,93,80,80,35,35,63,63,63,63,54,46,35,63,1],"gold":297,"neow_bonus":"THREE_ENEMY_KILL","is_daily":false,"chose_seed":false,"campfire_upgraded":2,"win_rate":0.0,"timestamp":1610009461,"path_taken":["M","$","?","?","?","R","E","?","T","E","?","?","M","?","R","BOSS","M","M","M","?","?","R","E","R","T","E","?","R","M","E","R","BOSS","M","$","M","M","?","E","?","R","T","$","?","E","M","M","R","BOSS"],"items_purchased_type":["Card","Card","Potion","Relic","Card","Relic"],"build_version":"2020-12-22","purchased_purges":1,"victory":true,"max_hp_per_floor":[75,75,75,75,75,75,75,75,75,75,75,75,75,75,75,75,75,75,75,75,80,80,80,80,80,80,80,80,80,80,80,80,80,80,80,94,94,94,94,94,94,94,94,94,94,94,94,94,94,94],"card_choices":[{"not_picked":["Undo","Hologram"],"picked":"Leap","floor":1.0},{"not_picked":["Consume","Beam Cell"],"picked":"Ball Lightning","floor":7.0},{"not_picked":["Chill","Gash"],"picked":"Ball Lightning","floor":10.0},{"not_picked":["Genetic Algorithm","Gash"],"picked":"Self Repair","floor":12.0},{"not_picked":["Scrape","Streamline","Rip and Tear"],"picked":"SKIP","floor":13.0},{"not_picked":["Reprogram","Force Field"],"picked":"Loop","floor":18.0},{"not_picked":["Stack","Consume+1","Go for the Eyes"],"picked":"SKIP","floor":19.0},{"not_picked":["Reinforced Body","Rebound","Streamline"],"picked":"SKIP","floor":20.0},{"not_picked":["Reprogram","Go for the Eyes"],"picked":"Coolheaded","floor":24.0},{"not_picked":["Rebound","Core Surge","Coolheaded","Hologram"],"picked":"SKIP","floor":27.0},{"not_picked":["Capacitor","Auto Shields","Barrage+1"],"picked":"Defragment","floor":30.0},{"not_picked":["Blizzard+1","Undo","Turbo","Buffer"],"picked":"SKIP","floor":31.0},{"not_picked":["Double Energy","Ball Lightning","Sweeping Beam+1"],"picked":"Melter+1","floor":35.0},{"not_picked":["Steam+1","Ball Lightning+1","Sweeping Beam+1"],"picked":"Lockon+1","floor":37.0},{"not_picked":["Barrage","Rebound","Core Surge","Compile Driver"],"picked":"SKIP","floor":38.0},{"not_picked":["Hologram+1","Steam+1","Cold Snap"],"picked":"Conserve Battery+1","floor":40.0},{"not_picked":["Conserve Battery+1","Turbo","Coolheaded+1"],"picked":"White Noise+1","floor":46.0},{"not_picked":["Genetic Algorithm+1","Hello World","Doom and Gloom+1"],"picked":"Auto Shields","floor":47.0},{"not_picked":["Turbo","Ball Lightning+1","Auto Shields","Amplify"],"picked":"SKIP","floor":48.0}],"player_experience":388079,"relics_obtained":[{"floor":7.0,"key":"Mummified Hand"},{"floor":9.0,"key":"Bag of Marbles"},{"floor":10.0,"key":"White Beast Statue"},{"floor":14.0,"key":"Omamori"},{"floor":24.0,"key":"Question Card"},{"floor":26.0,"key":"Mercury Hourglass"},{"floor":27.0,"key":"Happy Flower"},{"floor":28.0,"key":"Red Mask"},{"floor":31.0,"key":"Juzu Bracelet"},{"floor":40.0,"key":"Potion Belt"},{"floor":40.0,"key":"Darkstone Periapt"},{"floor":43.0,"key":"Lizard Tail"},{"floor":46.0,"key":"Shuriken"},{"floor":46.0,"key":"Lantern"}],"event_choices":[{"damage_healed":0.0,"max_hp_gain":0.0,"max_hp_loss":0.0,"gold_gain":75.0,"event_name":"World of Goop","player_choice":"Gather Gold","floor":3.0,"gold_loss":0.0,"damage_taken":11.0},{"cards_removed":["Strike_B"],"damage_healed":0.0,"max_hp_gain":0.0,"max_hp_loss":0.0,"gold_gain":0.0,"event_name":"The Cleric","player_choice":"Card Removal","floor":4.0,"gold_loss":50.0,"damage_taken":0.0},{"damage_healed":0.0,"max_hp_gain":0.0,"max_hp_loss":0.0,"gold_gain":0.0,"event_name":"Shining Light","player_choice":"Entered Light","floor":5.0,"gold_loss":0.0,"damage_taken":15.0,"cards_upgraded":["Defend_B","Strike_B"]},{"cards_removed":["Strike_B"],"damage_healed":0.0,"max_hp_gain":0.0,"max_hp_loss":0.0,"gold_gain":0.0,"event_name":"Golden Wing","player_choice":"Card Removal","floor":8.0,"gold_loss":0.0,"damage_taken":7.0},{"damage_healed":0.0,"max_hp_gain":5.0,"max_hp_loss":0.0,"gold_gain":0.0,"event_name":"Forgotten Altar","player_choice":"Shed Blood","floor":21.0,"gold_loss":0.0,"damage_taken":19.0},{"damage_healed":0.0,"max_hp_gain":0.0,"max_hp_loss":0.0,"gold_gain":0.0,"event_name":"Ghosts","player_choice":"Ignored","floor":22.0,"gold_loss":0.0,"damage_taken":0.0},{"damage_healed":0.0,"max_hp_gain":0.0,"max_hp_loss":0.0,"gold_gain":0.0,"event_name":"Masked Bandits","player_choice":"Fought Bandits","floor":28.0,"gold_loss":0.0,"damage_taken":0.0},{"cards_removed":["Loop"],"damage_healed":0.0,"max_hp_gain":0.0,"max_hp_loss":0.0,"gold_gain":0.0,"event_name":"Falling","player_choice":"Removed Power","floor":39.0,"gold_loss":0.0,"damage_taken":0.0},{"damage_healed":0.0,"max_hp_gain":0.0,"max_hp_loss":0.0,"gold_gain":0.0,"event_name":"SensoryStone","player_choice":"Memory 1","floor":41.0,"gold_loss":0.0,"damage_taken":0.0},{"damage_healed":0.0,"max_hp_gain":0.0,"max_hp_loss":0.0,"gold_gain":222.0,"event_name":"Tomb of Lord Red Mask","player_choice":"Wore Mask","floor":45.0,"gold_loss":0.0,"damage_taken":0.0}],"is_beta":false,"boss_relics":[{"not_picked":["Ectoplasm","Sozu"],"picked":"Nuclear Battery"},{"not_picked":["Busted Crown","Empty Cage"],"picked":"Black Star"}],"items_purged_floors":[44],"is_endless":false,"potions_floor_spawned":[1,12,13,16,18,19,20,24,27,28,30,31,33,35,37,38,40,46,47,48],"ascension_level":3}}