{"host":"dn6kke80v5f7isus","time":1610062738,"event":{"mods":["AchievementEnabler","Act Like it!","BaseMod","Colored Powertips","Custom Start","Defuse TimeMaze Blight","Downfall","Duelist Mod","Gremlin Skip","Highlight Path","Hubris","Infinite Spire","Minty Spire (QoL Compilation)","Rare Cards Sparkle","Replay The Spire","StSLib","Uncapped"],"gold_per_floor":[135,210,230,230,230,265,265,296,296,313,341,354,371,151,151,246,246,257,257,28,3,13,48,48,78,78,78,78],"floor_reached":27,"playtime":1366,"items_purged":["theDuelist:GravekeeperCurse","theDuelist:Sparks"],"score":359,"play_id":"684910f8-22b8-4297-be93-74b32b300aca","local_time":"20210107183858","is_ascension_mode":true,"campfire_choices":[{"data":"theDuelist:PoisonFangs","floor":7.0,"key":"SMITH"},{"data":"theDuelist:PoisonOldMan","floor":15,"key":"SMITH"},{"floor":24,"key":"REST"}],"circlet_count":0,"master_deck":["theDuelist:CastleWalls","theDuelist:CastleWalls","theDuelist:CrossSwordBeetle","theDuelist:EmpressMantis+1","theDuelist:InsectKnight+1","theDuelist:RazorLizard","theDuelist:RazorLizard","theDuelist:Sparks","theDuelist:Sparks","theDuelist:PotGreed","theDuelist:Invigoration","theDuelist:PoisonFangs+1","theDuelist:HunterSpider","theDuelist:CobraJar","theDuelist:PoisonOldMan+1","theDuelist:MotherSpider","theDuelist:Invigoration+1","theDuelist:Zektahawk","ReplayTheSpireMod:Private Reserves+1","theDuelist:GroundSpider","theDuelist:GroundSpider","theDuelist:KarakuriSpider","theDuelist:BirdParadise","theDuelist:Zektahawk","ReplayTheSpireMod:Restless Dread"],"relics":["theDuelist:MillenniumPuzzle","theDuelist:CardPoolRelic","theDuelist:CardPoolBasicRelic","theDuelist:BoosterPackPoolRelic","theDuelist:CardPoolAddRelic","theDuelist:CardPoolMinusRelic","theDuelist:CardPoolSaveRelic","theDuelist:CardPoolOptionsRelic","NeowsBlessing","theDuelist:MillenniumRod","Paper Frog","Pet Ghost","Potion Belt","theDuelist:SummonAnchorRare","Whetstone","Cursed Key","theDuelist:ElectricBurst","Anchor","War Paint"],"acts_visited":["Exordium","TheCity"],"potions_floor_usage":[18],"damage_taken":[{"damage":0.0,"enemies":"Small Slimes","floor":1.0,"turns":1.0},{"damage":0.0,"enemies":"Jaw Worm","floor":3.0,"turns":1.0},{"damage":0.0,"enemies":"Lagavulin","floor":6.0,"turns":2.0},{"damage":14.0,"enemies":"Replay:BlueRogue","floor":8.0,"turns":5.0},{"damage":0.0,"enemies":"Cultist","floor":10.0,"turns":3.0},{"damage":36.0,"enemies":"3 Sentries","floor":11.0,"turns":6.0},{"damage":8.0,"enemies":"2 Fungi Beasts","floor":12.0,"turns":3.0},{"damage":10,"enemies":"Exordium Thugs","floor":13,"turns":2},{"damage":14,"enemies":"The Guardian","floor":16,"turns":8},{"damage":86,"enemies":"Spheric Guardian","floor":18,"turns":11},{"damage":10,"enemies":"Chosen","floor":22,"turns":4},{"damage":21,"enemies":"Nightmare","floor":23,"turns":6},{"damage":63,"enemies":"Book of Stabbing","floor":25,"turns":5},{"damage":0,"enemies":"3 Cultists","floor":27,"turns":1}],"seed_played":"-1737876329207640457","potions_obtained":[{"floor":3.0,"key":"theDuelist:SolderPotionB"},{"floor":6.0,"key":"Energy Potion"},{"floor":8.0,"key":"theDuelist:ExtraOrbsBottle"},{"floor":16,"key":"theDuelist:DestructPotionPot"},{"floor":22,"key":"theDuelist:WaterBottle"},{"floor":23,"key":"theDuelist:BigTributeBottle"}],"is_trial":false,"path_per_floor":["M","?","M","?","?","E","R","E","T","M","E","M","M","$","R","B",null,"M","?","$","$","M","NM","R","E","T","M"],"character_chosen":"THE_DUELIST","items_purchased":["Whetstone","ReplayTheSpireMod:Private Reserves","theDuelist:GroundSpider","theDuelist:KarakuriSpider"],"campfire_rested":1,"item_purchase_floors":[14,20,20,21],"current_hp_per_floor":[80,69,69,74,74,74,74,60,60,60,24,16,150,150,150,136,160,118,118,118,118,108,87,148,85,85,85,85],"gold":78,"neow_bonus":"THREE_ENEMY_KILL","is_daily":false,"chose_seed":false,"campfire_upgraded":2,"win_rate":0.0,"timestamp":1610062738,"path_taken":["M","?","M","?","?","E","R","E","T","M","E","M","M","$","R","BOSS","M","?","?","$","M","NM","R","E","T","?"],"items_purchased_type":["Relic","Card","Card","Card"],"build_version":"2020-12-22","purchased_purges":2,"victory":false,"max_hp_per_floor":[80,80,80,85,85,85,85,85,85,85,85,85,160,160,160,160,160,204,204,204,204,204,204,204,204,204,204,204],"card_choices":[{"not_picked":["theDuelist:MudGolem","theDuelist:MudragonSwamp","theDuelist:Cloning","theDuelist:HeavyStorm"],"picked":"theDuelist:PotGreed","floor":1.0},{"not_picked":["theDuelist:JiraiGumo","theDuelist:MetalArmoredBug","theDuelist:ZefraMetaltron","theDuelist:BugEmergency"],"picked":"theDuelist:Invigoration","floor":3.0},{"not_picked":["theDuelist:Parasite","theDuelist:Forest","theDuelist:CorrosiveScales","theDuelist:Anteater"],"picked":"theDuelist:PoisonFangs","floor":6.0},{"not_picked":["theDuelist:InsectKnight","theDuelist:Gagagigo","theDuelist:ArmoredBee","theDuelist:DrillBug"],"picked":"theDuelist:HunterSpider","floor":8.0},{"not_picked":["theDuelist:HunterSpider","theDuelist:KarakuriSpider","theDuelist:DragonDowser","theDuelist:ReptiliannePoison","theDuelist:Lightserpent"],"picked":"SKIP","floor":10.0},{"not_picked":["theDuelist:ManEaterBug","theDuelist:ReptiliannePoison","theDuelist:MetalArmoredBug","theDuelist:MareMare"],"picked":"theDuelist:CobraJar","floor":11.0},{"not_picked":["theDuelist:Fissure","theDuelist:Invigoration","theDuelist:Forest","theDuelist:BugMatrix"],"picked":"theDuelist:PoisonOldMan","floor":12.0},{"not_picked":["theDuelist:FirestormProminence","theDuelist:ZefraMetaltron","theDuelist:RazorLizard","theDuelist:Invigoration"],"picked":"theDuelist:MotherSpider","floor":13},{"not_picked":["theDuelist:PoisonFangs","theDuelist:PoisonousWinds","theDuelist:CastleWalls","theDuelist:BugMatrix"],"picked":"theDuelist:Invigoration","floor":18},{"not_picked":["theDuelist:BigInsect","theDuelist:MareMare+1","theDuelist:InsectPrincess","theDuelist:Inzektron+1"],"picked":"theDuelist:BirdParadise","floor":22},{"not_picked":["theDuelist:ResonanceInsect","theDuelist:GigaMantis","theDuelist:Forest","theDuelist:Denglong"],"picked":"theDuelist:Zektahawk","floor":23},{"not_picked":["theDuelist:Forest","theDuelist:CorrosiveScales","theDuelist:BugMatrix","theDuelist:Anteater"],"picked":"SKIP","floor":25}],"player_experience":534929,"relics_obtained":[{"floor":6.0,"key":"Paper Frog"},{"floor":8.0,"key":"Pet Ghost"},{"floor":9.0,"key":"Potion Belt"},{"floor":11.0,"key":"theDuelist:SummonAnchorRare"},{"floor":23,"key":"theDuelist:ElectricBurst"},{"floor":25,"key":"Anchor"},{"floor":26,"key":"War Paint"}],"event_choices":[{"damage_healed":0.0,"max_hp_gain":0.0,"max_hp_loss":0.0,"gold_gain":75.0,"event_name":"World of Goop","player_choice":"Gather Gold","floor":2.0,"gold_loss":0.0,"damage_taken":11.0},{"damage_healed":0.0,"max_hp_gain":5.0,"max_hp_loss":0.0,"gold_gain":0.0,"event_name":"Big Fish","player_choice":"Donut","floor":4.0,"gold_loss":0.0,"damage_taken":0.0},{"damage_healed":0.0,"max_hp_gain":0.0,"max_hp_loss":0.0,"gold_gain":0.0,"event_name":"Millennium Items","player_choice":"Took item - Received: Millennium Rod","duelist":true,"floor":5.0,"gold_loss":0.0,"damage_taken":0.0},{"damage_healed":0,"gold_gain":0,"player_choice":"1 cards matched","damage_taken":0,"max_hp_gain":0,"max_hp_loss":0,"event_name":"Match and Keep!","floor":19,"gold_loss":0,"cards_obtained":["theDuelist:Zektahawk"]}],"is_beta":false,"boss_relics":[{"not_picked":["Inserter","hubris:BlackHole"],"picked":"Cursed Key"}],"items_purged_floors":[14,20],"is_endless":true,"potions_floor_spawned":[3,6,8,16,22,23],"killed_by":"3 Cultists","ascension_level":1}}