{"host":"bsqaowxr2lcqjse6","time":1610015976,"event":{"mods":["Act Like it!","Aspiration","BaseMod","Beaked The Cultist","Better Altar","Better Match","Better Third Choice","BetterRewards","Block Reminder","Colored Map","Colored Powertips","Conspire","DeckTracker","Downfall","Energized Spire","GifTheSpireLib","GungeonMod","Hubris","Hunter ??","Infinite Spire","Jorbs\u0027s Wanderer Trilogy","Minty Spire (QoL Compilation)","Rare Cards Sparkle","Relic Stats","Replay The Spire","Shade Mod","Shop Mod","Spicy Shops","StSLib","Stuff the Spire","Td1madao Mod","Transform Curses","Wandering Minibosses"],"gold_per_floor":[115,132,142,142,160,160,185,185,185,185,200,235,249,275,275,379,379,335,250,250,262,1015,1041,1058,1071,1071,1071,1082,1115,1115,246,246,366,366,408,408,451,500,546,546,609,460,486,547,547,600,659,719,719,719],"floor_reached":51,"playtime":2297,"items_purged":[],"score":1095,"play_id":"f0bcee04-c014-474c-94a6-b5b259ccb18f","local_time":"20210107213936","is_ascension_mode":true,"campfire_choices":[{"data":"beaked:Ceremony","floor":6,"key":"SMITH"},{"data":"beaked:WarriorSpirit","floor":8,"key":"SMITH"},{"floor":15,"key":"REST"},{"data":"Perfected Strike","floor":27,"key":"SMITH"},{"data":"beaked:BloodRitual","floor":30,"key":"SMITH"},{"data":"beaked:Ceremony","floor":32,"key":"SMITH"},{"data":"beaked:MachineEssence","floor":40,"key":"SMITH"},{"data":"beaked:Insight","floor":45,"key":"SMITH"},{"data":"beaked:BloodRitual","floor":49,"key":"SMITH"}],"circlet_count":0,"master_deck":["beaked:Strike_Y","beaked:Strike_Y","beaked:Strike_Y","beaked:Strike_Y","beaked:Strike_Y","beaked:Strike_Y+1","beaked:Defend_Y","beaked:Defend_Y","beaked:Defend_Y","beaked:Defend_Y","beaked:Ceremony+1","beaked:Ceremony+1","beaked:Ceremony","beaked:BraceForImpact","beaked:WarriorSpirit+1","Perfected Strike+1","Bullet Time","beaked:WarriorSpirit","beaked:BloodRitual+1","beaked:Insight+1","beaked:Evade","beaked:MachineEssence+1","beaked:BraceForImpact+1","beaked:BraceForImpact+1","beaked:BloodRitual+1"],"relics":["beaked:BlessedCoat","aspiration:Nostalgia","m_SnakeBloodCore","aspiration:FrozenJewel","Bottled Lightning","StuffTheSpire:GrapeVine","DemoMod:WhiteGuonStone","StuffTheSpire:Kangaroo","conspire:DecoderRing","Replay:Towering Pillar of Hats","wanderingMiniBosses:MasterThiefsPresence","beaked:ThroatLozenge","StuffTheSpire:PointBlank","Bottled Tornado","Singing Bowl","Sling","Tiny Chest","Replay:Baseball","HandDrill","infinitespire:EvilPickle","Orrery","MealTicket","aspiration:EmptySkull"],"acts_visited":["Exordium","TheCity","TheBeyond"],"potions_floor_usage":[7,16,33,33,33,44,48],"damage_taken":[{"damage":17,"enemies":"Small Slimes","floor":1,"turns":4},{"damage":18,"enemies":"Jaw Worm","floor":2,"turns":4},{"damage":15,"enemies":"Cultist","floor":3,"turns":4},{"damage":20,"enemies":"Exordium Wildlife","floor":5,"turns":5},{"damage":41,"enemies":"3 Sentries","floor":7,"turns":8},{"damage":4,"enemies":"2 Fungi Beasts","floor":11,"turns":3},{"damage":13,"enemies":"Gremlin Nob","floor":12,"turns":4},{"damage":15,"enemies":"Gremlin Gang","floor":13,"turns":5},{"damage":45,"enemies":"Lagavulin","floor":14,"turns":6},{"damage":22,"enemies":"Slime Boss","floor":16,"turns":9},{"damage":6,"enemies":"Chosen","floor":18,"turns":7},{"damage":6,"enemies":"Spheric Guardian","floor":21,"turns":3},{"damage":34,"enemies":"Centurion and Healer","floor":22,"turns":5},{"damage":33,"enemies":"Book of Stabbing","floor":23,"turns":5},{"damage":0,"enemies":"conspire:HollyBat","floor":24,"turns":4},{"damage":1,"enemies":"Snake Plant","floor":25,"turns":3},{"damage":15,"enemies":"Sentry and Sphere","floor":28,"turns":4},{"damage":11,"enemies":"Replay:Snechameleon","floor":29,"turns":3},{"damage":35,"enemies":"Pondfish","floor":33,"turns":5},{"damage":8,"enemies":"3 Darklings","floor":35,"turns":4},{"damage":2,"enemies":"Orb Walker","floor":37,"turns":2},{"damage":25,"enemies":"Sphere and 2 Shapes","floor":38,"turns":5},{"damage":23,"enemies":"Jaw Worm Horde","floor":39,"turns":3},{"damage":5,"enemies":"Giant Head","floor":41,"turns":5},{"damage":55,"enemies":"Reptomancer","floor":44,"turns":4},{"damage":76,"enemies":"4 Shapes","floor":46,"turns":8},{"damage":17,"enemies":"Spire Growth","floor":47,"turns":5},{"damage":10,"enemies":"3 Darklings","floor":48,"turns":9},{"damage":133,"enemies":"Awakened One","floor":50,"turns":10}],"seed_played":"-9163486807664970895","potions_obtained":[{"floor":1,"key":"BlessingOfTheForge"},{"floor":2,"key":"EssenceOfSteel"},{"floor":12,"key":"SneckoOil"},{"floor":13,"key":"PowerPotion"},{"floor":21,"key":"Explosive Potion"},{"floor":38,"key":"Weak Potion"}],"is_trial":false,"path_per_floor":["M","M","M","?","M","R","E","R","T","?","M","E","M","E","R","B",null,"M","?","?","M","M","E","M","M","T","R","M","E","R","$","R","B",null,"M","?","M","M","M","R","E","$","T","E","R","M","M","M","R","B",null],"character_chosen":"BEAKED_THE_CULTIST","items_purchased":["Singing Bowl","Sling","Tiny Chest","Replay:Baseball","HandDrill","Orrery"],"campfire_rested":1,"item_purchase_floors":[31,31,31,31,31,42],"current_hp_per_floor":[45,42,41,46,42,42,27,27,27,27,36,35,37,13,28,45,50,50,50,50,49,38,26,50,50,50,50,44,44,44,44,44,40,50,52,52,54,56,52,52,60,68,68,56,56,44,72,72,72,52],"gold":719,"neow_bonus":"NOSTALGIA","is_daily":false,"chose_seed":false,"campfire_upgraded":8,"win_rate":0.0,"timestamp":1610015976,"path_taken":["M","M","M","?","M","R","E","R","T","?","M","E","?","E","R","BOSS","M","?","?","M","M","E","?","M","T","R","M","E","R","?","R","BOSS","M","?","M","M","M","R","E","?","T","E","R","?","M","M","R","BOSS"],"items_purchased_type":["Relic","Relic","Relic","Relic","Relic","Relic"],"build_version":"2020-12-22","purchased_purges":0,"victory":true,"max_hp_per_floor":[50,50,50,50,50,50,50,50,50,50,50,50,50,50,50,50,50,50,50,50,50,50,50,50,50,50,50,50,50,50,50,50,50,50,52,52,54,56,58,58,60,68,68,68,68,70,72,72,72,72],"relic_stats":{"Singing Bowl":22,"counters":[29,146],"Tiny Chest":0,"MealTicket":0,"HandDrill":[14],"obtain_stats":[{"Singing Bowl":31,"DemoMod:GlassGuonStoneRelic":1,"StuffTheSpire:GrapeVine":12,"DemoMod:WhiteGuonStone":14,"Bottled Tornado":29,"Sling":31,"beaked:BlessedCoat":34,"m_SnakeBloodCore":0,"conspire:DecoderRing":19,"Tiny Chest":31,"MealTicket":43,"HandDrill":31,"beaked:ThroatLozenge":23,"Replay:Towering Pillar of Hats":20,"aspiration:Nostalgia":0,"wanderingMiniBosses:MasterThiefsPresence":22,"aspiration:FrozenJewel":7,"infinitespire:EvilPickle":33,"Replay:Baseball":31,"aspiration:EmptySkull":44,"Orrery":42,"StuffTheSpire:Kangaroo":17,"StuffTheSpire:PointBlank":26,"Bottled Lightning":9,"beaked:MendingPlumage":0},{"Singing Bowl":18,"DemoMod:GlassGuonStoneRelic":1,"StuffTheSpire:GrapeVine":7,"DemoMod:WhiteGuonStone":9,"Bottled Tornado":18,"Sling":18,"beaked:BlessedCoat":19,"m_SnakeBloodCore":0,"conspire:DecoderRing":11,"Tiny Chest":18,"MealTicket":24,"HandDrill":18,"beaked:ThroatLozenge":14,"Replay:Towering Pillar of Hats":11,"aspiration:Nostalgia":0,"wanderingMiniBosses:MasterThiefsPresence":13,"aspiration:FrozenJewel":5,"infinitespire:EvilPickle":19,"Replay:Baseball":18,"aspiration:EmptySkull":25,"Orrery":24,"StuffTheSpire:Kangaroo":10,"StuffTheSpire:PointBlank":16,"Bottled Lightning":5,"beaked:MendingPlumage":0},{"Singing Bowl":86,"DemoMod:GlassGuonStoneRelic":4,"StuffTheSpire:GrapeVine":32,"DemoMod:WhiteGuonStone":43,"Bottled Tornado":86,"Sling":86,"beaked:BlessedCoat":91,"m_SnakeBloodCore":0,"conspire:DecoderRing":59,"Tiny Chest":86,"MealTicket":110,"HandDrill":86,"beaked:ThroatLozenge":72,"Replay:Towering Pillar of Hats":59,"aspiration:Nostalgia":0,"wanderingMiniBosses:MasterThiefsPresence":67,"aspiration:FrozenJewel":25,"infinitespire:EvilPickle":91,"Replay:Baseball":86,"aspiration:EmptySkull":114,"Orrery":110,"StuffTheSpire:Kangaroo":52,"StuffTheSpire:PointBlank":79,"Bottled Lightning":25,"beaked:MendingPlumage":0}]},"card_choices":[{"not_picked":["beaked:VigorBurst","Reprogram","Dagger Throw"],"picked":"SKIP","floor":1},{"not_picked":["beaked:Cower","Recycle","beaked:Molting"],"picked":"SKIP","floor":2},{"not_picked":["beaked:Windmill","ReplayTheSpireMod:LeadingStrike","beaked:Poke"],"picked":"SKIP","floor":3},{"not_picked":["beaked:RitualOfBody","beaked:Brace"],"picked":"beaked:BraceForImpact","floor":5},{"not_picked":["beaked:Daydream","beaked:Poke"],"picked":"beaked:WarriorSpirit","floor":7},{"not_picked":["beaked:Insight","beaked:CursingBlood"],"picked":"Perfected Strike","floor":11},{"not_picked":["beaked:Evade","Dual Wield"],"picked":"Bullet Time","floor":12},{"not_picked":["beaked:VigorBurst","beaked:Daydream","beaked:WarriorEssence"],"picked":"SKIP","floor":13},{"not_picked":["beaked:TuckingFeathers","beaked:BarbedWire","Night Terror"],"picked":"SKIP","floor":14},{"not_picked":["beaked:Tweet","beaked:Cower"],"picked":"beaked:WarriorSpirit","floor":18},{"not_picked":["beaked:Foresight","ReplayTheSpireMod:RavenHex"],"picked":"beaked:BloodRitual","floor":21},{"not_picked":["beaked:StickSmack+1","beaked:RuinSticks"],"picked":"beaked:Insight","floor":22},{"not_picked":["beaked:WarriorEssence+1","beaked:Resilience+1"],"picked":"beaked:Evade","floor":23},{"not_picked":["beaked:Daydream","beaked:MimicMachine+1","beaked:HuntressSpirit"],"picked":"SKIP","floor":24},{"not_picked":["beaked:TuckingFeathers","beaked:Overpower","beaked:BounceBack"],"picked":"SKIP","floor":25},{"not_picked":["beaked:CheekyTricks","beaked:DigDeep","ReplayTheSpireMod:Prepare the Ceremony+1"],"picked":"SKIP","floor":28},{"not_picked":["ReplayTheSpireMod:Wings of Steel+1","beaked:Struggle","beaked:Cower"],"picked":"SKIP","floor":29},{"not_picked":["beaked:DarkTribute","beaked:Brainwash"],"picked":"beaked:MachineEssence","floor":33},{"not_picked":["beaked:Foresight+1","beaked:WarriorSpirit","beaked:Replenish+1"],"picked":"Singing Bowl","floor":35},{"not_picked":["beaked:Negation+1","beaked:Tweet","beaked:MachineSpirit"],"picked":"Singing Bowl","floor":37},{"not_picked":["beaked:WarriorSpirit+1","beaked:StunningBlow+1","beaked:Evade+1"],"picked":"Singing Bowl","floor":38},{"not_picked":["beaked:Flinch+1","beaked:Sacrifice","beaked:SurvivalInstinct+1"],"picked":"Singing Bowl","floor":39},{"not_picked":["beaked:MimicWarrior+1","beaked:MimicMachine","beaked:SacrificialScars"],"picked":"Singing Bowl","floor":41},{"not_picked":["beaked:Caw","beaked:Redirect+1","ReplayTheSpireMod:RavenHex"],"picked":"Singing Bowl","floor":42},{"not_picked":["beaked:Overpower+1","beaked:Cower","beaked:CheekyTricks"],"picked":"Singing Bowl","floor":42},{"not_picked":["beaked:CursingBlood","beaked:Tradeoff","beaked:Brace"],"picked":"Singing Bowl","floor":42},{"not_picked":["beaked:RuinSticks+1","beaked:Mantra","beaked:Recite+1"],"picked":"Singing Bowl","floor":42},{"not_picked":["beaked:SurvivalInstinct+1","beaked:Resilience"],"picked":"beaked:BraceForImpact+1","floor":42},{"not_picked":["beaked:Tradeoff+1","beaked:Devastation+1"],"picked":"beaked:BraceForImpact+1","floor":44},{"not_picked":["beaked:TuckingFeathers+1","beaked:DigDeep+1","beaked:MimicHuntress"],"picked":"Singing Bowl","floor":46},{"not_picked":["beaked:Windmill","beaked:CursingBlood+1","beaked:FullHouse"],"picked":"Singing Bowl","floor":47},{"not_picked":["beaked:FeelMyPain","beaked:BarbedWire"],"picked":"beaked:BloodRitual","floor":48}],"player_experience":622170,"relics_obtained":[{"floor":7,"key":"aspiration:FrozenJewel"},{"floor":9,"key":"Bottled Lightning"},{"floor":12,"key":"StuffTheSpire:GrapeVine"},{"floor":14,"key":"DemoMod:WhiteGuonStone"},{"floor":22,"key":"wanderingMiniBosses:MasterThiefsPresence"},{"floor":23,"key":"beaked:ThroatLozenge"},{"floor":26,"key":"StuffTheSpire:PointBlank"},{"floor":29,"key":"Bottled Tornado"},{"floor":43,"key":"MealTicket"},{"floor":44,"key":"aspiration:EmptySkull"}],"event_choices":[{"damage_healed":0,"gold_gain":0,"player_choice":"Forge","damage_taken":0,"max_hp_gain":0,"max_hp_loss":0,"event_name":"Accursed Blacksmith","floor":10,"gold_loss":0,"cards_upgraded":["beaked:Strike_Y"]},{"damage_healed":0,"gold_gain":0,"player_choice":"Obtained Relic","damage_taken":0,"relics_obtained":["conspire:DecoderRing"],"max_hp_gain":0,"max_hp_loss":0,"event_name":"Addict","floor":19,"gold_loss":85},{"damage_healed":0,"gold_gain":0,"player_choice":"Gave Potion","damage_taken":0,"relics_obtained":["Replay:Towering Pillar of Hats"],"max_hp_gain":0,"max_hp_loss":0,"event_name":"WeMeetAgain","floor":20,"gold_loss":0},{"damage_healed":0,"gold_gain":0,"player_choice":"Bought 0 Potions","damage_taken":0,"max_hp_gain":0,"max_hp_loss":0,"event_name":"The Woman in Blue","floor":36,"gold_loss":0}],"is_beta":false,"boss_relics":[{"not_picked":["Astrolabe","Tiny House"],"picked":"StuffTheSpire:Kangaroo"},{"not_picked":["hubris:ScarierMask","Replay:Ancient Bell"],"picked":"beaked:BlessedCoat"}],"items_purged_floors":[],"is_endless":false,"potions_floor_spawned":[1,2,12,13,14,18,21,24,28,35,38,39,46],"ascension_level":1}}