{"host":"k85tjwrh7mjrrc9a","time":1610056099,"event":{"mods":["AchievementEnabler","BaseMod","Colored Powertips","Highlight Path","Minty Spire (QoL Compilation)","Rare Cards Sparkle","StSLib"],"gold_per_floor":[116,191,113,130,130,158,158,158,158,104,134,134,148,192,192,315,315,315,315,315,315,315,315,315,315,315,315,315,315,315,315,315,315,315,315,315,315],"floor_reached":36,"playtime":1901,"items_purged":[],"score":701,"play_id":"d15a7007-2e6c-48bc-aac8-62605473e057","local_time":"20210107164819","is_ascension_mode":true,"campfire_choices":[{"data":"Evolve","floor":7.0,"key":"SMITH"},{"data":"Armaments","floor":15.0,"key":"SMITH"},{"data":"Bash","floor":23,"key":"SMITH"},{"data":"Limit Break","floor":25,"key":"SMITH"},{"data":"Heavy Blade","floor":28,"key":"SMITH"},{"data":"Battle Trance","floor":30,"key":"SMITH"},{"data":"Pommel Strike","floor":32,"key":"SMITH"}],"circlet_count":0,"master_deck":["Strike_R+1","Strike_R+1","Strike_R+1","Strike_R+1","Strike_R+1","Defend_R+1","Defend_R+1","Defend_R+1","Defend_R+1","Bash+1","Shrug It Off","Evolve+1","Pommel Strike+1","Limit Break+1","Cleave","Pommel Strike+1","Injury","Armaments+1","Reaper","Heavy Blade+1","Shrug It Off","Battle Trance+1","Shrug It Off+1","Heavy Blade"],"relics":["Burning Blood","NeowsBlessing","Bag of Marbles","Turnip","Strawberry","Pear","Golden Idol","Red Skull","Ectoplasm","HornCleat","InkBottle","Smiling Mask","Tiny House"],"acts_visited":["Exordium","TheCity","TheBeyond"],"potions_floor_usage":[16,24,24,33,35],"damage_taken":[{"damage":0.0,"enemies":"Small Slimes","floor":1.0,"turns":1.0},{"damage":0.0,"enemies":"Jaw Worm","floor":4.0,"turns":1.0},{"damage":0.0,"enemies":"Gremlin Nob","floor":6.0,"turns":1.0},{"damage":29.0,"enemies":"3 Sentries","floor":11.0,"turns":7.0},{"damage":0.0,"enemies":"2 Louse","floor":13.0,"turns":1.0},{"damage":37.0,"enemies":"Gremlin Nob","floor":14.0,"turns":5.0},{"damage":39,"enemies":"Hexaghost","floor":16,"turns":7},{"damage":14,"enemies":"3 Byrds","floor":18,"turns":6},{"damage":17,"enemies":"Spheric Guardian","floor":20,"turns":4},{"damage":59,"enemies":"Gremlin Leader","floor":24,"turns":9},{"damage":2,"enemies":"3 Cultists","floor":27,"turns":4},{"damage":34,"enemies":"Slavers","floor":29,"turns":3},{"damage":17,"enemies":"Cultist and Chosen","floor":31,"turns":8},{"damage":42,"enemies":"Champ","floor":33,"turns":9},{"damage":40,"enemies":"3 Darklings","floor":35,"turns":6},{"damage":84,"enemies":"2 Orb Walkers","floor":36,"turns":4}],"seed_played":"-5832260267720640218","potions_obtained":[{"floor":6.0,"key":"Strength Potion"},{"floor":11.0,"key":"Weak Potion"},{"floor":13.0,"key":"ElixirPotion"},{"floor":20,"key":"SteroidPotion"},{"floor":31,"key":"Energy Potion"},{"floor":33,"key":"FearPotion"},{"floor":34,"key":"SmokeBomb"}],"is_trial":false,"path_per_floor":["M","?","$","M","?","E","R","T","T","$","E","?","M","E","R","B",null,"M","?","M","?","$","R","E","R","T","M","R","E","R","M","R","B",null,"M","?"],"character_chosen":"IRONCLAD","items_purchased":["Evolve","Cleave"],"campfire_rested":0,"item_purchase_floors":[3,10],"current_hp_per_floor":[78,67,67,73,73,79,79,79,86,86,73,73,79,48,48,15,77,77,77,66,66,66,66,43,43,43,47,47,64,64,63,63,27,85,68,0,0],"gold":315,"neow_bonus":"THREE_ENEMY_KILL","is_daily":false,"chose_seed":false,"campfire_upgraded":7,"win_rate":0.0,"timestamp":1610056099,"path_taken":["M","?","$","M","?","E","R","?","T","$","E","?","M","E","R","BOSS","M","?","M","?","$","R","E","R","T","M","R","E","R","M","R","BOSS","M","?"],"items_purchased_type":["Card","Card"],"build_version":"2020-12-22","purchased_purges":0,"victory":false,"max_hp_per_floor":[80,80,80,80,80,80,80,80,87,87,97,97,97,97,97,97,97,97,97,97,97,97,97,97,97,97,97,97,97,97,97,97,97,102,102,102,102],"card_choices":[{"not_picked":["Bloodletting","Thunderclap"],"picked":"Shrug It Off","floor":1.0},{"not_picked":["Warcry","Iron Wave"],"picked":"Pommel Strike","floor":4.0},{"not_picked":["True Grit","Exhume"],"picked":"Limit Break","floor":6.0},{"not_picked":["Ghostly Armor","Fire Breathing"],"picked":"Pommel Strike","floor":11.0},{"not_picked":["Blood for Blood","Feel No Pain"],"picked":"Armaments","floor":13.0},{"not_picked":["Headbutt","Bloodletting","Fire Breathing"],"picked":"SKIP","floor":14.0},{"not_picked":["Juggernaut","Barricade"],"picked":"Reaper","floor":16},{"not_picked":["Sword Boomerang+1","Clothesline"],"picked":"Heavy Blade","floor":18},{"not_picked":["Evolve+1","Combust+1","Warcry"],"picked":"SKIP","floor":20},{"not_picked":["Warcry","Disarm"],"picked":"Shrug It Off","floor":24},{"not_picked":["Fire Breathing","Sentinel","Iron Wave"],"picked":"SKIP","floor":27},{"not_picked":["Thunderclap","Flame Barrier"],"picked":"Battle Trance","floor":29},{"not_picked":["Bloodletting","Battle Trance"],"picked":"Shrug It Off+1","floor":31},{"not_picked":["Sword Boomerang","Body Slam"],"picked":"Heavy Blade","floor":34},{"not_picked":["Shrug It Off","Headbutt+1","Corruption"],"picked":"SKIP","floor":35}],"player_experience":163505,"relics_obtained":[{"floor":6.0,"key":"Bag of Marbles"},{"floor":8.0,"key":"Turnip"},{"floor":9.0,"key":"Strawberry"},{"floor":11.0,"key":"Pear"},{"floor":14.0,"key":"Red Skull"},{"floor":24,"key":"HornCleat"},{"floor":26,"key":"InkBottle"},{"floor":29,"key":"Smiling Mask"}],"event_choices":[{"damage_healed":0.0,"max_hp_gain":0.0,"max_hp_loss":0.0,"gold_gain":75.0,"event_name":"World of Goop","player_choice":"Gather Gold","floor":2.0,"gold_loss":0.0,"damage_taken":11.0},{"damage_healed":0.0,"max_hp_gain":0.0,"max_hp_loss":0.0,"gold_gain":0.0,"event_name":"The Cleric","player_choice":"Leave","floor":5.0,"gold_loss":0.0,"damage_taken":0.0},{"damage_healed":0.0,"max_hp_gain":0.0,"max_hp_loss":0.0,"gold_gain":0.0,"event_name":"Golden Idol","player_choice":"Take Wound","floor":12.0,"gold_loss":0.0,"damage_taken":0.0,"relics_obtained":["Golden Idol"],"cards_obtained":["Injury"]},{"damage_healed":0,"gold_gain":0,"player_choice":"Simplicity","damage_taken":0,"max_hp_gain":0,"max_hp_loss":0,"event_name":"Back to Basics","floor":19,"gold_loss":0,"cards_upgraded":["Strike_R","Strike_R","Strike_R","Strike_R","Strike_R","Defend_R","Defend_R","Defend_R","Defend_R"]},{"damage_healed":0,"gold_gain":0,"player_choice":"Ignored","damage_taken":0,"max_hp_gain":0,"max_hp_loss":0,"event_name":"Ghosts","floor":21,"gold_loss":0},{"damage_healed":0,"gold_gain":0,"player_choice":"Fight","damage_taken":0,"max_hp_gain":0,"max_hp_loss":0,"event_name":"Mysterious Sphere","floor":36,"gold_loss":0}],"is_beta":false,"boss_relics":[{"not_picked":["Empty Cage","Black Star"],"picked":"Ectoplasm"},{"not_picked":["Snecko Eye","SacredBark"],"picked":"Tiny House"}],"items_purged_floors":[],"is_endless":false,"potions_floor_spawned":[6,11,13,20,31,33],"killed_by":"2 Orb Walkers","ascension_level":9}}