{"host":"j4g6ia6asvpyu2b0","time":1610045744,"event":{"mods":["BaseMod","Colored Map","Minty Spire (QoL Compilation)","Permanent Neow","Quick Restart","Relic Stats","StSLib","Unceasing Turn Reminder"],"gold_per_floor":[411,411,411,106,180,180,216,216,216,259,44,69,103,128,128,252,252,265,22,36,56,74,112,1,42,66,106,106,121,121,71,71,200,200,223,223,223,238,238,272,272,272,272,286,310,335,379,206,206,206,206,206,10,51,51],"floor_reached":56,"playtime":1980,"items_purged":["Strike_B","Fusion+1"],"score":1918,"play_id":"f197e75c-ae92-403c-947f-cc4993837aa1","local_time":"20210107115544","is_ascension_mode":true,"campfire_choices":[{"data":"Loop","floor":6.0,"key":"SMITH"},{"floor":8.0,"key":"REST"},{"data":"Defragment","floor":15,"key":"SMITH"},{"floor":28,"key":"REST"},{"floor":30,"key":"RECALL"},{"data":"Storm","floor":32,"key":"SMITH"},{"data":"Capacitor","floor":41,"key":"SMITH"},{"data":"Noxious Fumes","floor":49,"key":"SMITH"},{"data":"Dualcast","floor":52,"key":"SMITH"}],"circlet_count":0,"master_deck":["Zap+1","Dualcast+1","Chill","Loop+1","Compile Driver","Conserve Battery+1","Defragment+1","Coolheaded+1","Die Die Die","Malaise+1","Fusion+1","Capacitor+1","Secret Weapon+1","Chaos+1","Turbo+1","FTL","Amplify+1","Ball Lightning","Tempest+1","Aggregate+1","Cold Snap","Outmaneuver+1","Apotheosis+1","Storm+1","Glacier+1","Body Slam+1","Noxious Fumes+1","PiercingWail+1","Evolve","Shockwave+1","Self Repair","Skim+1","Flame Barrier+1","Jack Of All Trades+1","Tempest+1","Juggernaut+1","Impatience+1","Biased Cognition+1","Scrawl+1","Dark Embrace+1","Body Slam+1","Quick Slash","Leg Sweep+1","Escape Plan+1","Chill+1","Amplify+1","Storm+1","Storm+1","Hologram+1","Well Laid Plans+1"],"relics":["Cracked Core","Old Coin","Golden Idol","Membership Card","Mummified Hand","Toxic Egg 2","TungstenRod","Prayer Wheel","CaptainsWheel","PrismaticShard","Sundial","Pandora\u0027s Box","ClockworkSouvenir","Gremlin Horn","PreservedInsect","Tiny Chest","Toy Ornithopter","Frozen Egg 2","Coffee Dripper","Cables","Vajra","Ancient Tea Set","Anchor","Medical Kit","Bag of Preparation","Shuriken"],"acts_visited":["Exordium","TheCity","TheBeyond","TheEnding"],"potions_floor_usage":[18,40,55],"damage_taken":[{"damage":1.0,"enemies":"Cultist","floor":1.0,"turns":3.0},{"damage":13.0,"enemies":"Lagavulin","floor":7.0,"turns":8.0},{"damage":18.0,"enemies":"Gremlin Nob","floor":10.0,"turns":4.0},{"damage":1.0,"enemies":"Jaw Worm","floor":12.0,"turns":2.0},{"damage":10.0,"enemies":"3 Sentries","floor":13.0,"turns":6.0},{"damage":0.0,"enemies":"2 Louse","floor":14.0,"turns":1.0},{"damage":0,"enemies":"Hexaghost","floor":16,"turns":12},{"damage":0,"enemies":"3 Byrds","floor":18,"turns":2},{"damage":11,"enemies":"Shell Parasite","floor":20,"turns":3},{"damage":3,"enemies":"Centurion and Healer","floor":21,"turns":3},{"damage":0,"enemies":"Snecko","floor":22,"turns":5},{"damage":9,"enemies":"Slavers","floor":23,"turns":5},{"damage":12,"enemies":"Gremlin Leader","floor":25,"turns":3},{"damage":11,"enemies":"Book of Stabbing","floor":27,"turns":3},{"damage":0,"enemies":"Snake Plant","floor":29,"turns":3},{"damage":11,"enemies":"Collector","floor":33,"turns":6},{"damage":0,"enemies":"3 Shapes","floor":35,"turns":4},{"damage":1,"enemies":"3 Darklings","floor":38,"turns":3},{"damage":0,"enemies":"Reptomancer","floor":40,"turns":2},{"damage":0,"enemies":"Sphere and 2 Shapes","floor":44,"turns":2},{"damage":0,"enemies":"Spire Growth","floor":45,"turns":3},{"damage":15,"enemies":"4 Shapes","floor":46,"turns":3},{"damage":12,"enemies":"Nemesis","floor":47,"turns":3},{"damage":9,"enemies":"Donu and Deca","floor":50,"turns":3},{"damage":33,"enemies":"Shield and Spear","floor":54,"turns":4},{"damage":0,"enemies":"The Heart","floor":55,"turns":4}],"seed_played":"235929143724846414","potions_obtained":[{"floor":13.0,"key":"Dexterity Potion"},{"floor":16,"key":"LiquidBronze"},{"floor":21,"key":"Fire Potion"},{"floor":27,"key":"AttackPotion"},{"floor":38,"key":"LiquidMemories"},{"floor":45,"key":"BlessingOfTheForge"}],"is_trial":false,"path_per_floor":["M","?","?","$","T","R","E","R","T","E","$","M","E","M","R","B",null,"M","$","M","M","M","E","$","E","T","E","R","M","R","$","R","B",null,"M","?","?","M","T","E","R","?","T","M","M","M","E","$","R","B",null,"R","$","E","B",null],"character_chosen":"DEFECT","items_purchased":["Membership Card","Mummified Hand","Loop","Defragment","PrismaticShard","Coolheaded+1","Fusion+1","FocusPotion","Apotheosis+1","ClockworkSouvenir","Storm","Glacier+1","PreservedInsect","Self Repair","Amplify+1","Storm+1","Anchor","Storm+1","Medical Kit","Bag of Preparation","Hologram+1"],"campfire_rested":2,"item_purchase_floors":[4,4,4,11,11,11,11,11,19,19,19,19,24,24,48,48,48,53,53,53,53],"current_hp_per_floor":[49,34,34,34,34,34,21,41,41,23,23,22,12,12,12,12,55,55,55,44,41,41,32,32,20,20,9,29,29,29,29,29,25,58,58,58,58,57,57,62,62,62,62,66,66,51,39,39,39,30,57,57,57,31,36],"gold":51,"neow_bonus":"ONE_RARE_RELIC","is_daily":false,"chose_seed":false,"campfire_upgraded":6,"win_rate":0.0,"timestamp":1610045744,"path_taken":["M","?","?","$","?","R","E","R","T","E","?","M","E","M","R","BOSS","M","?","M","M","M","E","$","E","T","E","R","M","R","$","R","BOSS","M","?","?","?","?","E","R","?","T","M","?","M","E","$","R","BOSS","R","$","E","BOSS"],"items_purchased_type":["Relic","Relic","Card","Card","Relic","Card","Card","Potion","Card","Relic","Card","Card","Relic","Card","Card","Card","Relic","Card","Relic","Relic","Card"],"build_version":"2020-12-22","purchased_purges":2,"victory":true,"max_hp_per_floor":[75,75,69,69,69,69,69,69,69,69,69,69,69,69,69,69,69,69,69,69,69,69,69,69,69,69,69,69,69,69,69,69,69,69,69,66,66,66,66,66,66,66,66,66,66,66,66,66,66,66,66,66,66,66,66],"relic_stats":{"Gremlin Horn":[18,18],"counters":[26,100],"Golden Idol":226,"PreservedInsect":258,"Bag of Preparation":[4],"Medical Kit":[1],"Cables":[17,13,4,0,0],"Mummified Hand":[126],"Sundial":[4],"Shuriken":[1],"Prayer Wheel":13,"Pandora\u0027s Box":["Chaos","Turbo","FTL","Amplify","Ball Lightning","Tempest","Aggregate"],"Tiny Chest":1,"obtain_stats":[{"Gremlin Horn":23,"Vajra":40,"Bag of Preparation":53,"PrismaticShard":11,"Ancient Tea Set":47,"Old Coin":0,"ClockworkSouvenir":19,"Mummified Hand":4,"Sundial":13,"Prayer Wheel":9,"Tiny Chest":25,"Toxic Egg 2":5,"Cracked Core":0,"Golden Idol":3,"PreservedInsect":24,"Frozen Egg 2":27,"Medical Kit":53,"Cables":39,"CaptainsWheel":10,"Anchor":48,"Shuriken":54,"Pandora\u0027s Box":17,"Coffee Dripper":34,"Membership Card":4,"TungstenRod":7,"Toy Ornithopter":26},{"Gremlin Horn":12,"Vajra":19,"Bag of Preparation":24,"PrismaticShard":3,"Ancient Tea Set":23,"Old Coin":0,"ClockworkSouvenir":8,"Mummified Hand":1,"Sundial":5,"Prayer Wheel":2,"Tiny Chest":13,"Toxic Egg 2":1,"Cracked Core":0,"Golden Idol":1,"PreservedInsect":12,"Frozen Egg 2":14,"Medical Kit":24,"Cables":18,"CaptainsWheel":3,"Anchor":23,"Shuriken":25,"Pandora\u0027s Box":7,"Coffee Dripper":16,"Membership Card":1,"TungstenRod":2,"Toy Ornithopter":13},{"Gremlin Horn":54,"Vajra":78,"Bag of Preparation":92,"PrismaticShard":15,"Ancient Tea Set":89,"Old Coin":0,"ClockworkSouvenir":38,"Mummified Hand":3,"Sundial":23,"Prayer Wheel":11,"Tiny Chest":57,"Toxic Egg 2":3,"Cracked Core":0,"Golden Idol":3,"PreservedInsect":54,"Frozen Egg 2":60,"Medical Kit":92,"Cables":76,"CaptainsWheel":15,"Anchor":89,"Shuriken":96,"Pandora\u0027s Box":36,"Coffee Dripper":69,"Membership Card":3,"TungstenRod":11,"Toy Ornithopter":57}],"TungstenRod":60,"Toy Ornithopter":10},"card_choices":[{"not_picked":["Sweeping Beam","Barrage"],"picked":"Chill","floor":1.0},{"not_picked":["Rebound","Streamline"],"picked":"Compile Driver","floor":7.0},{"not_picked":["Turbo+1","Blizzard"],"picked":"Conserve Battery+1","floor":10.0},{"not_picked":["Underhanded Strike","Anger"],"picked":"True Grit+1","floor":12.0},{"not_picked":["Pommel Strike","Dagger Spray"],"picked":"Die Die Die","floor":12.0},{"not_picked":["Sweeping Beam","Gash"],"picked":"Malaise+1","floor":13.0},{"not_picked":["Turbo+1","Reflex+1"],"picked":"Fusion+1","floor":14},{"not_picked":["Cold Snap","CrushJoints"],"picked":"Capacitor","floor":14},{"not_picked":["Reaper","Sadistic Nature"],"picked":"Secret Weapon+1","floor":16},{"not_picked":["Flex+1","Thunderclap"],"picked":"Cold Snap","floor":18},{"not_picked":["Dodge and Roll+1","Fasting2"],"picked":"Outmaneuver+1","floor":18},{"not_picked":["Warcry+1","Crescendo+1"],"picked":"Body Slam+1","floor":20},{"not_picked":["Rupture+1","SashWhip","Accuracy"],"picked":"SKIP","floor":20},{"not_picked":["Seeing Red+1","Quick Slash"],"picked":"Noxious Fumes","floor":21},{"not_picked":["Wild Strike","Sword Boomerang","Stack+1"],"picked":"SKIP","floor":21},{"not_picked":["Crescendo+1","Cloak And Dagger+1"],"picked":"PiercingWail+1","floor":22},{"not_picked":["Sever Soul","Wraith Form v2"],"picked":"Evolve","floor":22},{"not_picked":["Good Instincts+1","PiercingWail+1"],"picked":"Shockwave+1","floor":23},{"not_picked":["EmptyFist+1","White Noise+1"],"picked":"Skim+1","floor":25},{"not_picked":["PiercingWail+1","Wild Strike"],"picked":"Flame Barrier+1","floor":27},{"not_picked":["LikeWater+1","Outmaneuver+1"],"picked":"Jack Of All Trades+1","floor":29},{"not_picked":["Outmaneuver+1","Stack+1"],"picked":"Tempest+1","floor":29},{"not_picked":["Feed","Vault+1"],"picked":"Juggernaut+1","floor":33},{"not_picked":["JustLucky+1","MentalFortress+1"],"picked":"Impatience+1","floor":35},{"not_picked":["Anger","ForeignInfluence+1","Vengeance+1"],"picked":"SKIP","floor":35},{"not_picked":["Deadly Poison+1","Wild Strike+1","Crescendo+1"],"picked":"SKIP","floor":38},{"not_picked":["Halt+1","Dodge and Roll+1","Iron Wave"],"picked":"SKIP","floor":38},{"not_picked":["Ball Lightning","JustLucky+1","Underhanded Strike+1"],"picked":"SKIP","floor":40},{"not_picked":["Consecrate+1","Flying Knee+1"],"picked":"Scrawl+1","floor":44},{"not_picked":["SignatureMove+1","Wallop+1"],"picked":"Dark Embrace+1","floor":44},{"not_picked":["Infernal Blade+1","JustLucky+1"],"picked":"Body Slam+1","floor":45},{"not_picked":["Sucker Punch+1","Immolate"],"picked":"Quick Slash","floor":45},{"not_picked":["CutThroughFate","Underhanded Strike"],"picked":"Leg Sweep+1","floor":46},{"not_picked":["Riddle With Holes+1","Go for the Eyes"],"picked":"Escape Plan+1","floor":46},{"not_picked":["Barrage+1","Consecrate"],"picked":"Chill+1","floor":47},{"not_picked":["Barrage","Anger+1"],"picked":"Well Laid Plans+1","floor":54}],"player_experience":749864,"relics_obtained":[{"floor":5.0,"key":"Toxic Egg 2"},{"floor":7.0,"key":"TungstenRod"},{"floor":9.0,"key":"Prayer Wheel"},{"floor":10.0,"key":"CaptainsWheel"},{"floor":13.0,"key":"Sundial"},{"floor":23,"key":"Gremlin Horn"},{"floor":25,"key":"Tiny Chest"},{"floor":26,"key":"Toy Ornithopter"},{"floor":27,"key":"Frozen Egg 2"},{"floor":39,"key":"Cables"},{"floor":40,"key":"Vajra"},{"floor":47,"key":"Ancient Tea Set"},{"floor":54,"key":"Shuriken"}],"event_choices":[{"damage_healed":0.0,"max_hp_gain":0.0,"max_hp_loss":0.0,"gold_gain":0.0,"event_name":"Shining Light","player_choice":"Entered Light","floor":2.0,"gold_loss":0.0,"damage_taken":15.0,"cards_upgraded":["Zap","Defend_B"]},{"damage_healed":0.0,"max_hp_gain":0.0,"max_hp_loss":6.0,"gold_gain":0.0,"event_name":"Golden Idol","player_choice":"Lose Max HP","floor":3.0,"gold_loss":0.0,"damage_taken":0.0,"relics_obtained":["Golden Idol"]},{"damage_healed":0,"gold_gain":0,"player_choice":"Max HP","damage_taken":0,"max_hp_gain":0,"max_hp_loss":3,"event_name":"Winding Halls","floor":36,"gold_loss":0},{"damage_healed":0,"gold_gain":0,"cards_transformed":["True Grit"],"player_choice":"Transformed","damage_taken":0,"max_hp_gain":0,"max_hp_loss":0,"event_name":"Transmorgrifier","floor":37,"gold_loss":0,"cards_obtained":["Biased Cognition"]},{"damage_healed":0,"gold_gain":0,"player_choice":"Ignored","damage_taken":0,"max_hp_gain":0,"max_hp_loss":0,"event_name":"NoteForYourself","floor":42,"gold_loss":0}],"is_beta":false,"boss_relics":[{"not_picked":["Calling Bell","Busted Crown"],"picked":"Pandora\u0027s Box"},{"not_picked":["Empty Cage","SlaversCollar"],"picked":"Coffee Dripper"}],"items_purged_floors":[11,31],"is_endless":false,"potions_floor_spawned":[13,16,21,27,29,38,45],"ascension_level":7}}