{"host":"e48gchmu8shm63ip","time":1610056095,"event":{"mods":["Abigail Mod","AchievementEnabler","Act Like it!","BaseMod","Better Match","Better Note","Better Vampires","CapriCore","DeckTracker","Exacting","Gensokyo","Googly Eyes","Hallownest","Hermit","HololiveMod","Infinite Spire","Jorbs\u0027s Wanderer Trilogy","Koishi","Marisa????????","Minty Spire (QoL Compilation)","Railgun Mod","Rare Cards Sparkle","Relic Filter","Relic Stats","Remilia??????","Robot Space Explorer","Shade Mod","StSLib","The Animator","The Caster","The Construct","The Dragon Tamer","The Forsaken","The Immortal","The Judge","The Marked","The Poker Player","The Senshi","The Servant 0.9.4","TheSwordswoman","Waifu the Spire"],"gold_per_floor":[117,117,131,158,169,204,204,217,285,250,294,294,294,316,316,346,346],"floor_reached":16,"playtime":659,"items_purged":[],"score":104,"play_id":"19c9714e-8f91-4d9d-b6e6-542ee052aa06","local_time":"20210107224815","is_ascension_mode":false,"campfire_choices":[{"data":"theSenshi:MoonPrismPowerMakeUp","floor":7,"key":"SMITH"},{"floor":15,"key":"REST"}],"circlet_count":0,"master_deck":["theSenshi:SailorKick","theSenshi:SailorKick","theSenshi:SailorKick","theSenshi:SailorKick","theSenshi:SailorBlock","theSenshi:SailorBlock","theSenshi:SailorBlock","theSenshi:SailorBlock","theSenshi:RoseThrow","theSenshi:MoonPrismPowerMakeUp+1","theSenshi:MoonKick","Decay","theSenshi:TuxedoSmokingBomber","theSenshi:MoonTwilightFlash","theSenshi:MoonPrincessHalation"],"relics":["theSenshi:TransformationBroochRelic","infinitespire:CheckeredPen","infinitespire:Midas Blood","Golden Idol"],"acts_visited":["Exordium"],"potions_floor_usage":[],"damage_taken":[{"damage":0,"enemies":"Small Slimes","floor":1,"turns":4},{"damage":16,"enemies":"infinitespire:Voidling","floor":3,"turns":4},{"damage":0,"enemies":"Cultist","floor":4,"turns":3},{"damage":10,"enemies":"Looter","floor":5,"turns":3},{"damage":42,"enemies":"Lagavulin","floor":6,"turns":7},{"damage":2,"enemies":"3 Louse","floor":8,"turns":3},{"damage":0,"enemies":"Large Slime","floor":11,"turns":4},{"damage":3,"enemies":"Looter","floor":14,"turns":3},{"damage":64,"enemies":"The Guardian","floor":16,"turns":13}],"seed_played":"5170677779562672954","potions_obtained":[{"floor":1,"key":"PowerPotion"},{"floor":4,"key":"Dexterity Potion"},{"floor":5,"key":"Regen Potion"}],"is_trial":false,"path_per_floor":["M","?","M","M","M","E","R","M","T","?","M","?","?","M","R","B"],"character_chosen":"THE_SENSHI","items_purchased":[],"campfire_rested":1,"item_purchase_floors":[],"current_hp_per_floor":[82,82,73,73,63,21,21,19,19,39,39,39,39,36,58,0,0],"gold":346,"neow_bonus":"TEN_PERCENT_HP_BONUS","is_daily":false,"chose_seed":false,"campfire_upgraded":1,"win_rate":0.0,"timestamp":1610056095,"path_taken":["M","?","M","?","?","E","R","M","T","?","M","?","?","M","R","BOSS"],"items_purchased_type":[],"build_version":"2020-12-22","purchased_purges":0,"victory":false,"max_hp_per_floor":[82,82,82,82,82,82,82,82,82,82,82,82,76,76,76,76,76],"relic_stats":{"counters":[9,44],"Golden Idol":4,"obtain_stats":[{"theSenshi:TransformationBroochRelic":0,"Golden Idol":13,"infinitespire:CheckeredPen":6,"infinitespire:Midas Blood":9},{"theSenshi:TransformationBroochRelic":0,"Golden Idol":7,"infinitespire:CheckeredPen":5,"infinitespire:Midas Blood":6},{"theSenshi:TransformationBroochRelic":0,"Golden Idol":28,"infinitespire:CheckeredPen":21,"infinitespire:Midas Blood":24}]},"card_choices":[{"not_picked":["theSenshi:MoonPunch","theSenshi:SailorPlanetPower"],"picked":"theSenshi:MoonKick","floor":1},{"not_picked":["theSenshi:MoonPunch","theSenshi:LunasBite","theSenshi:TallSilhouette"],"picked":"SKIP","floor":1},{"not_picked":["theSenshi:EncouragingSpeech","theSenshi:SailorMercuryAssists"],"picked":"theSenshi:TuxedoSmokingBomber","floor":3},{"not_picked":["theSenshi:NeptunesGrace","theSenshi:SailorStarFighterAssists","theSenshi:TuxedoSmokingBomber"],"picked":"SKIP","floor":4},{"not_picked":["theSenshi:SilverMoonCrystalPowerKiss","theSenshi:LateForSchool"],"picked":"theSenshi:MoonTwilightFlash","floor":5},{"not_picked":["theSenshi:LateForSchool","theSenshi:GatheringStrength","theSenshi:SailorStarHealerAssists"],"picked":"SKIP","floor":6},{"not_picked":["theSenshi:SaturnsMystery","theSenshi:SteeledNerves","theSenshi:Sidestep"],"picked":"SKIP","floor":8},{"not_picked":["theSenshi:SailorVenusAssists","theSenshi:LunasBite"],"picked":"theSenshi:MoonPrincessHalation","floor":11},{"not_picked":["theSenshi:LateForSchool","theSenshi:EncouragingSpeech","theSenshi:ChibiMoonsLove"],"picked":"SKIP","floor":14}],"player_experience":677175,"relics_obtained":[{"floor":6,"key":"infinitespire:CheckeredPen"},{"floor":9,"key":"infinitespire:Midas Blood"}],"event_choices":[{"damage_healed":0,"gold_gain":0,"player_choice":"Cursed","damage_taken":0,"max_hp_gain":0,"max_hp_loss":0,"event_name":"Wheel of Change","floor":2,"gold_loss":0,"cards_obtained":["Decay"]},{"damage_healed":20,"gold_gain":0,"player_choice":"Healed","damage_taken":0,"max_hp_gain":0,"max_hp_loss":0,"event_name":"The Cleric","floor":10,"gold_loss":35},{"damage_healed":0,"gold_gain":0,"player_choice":"Lose Max HP","damage_taken":0,"relics_obtained":["Golden Idol"],"max_hp_gain":0,"max_hp_loss":6,"event_name":"Golden Idol","floor":13,"gold_loss":0}],"is_beta":false,"boss_relics":[],"items_purged_floors":[],"is_endless":false,"potions_floor_spawned":[1,4,5],"killed_by":"The Guardian","ascension_level":0}}