{"host":"Timothy","time":1610063532,"event":{"mods":["AchievementEnabler","BaseMod","Bestiary","Highlight Path","Minty Spire (QoL Compilation)","Quick Restart","Slay-I"],"gold_per_floor":[110,121,138,152,172,172,197,197,197,207,50,67,92,103,103,208,208,208],"floor_reached":17,"playtime":482,"items_purged":["Strike_G"],"score":161,"play_id":"3bb894a6-0567-447f-872d-df385f61e64e","local_time":"20210107155212","is_ascension_mode":false,"campfire_choices":[{"data":"Dash","floor":6,"key":"SMITH"},{"data":"Neutralize","floor":8,"key":"SMITH"},{"floor":15,"key":"REST"}],"circlet_count":0,"master_deck":["Strike_G","Strike_G","Strike_G","Strike_G","Defend_G","Defend_G","Defend_G","Defend_G","Defend_G","Survivor","Neutralize+1","Backstab","Dash+1","Accuracy","Dodge and Roll","Backflip","Leg Sweep","Dodge and Roll","Infinite Blades","Backflip","Dash","Infinite Blades","Envenom"],"relics":["Ring of the Snake","Letter Opener","Bronze Scales","Snake Skull","Ectoplasm"],"acts_visited":["Exordium","TheCity"],"potions_floor_usage":[7],"damage_taken":[{"damage":0,"enemies":"Cultist","floor":1,"turns":4},{"damage":2,"enemies":"Jaw Worm","floor":2,"turns":4},{"damage":0,"enemies":"Small Slimes","floor":3,"turns":3},{"damage":0,"enemies":"2 Fungi Beasts","floor":4,"turns":4},{"damage":3,"enemies":"Red Slaver","floor":5,"turns":5},{"damage":39,"enemies":"Gremlin Nob","floor":7,"turns":6},{"damage":0,"enemies":"Looter","floor":10,"turns":2},{"damage":6,"enemies":"3 Louse","floor":12,"turns":2},{"damage":6,"enemies":"Exordium Wildlife","floor":14,"turns":4},{"damage":12,"enemies":"Hexaghost","floor":16,"turns":10}],"seed_played":"-6639116809677016619","potions_obtained":[{"floor":1,"key":"Fire Potion"},{"floor":3,"key":"Weak Potion"},{"floor":5,"key":"Weak Potion"},{"floor":7,"key":"AttackPotion"},{"floor":10,"key":"Regen Potion"}],"is_trial":false,"path_per_floor":["M","M","M","M","M","R","E","R","T","M","$","M","T","M","R","B",null],"character_chosen":"THE_SILENT","items_purchased":["Infinite Blades","Backflip"],"campfire_rested":1,"item_purchase_floors":[11,11],"current_hp_per_floor":[77,75,75,75,72,72,33,33,33,33,33,27,27,21,44,32,77,77],"gold":208,"neow_bonus":"TEN_PERCENT_HP_BONUS","is_daily":false,"chose_seed":false,"campfire_upgraded":2,"win_rate":0.0,"timestamp":1610063532,"path_taken":["M","M","M","?","M","R","E","R","T","M","$","M","?","?","R","BOSS"],"items_purchased_type":["Card","Card"],"build_version":"2020-12-18","purchased_purges":1,"victory":false,"max_hp_per_floor":[77,77,77,77,77,77,77,77,77,77,77,77,77,77,77,77,77,77],"card_choices":[{"not_picked":["Sucker Punch","Crippling Poison"],"picked":"Backstab","floor":1},{"not_picked":["Sucker Punch","Flechettes"],"picked":"Dash","floor":2},{"not_picked":["Quick Slash","Reflex"],"picked":"Accuracy","floor":3},{"not_picked":["Choke","Sucker Punch"],"picked":"Dodge and Roll","floor":4},{"not_picked":["Dagger Spray","Outmaneuver"],"picked":"Backflip","floor":5},{"not_picked":["Dagger Spray","Poisoned Stab"],"picked":"Leg Sweep","floor":7},{"not_picked":["Reflex","Calculated Gamble"],"picked":"Dodge and Roll","floor":10},{"not_picked":["Cloak And Dagger","Flying Knee"],"picked":"Dash","floor":12},{"not_picked":["Flechettes","Dagger Throw"],"picked":"Infinite Blades","floor":14},{"not_picked":["Bullet Time","Adrenaline"],"picked":"Envenom","floor":16}],"player_experience":777202,"relics_obtained":[{"floor":7,"key":"Letter Opener"},{"floor":9,"key":"Bronze Scales"},{"floor":13,"key":"Snake Skull"}],"event_choices":[],"is_beta":true,"boss_relics":[{"not_picked":["SlaversCollar","Sozu"],"picked":"Ectoplasm"}],"items_purged_floors":[11],"is_endless":false,"potions_floor_spawned":[1,3,5,7,10],"ascension_level":0}}