{"host":"omv42op7s93bjjql","time":1610055747,"event":{"mods":["BaseMod","Colored Map","Colored Powertips","DeckTracker","Keyboard Shortcuts","Minty Spire (QoL Compilation)","StSLib","SuperFastMode"],"gold_per_floor":[117,42,42,52,26,26,59,59,85,85,119,0,16,32,32,32,32],"floor_reached":16,"playtime":417,"items_purged":["Strike_B"],"score":216,"play_id":"38ea776f-4d6f-4123-8583-8af96b6ada70","local_time":"20210108064227","is_ascension_mode":true,"campfire_choices":[{"data":"Zap","floor":6,"key":"SMITH"},{"floor":8,"key":"REST"},{"data":"1","floor":10,"key":"LIFT"},{"data":"Defragment","floor":15,"key":"SMITH"}],"circlet_count":0,"master_deck":["AscendersBane","Strike_B","Defend_B","Defend_B","Defend_B","Zap+1","Dualcast","Redo+1","Gash","Self Repair","FTL","Turbo","Sweeping Beam","Cold Snap","Defragment+1","Loop","Coolheaded"],"relics":["Cracked Core","Girya","MealTicket","Turnip"],"acts_visited":["Exordium"],"potions_floor_usage":[7,11,16],"damage_taken":[{"damage":7,"enemies":"Jaw Worm","floor":1,"turns":3},{"damage":1,"enemies":"Cultist","floor":4,"turns":3},{"damage":60,"enemies":"3 Sentries","floor":7,"turns":10},{"damage":25,"enemies":"Lagavulin","floor":11,"turns":6},{"damage":3,"enemies":"2 Louse","floor":13,"turns":2},{"damage":18,"enemies":"Red Slaver","floor":14,"turns":3},{"damage":16,"enemies":"Slime Boss","floor":16,"turns":3}],"seed_played":"-5714213661534397871","potions_obtained":[{"floor":1,"key":"FearPotion"},{"floor":4,"key":"DuplicationPotion"},{"floor":13,"key":"EssenceOfSteel"}],"is_trial":false,"path_per_floor":["M","?","?","M","$","R","E","R","T","R","E","$","M","M","R","B"],"character_chosen":"DEFECT","items_purchased":["Turbo","Defragment"],"campfire_rested":1,"item_purchase_floors":[5,12],"current_hp_per_floor":[57,57,57,63,63,63,10,29,29,29,11,26,23,12,12,0,0],"gold":32,"neow_bonus":"TRANSFORM_TWO_CARDS","is_daily":false,"chose_seed":false,"campfire_upgraded":2,"win_rate":0.0,"timestamp":1610055747,"path_taken":["M","?","?","M","?","R","E","R","T","R","E","?","M","M","R","BOSS"],"items_purchased_type":["Card","Card"],"build_version":"2020-12-22","purchased_purges":1,"victory":false,"max_hp_per_floor":[64,64,64,64,64,64,64,64,64,64,64,64,64,64,64,64,64],"card_choices":[{"not_picked":["Scrape","Melter"],"picked":"Self Repair","floor":1},{"not_picked":["Conserve Battery","Tempest"],"picked":"FTL","floor":4},{"not_picked":["Reprogram","Heatsinks"],"picked":"Sweeping Beam","floor":7},{"not_picked":["Steam","Auto Shields"],"picked":"Cold Snap","floor":11},{"not_picked":["Reinforced Body","Hologram"],"picked":"Loop","floor":13},{"not_picked":["Leap","Sweeping Beam"],"picked":"Coolheaded","floor":14}],"player_experience":852123,"relics_obtained":[{"floor":7,"key":"Girya"},{"floor":9,"key":"MealTicket"},{"floor":11,"key":"Turnip"}],"event_choices":[{"cards_removed":["Defend_B"],"damage_healed":0,"gold_gain":0,"player_choice":"Card Removal","damage_taken":0,"max_hp_gain":0,"max_hp_loss":0,"event_name":"The Cleric","floor":2,"gold_loss":75},{"damage_healed":0,"gold_gain":0,"player_choice":"Grow","damage_taken":0,"max_hp_gain":0,"max_hp_loss":0,"event_name":"Living Wall","floor":3,"gold_loss":0,"cards_upgraded":["Redo"]}],"is_beta":false,"boss_relics":[],"items_purged_floors":[12],"is_endless":false,"potions_floor_spawned":[1,4,13],"killed_by":"Slime Boss","ascension_level":20}}