{"host":"684z1xpuwaoqmmh1","time":1610033898,"event":{"mods":["BaseMod","Downfall","Hermit","Jorbs\u0027s Wanderer Trilogy","Marisa????????","Minty Spire (QoL Compilation)","StSLib","The Hierophant","The Mystic"],"gold_per_floor":[99,112,125,125,142,154,208,133,133,147,147,165,165,197,214,286,286,211,230,131,149,17,28,28,28,38,38,38,38,38,38],"floor_reached":29,"playtime":1404,"items_purged":["champ:Strike"],"score":420,"play_id":"8687aefd-79bf-4344-97f6-b08db2bf9f3a","local_time":"20210107173818","is_ascension_mode":true,"campfire_choices":[{"floor":1,"key":"RECALL"},{"data":"champ:Taunt","floor":8,"key":"SMITH"},{"floor":11,"key":"REST"},{"data":"champ:VampiricStrike","floor":18,"key":"SMITH"},{"data":"champ:SwordThrow","floor":25,"key":"SMITH"}],"circlet_count":0,"master_deck":["AscendersBane","champ:Strike+1","champ:Strike","champ:Strike+1","champ:Defend","champ:Defend+1","champ:Defend+1","champ:Defend","champ:Execute","champ:Taunt+1","champ:ArenaPreparation","champ:TornadoPunch+1","champ:FlashCut","champ:FocusedGladiator","champ:ArenaPreparation","champ:VampiricStrike+1","champ:ShieldSlam","champ:ShieldThrow","champ:BringItOn","champ:SwordThrow+1","champ:Backstep","champ:AdrenalArmor","champ:GladiatorStyle"],"relics":["champ:ChampionCrown","Omamori","Regal Pillow","Whetstone","downfall:HeartBlessingRed","Singing Bowl","Matryoshka","Busted Crown","downfall:HeartBlessingGreen","Smiling Mask"],"acts_visited":["Exordium","TheCity"],"potions_floor_usage":[14,19,29],"damage_taken":[{"damage":19,"enemies":"Jaw Worm","floor":2,"turns":4},{"damage":17,"enemies":"2 Louse","floor":3,"turns":3},{"damage":14,"enemies":"Small Slimes","floor":5,"turns":3},{"damage":23,"enemies":"2 Fungi Beasts","floor":6,"turns":4},{"damage":17,"enemies":"Exordium Wildlife","floor":10,"turns":3},{"damage":19,"enemies":"Lots of Slimes","floor":12,"turns":3},{"damage":46,"enemies":"Lagavulin","floor":14,"turns":5},{"damage":38,"enemies":"Blue Slaver","floor":15,"turns":2},{"damage":49,"enemies":"downfall:Watcher","floor":16,"turns":16},{"damage":20,"enemies":"3 Byrds","floor":19,"turns":5},{"damage":37,"enemies":"downfall:FleeingMerchant","floor":20,"turns":4},{"damage":15,"enemies":"Shell Parasite","floor":21,"turns":4},{"damage":52,"enemies":"downfall:FleeingMerchant","floor":22,"turns":4},{"damage":12,"enemies":"Snecko","floor":23,"turns":4},{"damage":80,"enemies":"Chosen and Byrds","floor":26,"turns":7},{"damage":22,"enemies":"Book of Stabbing","floor":29,"turns":4}],"seed_played":"5018775447778029179","potions_obtained":[{"floor":10,"key":"champ:CounterPotion"},{"floor":15,"key":"EssenceOfSteel"},{"floor":16,"key":"sneckomod:MuddlingPotion"},{"floor":21,"key":"Strength Potion"}],"is_trial":false,"path_per_floor":["R","M","M","?","M","M","T","R","?","M","R","M","T","E","M","B",null,"R","M","$","M","$","M","T","R","M","?","?","E"],"character_chosen":"THE_CHAMP","items_purchased":["champ:SwordThrow","champ:GladiatorStyle"],"campfire_rested":1,"item_purchase_floors":[20,22],"current_hp_per_floor":[73,59,55,50,50,49,49,49,49,37,76,72,72,53,50,32,70,70,85,81,81,70,87,87,87,21,21,21,0,0,0],"gold":38,"neow_bonus":"RANDOM_COMMON_RELIC","is_daily":false,"chose_seed":false,"campfire_upgraded":3,"win_rate":0.0,"timestamp":1610033898,"path_taken":["R","M","M","?","M","M","T","R","?","M","R","M","?","E","M","BOSS","R","M","$","M","$","M","T","R","M","?","?","E"],"items_purchased_type":["Card","Card"],"build_version":"2020-12-22","purchased_purges":1,"victory":false,"max_hp_per_floor":[81,81,81,81,81,81,81,81,81,81,81,81,81,81,83,83,83,83,85,85,85,85,87,87,87,89,89,89,89,89,89],"card_choices":[{"not_picked":["champ:GladiatorsShout","champ:BringItOn"],"picked":"champ:ArenaPreparation","floor":2},{"not_picked":["champ:GutPunch","champ:CrookedStrike"],"picked":"champ:TornadoPunch","floor":3},{"not_picked":["champ:Circumvent","champ:GladiatorsShout"],"picked":"champ:FlashCut","floor":5},{"not_picked":["champ:RageSigil","champ:GladiatorsShout"],"picked":"champ:FocusedGladiator","floor":6},{"not_picked":["champ:Circumvent","champ:FlashCut"],"picked":"champ:ArenaPreparation","floor":10},{"not_picked":["champ:FanOfKnives","champ:GladiatorsShout"],"picked":"champ:VampiricStrike","floor":12},{"not_picked":["champ:FaceSlap","champ:Shatter"],"picked":"champ:ShieldSlam","floor":14},{"not_picked":["champ:ShieldSigil","champ:DefensiveShout","champ:BerserkersShout"],"picked":"Singing Bowl","floor":15},{"not_picked":["champ:SteelEdge","champ:MurderStrike"],"picked":"champ:ShieldThrow","floor":16},{"not_picked":["champ:BladeFlurry"],"picked":"Singing Bowl","floor":19},{"not_picked":[],"picked":"champ:BringItOn","floor":20},{"not_picked":[],"picked":"champ:Backstep","floor":21},{"not_picked":[],"picked":"champ:AdrenalArmor","floor":22},{"not_picked":["champ:BladeFlurry"],"picked":"Singing Bowl","floor":23},{"not_picked":["champ:PerfectedStrike"],"picked":"Singing Bowl","floor":26}],"player_experience":2419691,"relics_obtained":[{"floor":7,"key":"Whetstone"},{"floor":13,"key":"Singing Bowl"},{"floor":14,"key":"Matryoshka"},{"floor":24,"key":"Smiling Mask"}],"event_choices":[{"damage_healed":0,"gold_gain":0,"player_choice":"Success","damage_taken":5,"relics_obtained":["Regal Pillow"],"max_hp_gain":0,"max_hp_loss":0,"event_name":"Scrap Ooze","floor":4,"gold_loss":0}],"is_beta":false,"boss_relics":[{"not_picked":["Runic Pyramid","Pandora\u0027s Box"],"picked":"Busted Crown"}],"items_purged_floors":[22],"is_endless":false,"potions_floor_spawned":[10,15,16,21,23,26],"killed_by":"Book of Stabbing","ascension_level":17}}