{"host":"d8hh7rr4yzitjeuj","time":1610020082,"event":{"mods":["2.2 Compatiblity","AchievementEnabler","Act Like it!","BaseMod","Colored Map","Colored Powertips","Highlight Path","Keyboard Shortcuts","Minty Spire (QoL Compilation)","Permanent Neow","Quick Restart","StSLib","SuperFastMode"],"gold_per_floor":[19,31,51,67,85,85,115,115,162,191,191,341,135,135,135,135,135],"floor_reached":16,"playtime":399,"items_purged":["Doubt"],"score":220,"play_id":"ba086937-5bac-4a91-9b97-d9e3efb455ac","local_time":"20210107204802","is_ascension_mode":true,"campfire_choices":[{"data":"Perfected Strike","floor":6,"key":"SMITH"},{"data":"Infernal Blade","floor":8,"key":"SMITH"},{"floor":15,"key":"REST"}],"circlet_count":0,"master_deck":["AscendersBane","Strike_R","Strike_R","Strike_R","Strike_R","Defend_R","Defend_R","Defend_R","Bash","Iron Wave","Dropkick","Infernal Blade+1","Battle Trance","Impervious","Wild Strike","Perfected Strike+1","Flame Barrier","Immolate","Body Slam+1","Metallicize"],"relics":["Burning Blood","Gremlin Horn","Tiny Chest","Matryoshka"],"acts_visited":["Exordium"],"potions_floor_usage":[5,7,10],"damage_taken":[{"damage":9.0,"enemies":"Jaw Worm","floor":1.0,"turns":5.0},{"damage":2.0,"enemies":"2 Louse","floor":2.0,"turns":3.0},{"damage":1,"enemies":"Cultist","floor":3,"turns":3},{"damage":18,"enemies":"Exordium Thugs","floor":4,"turns":4},{"damage":15,"enemies":"Lots of Slimes","floor":5,"turns":4},{"damage":22,"enemies":"3 Sentries","floor":7,"turns":5},{"damage":27,"enemies":"Gremlin Nob","floor":10,"turns":4},{"damage":43,"enemies":"Hexaghost","floor":16,"turns":9}],"seed_played":"8264393008338482882","potions_obtained":[{"floor":3,"key":"SteroidPotion"},{"floor":5,"key":"SkillPotion"},{"floor":7,"key":"Weak Potion"}],"is_trial":false,"path_per_floor":["M","M","M","M","M","R","E","R","T","E","?","?","$","?","R","B"],"character_chosen":"IRONCLAD","items_purchased":["Body Slam","Metallicize"],"campfire_rested":1,"item_purchase_floors":[13,13],"current_hp_per_floor":[65,69,74,62,53,53,37,37,37,16,16,16,16,16,38,0,0],"gold":135,"neow_bonus":"TRANSFORM_TWO_CARDS","is_daily":false,"chose_seed":false,"campfire_upgraded":2,"win_rate":0.0,"timestamp":1610020082,"path_taken":["M","M","M","M","M","R","E","R","T","E","?","?","$","?","R","BOSS"],"items_purchased_type":["Card","Card"],"build_version":"2020-12-22","purchased_purges":1,"victory":false,"max_hp_per_floor":[75,75,75,75,75,75,75,75,75,75,75,75,75,75,75,75,75],"card_choices":[{"not_picked":["Heavy Blade","True Grit"],"picked":"Infernal Blade","floor":1.0},{"not_picked":["Warcry","Headbutt"],"picked":"Battle Trance","floor":2.0},{"not_picked":["Flex","Shrug It Off"],"picked":"Impervious","floor":3},{"not_picked":["Anger","Clash"],"picked":"Wild Strike","floor":4},{"not_picked":["Twin Strike","Flex"],"picked":"Perfected Strike","floor":5},{"not_picked":["Juggernaut","Warcry"],"picked":"Flame Barrier","floor":7},{"not_picked":["Body Slam","Battle Trance"],"picked":"Immolate","floor":10}],"player_experience":1423731,"relics_obtained":[{"floor":7,"key":"Gremlin Horn"},{"floor":9,"key":"Tiny Chest"},{"floor":10,"key":"Matryoshka"}],"event_choices":[{"damage_healed":0,"gold_gain":0,"player_choice":"Ignored","damage_taken":0,"max_hp_gain":0,"max_hp_loss":0,"event_name":"Shining Light","floor":11,"gold_loss":0},{"damage_healed":0,"gold_gain":150,"player_choice":"AGREE","damage_taken":0,"max_hp_gain":0,"max_hp_loss":0,"event_name":"Liars Game","floor":12,"gold_loss":0,"cards_obtained":["Doubt"]},{"damage_healed":0,"gold_gain":0,"player_choice":"Forge","damage_taken":0,"max_hp_gain":0,"max_hp_loss":0,"event_name":"Accursed Blacksmith","floor":14,"gold_loss":0,"cards_upgraded":["Body Slam"]}],"is_beta":false,"boss_relics":[],"items_purged_floors":[13],"is_endless":false,"potions_floor_spawned":[3,5,7],"killed_by":"Hexaghost","ascension_level":20}}