{"host":"ig7tc0uedzltt2sr","time":1610005443,"event":{"mods":["BaseMod","Better Twitch Integration","Block Reminder","Colored Map","Colored Powertips","Communication Mod","Current Relic Mod","GifTheSpireLib","HexUI Lib","Minty Spire (QoL Compilation)","Quick Restart","Random Character Button","Rare Cards Sparkle","Relic Sorter","Relic Stats","Slay the Relics Exporter","StSLib","SuperFastMode","Synergy Search","Twitch Decklist","Twitch Utils","everything is the same but u backflip on backflip","slay the spire mod where everything is the same but ironclad has a cowboy hat"],"gold_per_floor":[116,129,129,147,147,35,52,52,52],"floor_reached":8,"playtime":58,"items_purged":[],"score":48,"play_id":"504399e9-0493-4556-9f33-14d68632eec0","local_time":"20210106234403","is_ascension_mode":false,"campfire_choices":[],"circlet_count":0,"master_deck":["Strike_R","Strike_R","Strike_R","Strike_R","Defend_R","Defend_R","Defend_R","Defend_R","Bash","Blood for Blood","Disarm","Searing Blow","Battle Trance"],"relics":["Burning Blood","NeowsBlessing"],"acts_visited":["Exordium"],"potions_floor_usage":[],"damage_taken":[{"damage":0,"enemies":"Cultist","floor":1,"turns":2},{"damage":0,"enemies":"2 Louse","floor":2,"turns":1},{"damage":0,"enemies":"Small Slimes","floor":4,"turns":1},{"damage":34,"enemies":"Exordium Thugs","floor":7,"turns":7},{"damage":87,"enemies":"3 Sentries","floor":8,"turns":10}],"seed_played":"9072134897671767004","potions_obtained":[{"floor":1,"key":"FairyPotion"},{"floor":2,"key":"Energy Potion"}],"is_trial":false,"path_per_floor":["M","M","?","M","?","$","M","E"],"character_chosen":"IRONCLAD","items_purchased":["Ancient Potion","Searing Blow"],"campfire_rested":0,"item_purchase_floors":[6,6],"current_hp_per_floor":[80,80,73,79,79,79,51,0,0],"gold":52,"neow_bonus":"THREE_ENEMY_KILL","is_daily":false,"chose_seed":false,"campfire_upgraded":0,"win_rate":0.0,"timestamp":1610005443,"path_taken":["M","M","?","M","?","$","M","E"],"items_purchased_type":["Potion","Card"],"build_version":"2020-12-22","purchased_purges":0,"victory":false,"max_hp_per_floor":[80,80,80,80,80,80,80,80,80],"relic_stats":{"counters":[5,21],"obtain_stats":[{"NeowsBlessing":0,"Burning Blood":0},{"NeowsBlessing":0,"Burning Blood":0},{"NeowsBlessing":0,"Burning Blood":0}],"Burning Blood":12},"card_choices":[{"not_picked":["Hemokinesis","Warcry"],"picked":"Blood for Blood","floor":1},{"not_picked":["Heavy Blade","Iron Wave","Dropkick"],"picked":"SKIP","floor":2},{"not_picked":["Body Slam","Warcry"],"picked":"Disarm","floor":4},{"not_picked":["Shrug It Off","Sword Boomerang"],"picked":"Battle Trance","floor":7}],"player_experience":1454055,"relics_obtained":[],"event_choices":[{"cards_removed":["Strike_R"],"damage_healed":0,"gold_gain":0,"player_choice":"Card Removal","damage_taken":7,"max_hp_gain":0,"max_hp_loss":0,"event_name":"Golden Wing","floor":3,"gold_loss":0},{"damage_healed":0,"gold_gain":0,"player_choice":"Ignored","damage_taken":0,"max_hp_gain":0,"max_hp_loss":0,"event_name":"Golden Idol","floor":5,"gold_loss":0}],"is_beta":false,"boss_relics":[],"items_purged_floors":[],"is_endless":false,"potions_floor_spawned":[1,2],"killed_by":"3 Sentries","ascension_level":0}}