{"host":"6hzrz31j95f2y1pa","time":1610060994,"event":{"mods":["BaseMod","Colored Map","Downfall","Minty Spire (QoL Compilation)","StSLib"],"gold_per_floor":[99,112,262,537,552,563,563,588,606,244,276,295,145,170,186,259,259,184,202,212,228,247,40,66,66,166,197,197,24,39,17,32,105,105,105,123,123,123,139,185,233,258,273,273,290,290,305,337,356,356,356,356],"floor_reached":50,"playtime":2563,"items_purged":["Doubt","Regret"],"score":1101,"play_id":"8d07c732-4e1b-4419-9bb3-263763eee90e","local_time":"20210107180954","is_ascension_mode":true,"campfire_choices":[{"floor":1.0,"key":"RECALL"},{"data":"hexamod:RetreatToShadows","floor":13.0,"key":"SMITH"},{"data":"hexamod:TimeOfNeed","floor":18.0,"key":"SMITH"},{"data":"expansioncontent:DefensiveStance","floor":25.0,"key":"SMITH"},{"floor":28.0,"key":"REST"},{"data":"hexamod:GhostOfSpireFuture","floor":35.0,"key":"SMITH"},{"floor":44.0,"key":"REST"}],"circlet_count":0,"master_deck":["AscendersBane","hexamod:Sear+1","hexamod:Float+1","hexamod:SwordOfDarkness+1","hexamod:GhostLash+1","hexamod:FastForward+1","hexamod:Incineration+1","hexamod:GhostLash+1","hexamod:FastForward+1","hexamod:CrushingStance+1","hexamod:RetreatToShadows+1","hexamod:SpectersWail+1","hexamod:TimeOfNeed+1","hexamod:GhostLash+1","hexamod:TimeWarp+1","hexamod:FirstSeal","hexamod:RainOfEmbers+1","hexamod:TimeOfNeed+1","hexamod:Firestarter+1","hexamod:RadiantFlame+1","hexamod:TurnItUp+1","hexamod:PhantomCloak+1","hexamod:UnleashSpirits+1","hexamod:ThermalTransfer+1","hexamod:Rewind+1","hexamod:GhostLash+1","hexamod:Hexaguard+1","expansioncontent:DefensiveStance+1","hexamod:GhostShield+1","hexamod:GhostOfSpireFuture+1","hexamod:ThermalTransfer+1","hexamod:Hexaguard+1","expansioncontent:DefensiveStance+1","hexamod:Haunt","hexamod:RecurringNightmare","hexamod:BacktrackSmack+1"],"relics":["hexamod:SpiritBrand","Akabeko","Strawberry","hexamod:Sixitude","Pandora\u0027s Box","Bag of Marbles","hexamod:SoulOfChaos","HornCleat","CaptainsWheel","Calipers","Happy Flower","Black Star","hexamod:SoulConsumer","Potion Belt","Boot","Gambling Chip","The Courier","Gremlin Horn"],"acts_visited":["Exordium","TheCity","TheBeyond"],"potions_floor_usage":[48],"damage_taken":[{"damage":0.0,"enemies":"2 Louse","floor":2.0,"turns":3.0},{"damage":0.0,"enemies":"Small Slimes","floor":5.0,"turns":3.0},{"damage":2.0,"enemies":"Cultist","floor":6.0,"turns":3.0},{"damage":7.0,"enemies":"2 Fungi Beasts","floor":9.0,"turns":3.0},{"damage":4.0,"enemies":"downfall:FleeingMerchant","floor":10.0,"turns":4.0},{"damage":16.0,"enemies":"3 Sentries","floor":11.0,"turns":5.0},{"damage":3.0,"enemies":"Red Slaver","floor":12.0,"turns":3.0},{"damage":15.0,"enemies":"Lagavulin","floor":14.0,"turns":3.0},{"damage":0.0,"enemies":"3 Louse","floor":15.0,"turns":1.0},{"damage":27.0,"enemies":"downfall:Watcher","floor":16.0,"turns":6.0},{"damage":8.0,"enemies":"Chosen","floor":19.0,"turns":3.0},{"damage":14.0,"enemies":"3 Byrds","floor":20.0,"turns":4.0},{"damage":15.0,"enemies":"Snake Plant","floor":21.0,"turns":3.0},{"damage":13.0,"enemies":"Cultist and Chosen","floor":22.0,"turns":5.0},{"damage":4.0,"enemies":"downfall:FleeingMerchant","floor":23.0,"turns":4.0},{"damage":2.0,"enemies":"Colosseum Nobs","floor":26.0,"turns":3.0},{"damage":31.0,"enemies":"Gremlin Leader","floor":27.0,"turns":7.0},{"damage":3.0,"enemies":"downfall:FleeingMerchant","floor":29.0,"turns":4.0},{"damage":0.0,"enemies":"Snecko","floor":30.0,"turns":3.0},{"damage":0.0,"enemies":"Centurion and Healer","floor":32.0,"turns":6.0},{"damage":3.0,"enemies":"downfall:Defect","floor":33.0,"turns":8.0},{"damage":5.0,"enemies":"3 Darklings","floor":36.0,"turns":5.0},{"damage":0.0,"enemies":"Orb Walker","floor":39.0,"turns":3.0},{"damage":32.0,"enemies":"2 Orb Walkers","floor":40.0,"turns":5.0},{"damage":24.0,"enemies":"Giant Head","floor":42.0,"turns":10.0},{"damage":3.0,"enemies":"3 Darklings","floor":43.0,"turns":4.0},{"damage":0,"enemies":"Writhing Mass","floor":45,"turns":7},{"damage":0,"enemies":"Maw","floor":47,"turns":6},{"damage":30,"enemies":"Reptomancer","floor":48,"turns":5},{"damage":3,"enemies":"Transient","floor":49,"turns":5},{"damage":55,"enemies":"downfall:Silent","floor":50,"turns":4}],"seed_played":"6986351244690118277","potions_obtained":[{"floor":2.0,"key":"SteroidPotion"},{"floor":8.0,"key":"downfall:CursedFountainPotion"},{"floor":9.0,"key":"LiquidMemories"},{"floor":19.0,"key":"SpeedPotion"},{"floor":20.0,"key":"champ:CounterPotion"},{"floor":26.0,"key":"GamblersBrew"},{"floor":42.0,"key":"champ:CounterPotion"},{"floor":45,"key":"Explosive Potion"},{"floor":47,"key":"PowerPotion"}],"is_trial":false,"path_per_floor":["R","M","?","?","M","M","T","?","M","$","E","M","R","E","M","B",null,"R","M","M","M","M","$","T","R","?","E","R","$","M","$","M","B",null,"R","M","?","?","M","?","T","E","M","R","M","?","M","E","M","B"],"character_chosen":"THE_SPIRIT","items_purchased":["Akabeko","hexamod:FastForward","hexamod:CrushingStance","expansioncontent:DefensiveStance","Calipers","Happy Flower","PowerPotion","hexamod:Hexaguard"],"campfire_rested":2,"item_purchase_floors":[10,10,10,23,29,29,29,31],"current_hp_per_floor":[57,57,57,57,57,55,55,63,56,52,43,40,50,35,35,8,62,62,61,47,39,33,36,36,36,34,10,34,38,45,45,52,49,72,72,74,74,74,74,49,49,32,36,60,67,67,67,44,48,0,0,0],"gold":356,"neow_bonus":"UPGRADE_CARD","is_daily":false,"chose_seed":false,"campfire_upgraded":4,"win_rate":0.0,"timestamp":1610060994,"path_taken":["R","M","?","?","M","?","T","?","?","$","E","M","R","E","M","BOSS","R","M","M","M","M","$","T","R","?","E","R","$","M","$","M","BOSS","R","M","?","?","?","?","T","E","M","R","M","?","M","E","M","BOSS"],"items_purchased_type":["Relic","Card","Card","Card","Relic","Relic","Potion","Card"],"build_version":"2020-12-22","purchased_purges":2,"victory":false,"max_hp_per_floor":[63,63,63,63,63,63,63,63,63,63,70,70,80,80,80,80,80,80,80,80,80,80,80,80,80,80,80,80,80,80,80,80,80,80,80,80,80,80,80,80,80,80,80,80,80,80,80,80,80,80,80,80],"card_choices":[{"not_picked":["hexamod:InspiringFlames","hexamod:NightmareGuise"],"picked":"hexamod:SwordOfDarkness","floor":2.0},{"not_picked":["hexamod:ThermalTransfer","hexamod:FirstSeal"],"picked":"hexamod:GhostLash","floor":5.0},{"not_picked":["hexamod:CatchUp","hexamod:InspiringFlames"],"picked":"hexamod:FastForward","floor":6.0},{"not_picked":["hexamod:SpectralSpark","hexamod:SpectralAdrenaline"],"picked":"hexamod:Incineration","floor":9.0},{"not_picked":["hexamod:InspiringFlames","hexamod:FlamesFromBeyond"],"picked":"hexamod:GhostLash","floor":10.0},{"not_picked":["hexamod:BacktrackSmack","hexamod:Firestarter"],"picked":"hexamod:RetreatToShadows","floor":11.0},{"not_picked":["hexamod:HeatShield","hexamod:SpectralSpark"],"picked":"hexamod:SpectersWail","floor":12.0},{"not_picked":["hexamod:ChargedBarrage","hexamod:FlamesFromBeyond"],"picked":"hexamod:TimeOfNeed","floor":14.0},{"not_picked":["hexamod:RetreatToShadows","hexamod:BacktrackSmack"],"picked":"hexamod:GhostLash","floor":15.0},{"not_picked":["hexamod:HexaLevel","hexamod:GhostflameInferno"],"picked":"hexamod:TimeWarp","floor":16.0},{"not_picked":["hexamod:SwordOfDarkness","hexamod:Incineration"],"picked":"hexamod:ThermalTransfer","floor":19.0},{"not_picked":["hexamod:RainOfEmbers","hexamod:EmpoweredFlame"],"picked":"hexamod:Rewind","floor":20.0},{"not_picked":["hexamod:NightmareStrike","hexamod:PhantomCloak","hexamod:GhostLash"],"picked":"SKIP","floor":21.0},{"not_picked":["hexamod:AdvancingGuard","hexamod:NecessarySacrifice"],"picked":"hexamod:GhostLash+1","floor":22.0},{"not_picked":["hexamod:NightmareStrike+1","hexamod:ThermalTransfer"],"picked":"hexamod:Hexaguard","floor":23.0},{"not_picked":["hexamod:EmpoweredFlame","hexamod:HeatShield"],"picked":"hexamod:GhostShield","floor":26.0},{"not_picked":["hexamod:Firestarter","hexamod:HeatMetal+1"],"picked":"hexamod:GhostOfSpireFuture","floor":27.0},{"not_picked":["hexamod:Firestarter","hexamod:FastForward"],"picked":"hexamod:ThermalTransfer+1","floor":29.0},{"not_picked":["hexamod:PhantomCloak","hexamod:HauntingEcho+1","hexamod:NecessarySacrifice+1"],"picked":"SKIP","floor":30.0},{"not_picked":["hexamod:AdvancingGuard","hexamod:ShieldOfDarkness","hexamod:GhostOfSpireFuture"],"picked":"SKIP","floor":32.0},{"not_picked":["hexamod:NightmareStrike","hexamod:ThirdSeal","hexamod:RainOfEmbers"],"picked":"SKIP","floor":36.0},{"not_picked":["hexamod:RainOfEmbers","hexamod:GhostOfSpirePresent","hexamod:SpectersWail"],"picked":"SKIP","floor":39.0},{"not_picked":["hexamod:Incineration","hexamod:HeatMetal"],"picked":"hexamod:Haunt","floor":42.0},{"not_picked":["hexamod:RecurringNightmare","hexamod:RainOfEmbers","hexamod:GhostLash+1"],"picked":"SKIP","floor":43.0},{"not_picked":["hexamod:RainOfEmbers","hexamod:GhostLash+1"],"picked":"hexamod:RecurringNightmare","floor":43.0},{"not_picked":["hexamod:GhostShield","hexamod:HauntingEcho"],"picked":"hexamod:BacktrackSmack+1","floor":45},{"not_picked":["hexamod:SwordOfDarkness+1","hexamod:BacktrackSmack","hexamod:SecondSeal"],"picked":"SKIP","floor":47},{"not_picked":["hexamod:PhantomFireball","hexamod:AdvancingGuard","hexamod:ShieldOfDarkness"],"picked":"SKIP","floor":48},{"not_picked":["hexamod:Again","hexamod:ThermalTransfer","hexamod:RadiantFlame"],"picked":"SKIP","floor":49}],"player_experience":1298113,"relics_obtained":[{"floor":11.0,"key":"Strawberry"},{"floor":14.0,"key":"hexamod:Sixitude"},{"floor":24.0,"key":"Bag of Marbles"},{"floor":26.0,"key":"hexamod:SoulOfChaos"},{"floor":26.0,"key":"HornCleat"},{"floor":27.0,"key":"CaptainsWheel"},{"floor":40.0,"key":"hexamod:SoulConsumer"},{"floor":41.0,"key":"Potion Belt"},{"floor":42.0,"key":"Boot"},{"floor":42.0,"key":"Gambling Chip"},{"floor":48,"key":"The Courier"},{"floor":48,"key":"Gremlin Horn"}],"event_choices":[{"damage_healed":0.0,"max_hp_gain":0.0,"max_hp_loss":0.0,"gold_gain":0.0,"event_name":"Duplicator","player_choice":"Copied","floor":38.0,"gold_loss":0.0,"damage_taken":0.0,"cards_obtained":["expansioncontent:DefensiveStance"]},{"damage_healed":0.0,"max_hp_gain":0.0,"max_hp_loss":0.0,"gold_gain":0.0,"event_name":"Mysterious Sphere","player_choice":"Fight","floor":40.0,"gold_loss":0.0,"damage_taken":0.0}],"is_beta":false,"boss_relics":[{"not_picked":["Cursed Key","downfall:Hecktoplasm"],"picked":"Pandora\u0027s Box"},{"not_picked":["Tiny House","Runic Pyramid"],"picked":"Black Star"}],"items_purged_floors":[10,23],"is_endless":false,"potions_floor_spawned":[2,9,11,19,20,26,30,39,42,45,47],"killed_by":"downfall:Silent","ascension_level":15}}