{"host":"z9x5nldzhmx4jdfi","time":1610053795,"event":{"mods":["2.2 Compatiblity","BaseMod","Better Altar","Better Match","Better Note","Better Sensory Stone","Better Third Choice","BetterRewards","Block Reminder","Card Filter","Colored Powertips","Infinite Spire","Jorbs\u0027s Wanderer Trilogy","Minty Spire (QoL Compilation)","Relic Filter","StSLib","Td1madao Mod","The Animator","The Servant 0.9.4","Wandering Minibosses"],"gold_per_floor":[131,7,7,22,22,54,70,99,99,126,126,165,216,273,273,376,376,397,397,397,397,417,417,446,446,499,499,546,571,588,588,588,691,691,722,838,867,587,611,648,648,671,749,775,797,797,797,826,826,830,830,830,774,832,895,963,963,65,152,244,52,52,151,227,227,18,137,137,137,137],"floor_reached":69,"playtime":7558,"items_purged":["animator:Strike","animator:Strike+1","animator:Defend+1"],"score":1446,"play_id":"c94c6ff7-058b-42cc-ae60-9ba55f56e49a","local_time":"20210107150955","is_ascension_mode":true,"campfire_choices":[{"data":"animator:HiiragiShinya","floor":11.0,"key":"SMITH"},{"data":"animator:Guren","floor":15.0,"key":"SMITH"},{"data":"animator:Archer","floor":23.0,"key":"SMITH"},{"data":"animator:GuildGirl","floor":25.0,"key":"SMITH"},{"data":"animator:DolaRiku","floor":27.0,"key":"SMITH"},{"data":"animator:Yoichi","floor":32.0,"key":"SMITH"},{"floor":41.0,"key":"RECALL"},{"data":"animator:Togame","floor":46.0,"key":"SMITH"},{"floor":62.0,"key":"REST"},{"floor":68.0,"key":"REST"}],"circlet_count":0,"master_deck":["animator:Strike_OwariNoSeraph+1","animator:Defend_OwariNoSeraph+1","animator:Defend+1","animator:Defend+1","animator:Shinoa+1","animator:Mikaela+1","animator:Shinoa+1","animator:Azekura+1","animator:Shigure+1","animator:Hitei+1","animator:Mitsuba+1","animator:Togame+1","animator:GuildGirl+1","animator:Yuuichirou+1","animator:DolaRiku+1","animator:HiiragiShinya+1","animator:Guren+1","animator:KrulTepes+1","animator:Archer+1","animator:Kyubey+1","animator:Shinoa+1","animator:Yuuichirou+1","animator:Yoichi+1","animator:Shigure+1","Seeing Red+1","animator:CrowleyEusford+1","animator:KrulTepes+1","animator:Shinoa+1","animator:Yuuichirou+1","animator:Guren+1","animator:Shiro+1","animator:CrowleyEusford+1","infinitespire:SealOfDarkness+","animator:GoblinSlayer+1","animator:SwordMaiden+1","animator:Kuroyukihime+1"],"relics":["animator:TheEruzaStone","animator:AncientMedallion"],"acts_visited":["Exordium","TheCity","TheBeyond","TheEnding","EYB:TheUnnamedReign"],"potions_floor_usage":[],"damage_taken":[{"damage":0.0,"enemies":"2 Louse","floor":1.0,"turns":3.0},{"damage":1.0,"enemies":"Jaw Worm","floor":4.0,"turns":5.0},{"damage":2.0,"enemies":"3 Sentries","floor":6.0,"turns":11.0},{"damage":17.0,"enemies":"Cultist","floor":7.0,"turns":5.0},{"damage":24.0,"enemies":"Lagavulin","floor":8.0,"turns":11.0},{"damage":0.0,"enemies":"3 Louse","floor":10.0,"turns":4.0},{"damage":14.0,"enemies":"Gremlin Nob","floor":12.0,"turns":4.0},{"damage":19.0,"enemies":"Large Slime","floor":13.0,"turns":6.0},{"damage":0.0,"enemies":"3 Sentries","floor":14.0,"turns":6.0},{"damage":6.0,"enemies":"The Guardian","floor":16.0,"turns":10.0},{"damage":7.0,"enemies":"2 Thieves","floor":18.0,"turns":4.0},{"damage":16.0,"enemies":"Shell Parasite","floor":22.0,"turns":5.0},{"damage":12.0,"enemies":"Book of Stabbing","floor":24.0,"turns":6.0},{"damage":8.0,"enemies":"Slavers","floor":28.0,"turns":6.0},{"damage":0.0,"enemies":"Centurion and Healer","floor":29.0,"turns":6.0},{"damage":8.0,"enemies":"Snake Plant","floor":30.0,"turns":3.0},{"damage":5.0,"enemies":"Collector","floor":33.0,"turns":7.0},{"damage":0.0,"enemies":"3 Shapes","floor":35.0,"turns":3.0},{"damage":7.0,"enemies":"infinitespire:Three Voidlings","floor":36.0,"turns":4.0},{"damage":0.0,"enemies":"Nightmare_Alpha","floor":36.0,"turns":7.0},{"damage":6.0,"enemies":"3 Darklings","floor":37.0,"turns":6.0},{"damage":0.0,"enemies":"Maw","floor":39.0,"turns":5.0},{"damage":0.0,"enemies":"Nemesis","floor":40.0,"turns":7.0},{"damage":0.0,"enemies":"Writhing Mass","floor":42.0,"turns":4.0},{"damage":0.0,"enemies":"Jaw Worm Horde","floor":44.0,"turns":3.0},{"damage":0.0,"enemies":"Sphere and 2 Shapes","floor":45.0,"turns":4.0},{"damage":0.0,"enemies":"Reptomancer","floor":48.0,"turns":5.0},{"damage":0.0,"enemies":"Awakened One","floor":50.0,"turns":8.0},{"damage":2.0,"enemies":"animator:UNNAMED_CULTIST_1","floor":54.0,"turns":6.0},{"damage":25.0,"enemies":"animator:TRIPLE_SHAPES_WEAK","floor":55.0,"turns":6.0},{"damage":7.0,"enemies":"animator:UNNAMED_CULTIST_2","floor":59.0,"turns":7.0},{"damage":14.0,"enemies":"animator:TRIPLE_LAGAVULIN","floor":60.0,"turns":6.0},{"damage":10.0,"enemies":"animator:ULTIMATE_WISP","floor":63.0,"turns":7.0},{"damage":0.0,"enemies":"animator:ULTIMATE_CUBE","floor":67.0,"turns":7.0},{"damage":0,"enemies":"animator:TheUnnamed","floor":69,"turns":2}],"seed_played":"5139627158382482295","potions_obtained":[{"floor":4.0,"key":"Swift Potion"},{"floor":6.0,"key":"DistilledChaos"},{"floor":7.0,"key":"Regen Potion"},{"floor":13.0,"key":"DistilledChaos"},{"floor":22.0,"key":"Strength Potion"},{"floor":30.0,"key":"BlessingOfTheForge"},{"floor":33.0,"key":"BlessingOfTheForge"},{"floor":37.0,"key":"SteroidPotion"},{"floor":54.0,"key":"animator:FalseLifePotion"},{"floor":55.0,"key":"animator:FalseLifePotion"},{"floor":59.0,"key":"animator:FalseLifePotion"}],"is_trial":false,"path_per_floor":["M","$","?","M","?","E","M","E","T","M","R","E","M","E","R","B",null,"M","?","?","?","M","R","E","R","T","R","E","M","M","T","R","B",null,"M","?","M","$","M","E","R","M","T","M","M","R","?","E","R","B",null,"R","??","M","M","T","?","$","M","M","?","R","E","T","?","$","E","R","B"],"character_chosen":"THE_ANIMATOR","items_purchased":["animator:Shinoa","infinitespire:Lucky Rock","animator:Azekura","animator:Hitei","animator:Mitsuba","animator:Shinoa","War Paint","animator:GoblinSlayer","animator:AncientMedallion","animator:AncientMedallion","animator:AncientMedallion","animator:Kuroyukihime"],"campfire_rested":2,"item_purchase_floors":[0,0,0,2,2,38,38,58,58,58,58,66],"current_hp_per_floor":[54,54,54,53,46,44,28,4,4,4,4,20,1,9,9,5,71,64,64,64,64,52,52,44,44,44,44,40,51,49,49,49,50,76,79,82,76,76,85,88,88,91,91,94,97,97,97,97,97,97,97,97,98,96,73,73,49,49,62,68,68,97,88,88,88,88,98,98,98,98],"gold":137,"neow_bonus":"","is_daily":false,"chose_seed":false,"campfire_upgraded":7,"win_rate":0.0,"timestamp":1610053795,"path_taken":["M","$","?","M","?","E","M","E","T","M","R","E","M","E","R","BOSS","M","?","?","?","M","R","E","R","T","R","E","M","M","?","R","BOSS","M","?","M","$","M","E","R","M","T","M","M","R","?","E","R","BOSS","R","??","M","M","T","?","$","M","M","?","R","E","T","?","$","E","R","BOSS"],"items_purchased_type":["Card","Relic","Card","Card","Card","Card","Relic","Card","Relic","Relic","Relic","Card"],"build_version":"2020-12-22","purchased_purges":3,"victory":false,"max_hp_per_floor":[66,66,66,66,66,66,67,67,67,67,67,68,68,71,71,71,71,71,71,71,71,71,71,71,71,71,71,71,76,76,76,76,76,76,79,82,82,82,85,88,88,91,91,94,97,97,97,100,100,103,103,103,98,98,98,98,98,98,98,98,98,98,98,98,98,98,98,98,98,98],"card_choices":[{"not_picked":["animator:ZankiKiguchi","animator:UneriGinkaku"],"picked":"animator:Shigure","floor":1.0},{"not_picked":["animator:ChlammyZell","animator:OrikoMikuni"],"picked":"animator:Togame","floor":4.0},{"not_picked":["animator:Gillette","animator:Viivi"],"picked":"animator:GuildGirl","floor":6.0},{"not_picked":["animator:Shinoa","animator:Shigure"],"picked":"animator:Yuuichirou","floor":7.0},{"not_picked":["animator:Lancer","animator:Priestess"],"picked":"animator:DolaRiku","floor":8.0},{"not_picked":["animator:Shinoa","animator:Mikaela"],"picked":"animator:HiiragiShinya","floor":10.0},{"not_picked":["animator:Priestess","animator:SwordMaiden"],"picked":"animator:Guren","floor":12.0},{"not_picked":["animator:Shigure","animator:Yuuichirou"],"picked":"animator:KrulTepes","floor":13.0},{"not_picked":["animator:Hitei","animator:Caster"],"picked":"animator:Archer","floor":14.0},{"not_picked":["animator:Gilgamesh","animator:SwordMaiden"],"picked":"animator:Kyubey","floor":16.0},{"not_picked":["animator:Mikaela","animator:Mitsuba"],"picked":"animator:Shinoa","floor":18.0},{"not_picked":["animator:Emonzaemon","animator:ZankiKiguchi+1","animator:DwarfShaman"],"picked":"SKIP","floor":22.0},{"not_picked":["animator:Mitsuba","animator:Mikaela"],"picked":"animator:Yuuichirou","floor":24.0},{"not_picked":["animator:FielNirvalen","animator:Tet+1","animator:Fredrika+1"],"picked":"SKIP","floor":28.0},{"not_picked":["animator:CrowleyEusford","animator:Guren"],"picked":"animator:Yoichi","floor":29.0},{"not_picked":["animator:OrikoMikuni","animator:FielNirvalen","animator:DolaCouronne"],"picked":"SKIP","floor":30.0},{"not_picked":["animator:CrowleyEusford","animator:KrulTepes"],"picked":"animator:Shigure","floor":35.0},{"not_picked":["infinitespire:TheBestDefense","infinitespire:Oblivion"],"picked":"infinitespire:FutureSight","floor":36.0},{"not_picked":["animator:DolaCouronne+1","animator:Layla+1"],"picked":"animator:CrowleyEusford","floor":36.0},{"not_picked":["animator:Shigure","animator:Shinoa"],"picked":"animator:KrulTepes","floor":37.0},{"not_picked":["animator:MamiTomoe","animator:FielNirvalen+1","animator:ChlammyZell+1"],"picked":"SKIP","floor":39.0},{"not_picked":["animator:Yoichi","animator:KrulTepes"],"picked":"animator:Yuuichirou","floor":40.0},{"not_picked":["animator:Hitei","animator:FielNirvalen+1"],"picked":"animator:Guren","floor":42.0},{"not_picked":["animator:Witch","animator:Tet+1"],"picked":"animator:Shiro","floor":45.0},{"not_picked":["animator:RinTohsaka+1","animator:LizardPriest+1","animator:DolaRiku"],"picked":"SKIP","floor":54.0},{"not_picked":["animator:Mitsuba","animator:Illya"],"picked":"animator:CrowleyEusford+1","floor":55.0},{"not_picked":["infinitespire:Starlight","infinitespire:Menacing"],"picked":"infinitespire:SealOfDarkness+","floor":57.0},{"not_picked":["animator:Hitei","animator:DolaStephanie","animator:Archer"],"picked":"SKIP","floor":59.0},{"not_picked":["animator:MamiTomoe+1","animator:Shigure","animator:Archer+1"],"picked":"SKIP","floor":60.0},{"not_picked":["animator:Guy+1","animator:Nanami"],"picked":"animator:SwordMaiden","floor":63.0},{"not_picked":["animator:EmiyaShirou","animator:UneriGinkaku","animator:Azekura+1"],"picked":"SKIP","floor":67.0}],"player_experience":1495283,"relics_obtained":[{"floor":6.0,"key":"Sundial"},{"floor":8.0,"key":"Darkstone Periapt"},{"floor":9.0,"key":"Toy Ornithopter"},{"floor":12.0,"key":"animator:Hoodie"},{"floor":14.0,"key":"Blood Vial"},{"floor":14.0,"key":"Bottled Tornado"},{"floor":16.0,"key":"Blood Vial"},{"floor":24.0,"key":"FossilizedHelix"},{"floor":26.0,"key":"Bag of Marbles"},{"floor":28.0,"key":"Blood Vial"},{"floor":28.0,"key":"animator:HallowedScabbard"},{"floor":31.0,"key":"Paper Frog"},{"floor":33.0,"key":"Blood Vial"},{"floor":36.0,"key":"animator:WizardHat"},{"floor":37.0,"key":"wanderingMiniBosses:AbyssPearl"},{"floor":40.0,"key":"Oddly Smooth Stone"},{"floor":48.0,"key":"Blood Vial"},{"floor":48.0,"key":"Bird Faced Urn"},{"floor":53.0,"key":"animator:TheEruzaStone"},{"floor":53.0,"key":"animator:AncientMedallion"},{"floor":56.0,"key":"animator:AncientMedallion"},{"floor":61.0,"key":"animator:AncientMedallion"},{"floor":63.0,"key":"animator:AncientMedallion"},{"floor":64.0,"key":"animator:AncientMedallion"},{"floor":67.0,"key":"animator:AncientMedallion"}],"event_choices":[{"cards_removed":["animator:Strike"],"damage_healed":0.0,"max_hp_gain":0.0,"max_hp_loss":0.0,"gold_gain":0.0,"event_name":"Golden Wing","player_choice":"Card Removal","floor":5.0,"gold_loss":0.0,"damage_taken":7.0},{"cards_removed":["animator:Shinoa"],"damage_healed":0.0,"max_hp_gain":0.0,"max_hp_loss":0.0,"gold_gain":0.0,"event_name":"betterNote:BetterNote","player_choice":"Give","floor":19.0,"gold_loss":0.0,"damage_taken":0.0,"cards_obtained":["animator:Kazuma"]},{"damage_healed":0.0,"max_hp_gain":0.0,"max_hp_loss":0.0,"gold_gain":0.0,"event_name":"Drug Dealer","player_choice":"Inject Mutagens","floor":20.0,"gold_loss":0.0,"damage_taken":0.0,"relics_obtained":["MutagenicStrength"]},{"damage_healed":0.0,"max_hp_gain":0.0,"max_hp_loss":6.0,"gold_gain":0.0,"event_name":"betterThird:BetterWriting","player_choice":"Simplicity","floor":21.0,"gold_loss":0.0,"damage_taken":0.0},{"damage_healed":0.0,"max_hp_gain":0.0,"max_hp_loss":0.0,"gold_gain":0.0,"event_name":"MindBloom","player_choice":"Upgrade","floor":47.0,"gold_loss":0.0,"damage_taken":0.0,"cards_upgraded":["animator:Mikaela","animator:Shinoa","animator:Azekura","animator:Shigure","animator:Hitei","animator:Mitsuba","animator:Yuuichirou","animator:KrulTepes","animator:Kyubey","animator:Shinoa","animator:Yuuichirou","animator:Shigure","animator:CrowleyEusford","animator:KrulTepes","animator:Shinoa","animator:Yuuichirou","animator:Guren","animator:Shiro"],"relics_obtained":["Mark of the Bloom"]}],"is_beta":false,"boss_relics":[{"not_picked":["Empty Cage","Busted Crown"],"picked":"Mark of Pain"},{"not_picked":["animator:CursedBlade","animator:RacePiece"],"picked":"Coffee Dripper"}],"items_purged_floors":[0,38,66],"is_endless":false,"potions_floor_spawned":[4,6,7,13,22,30,33,36,37,39,45,55,63,67],"killed_by":"animator:TheUnnamed","ascension_level":1}}