{"host":"1a3cjta80tad0aqj","time":1610038679,"event":{"mods":["2.2 Compatiblity","AchievementEnabler","BaseMod","Colored Map","DeckTracker","KOR Keyword Fix","Keyboard Shortcuts","Minty Spire (QoL Compilation)","Permanent Neow","Quick Restart","Random Character Button","StSLib","SuperFastMode","everything is the same but u backflip on backflip"],"gold_per_floor":[109,34,34,34,48,79,96,114,141,155,169,169,233,233,233,328,328,342,242,253,273,289,289,307,326,326,343,361,361],"floor_reached":28,"playtime":1620,"items_purged":["Defend_B","Regret"],"score":228,"play_id":"9c04d1e1-2d5c-43e5-92ee-83f486d38a88","local_time":"20210108015759","is_ascension_mode":false,"campfire_choices":[{"floor":12,"key":"REST"},{"floor":15,"key":"REST"},{"floor":23,"key":"REST"}],"circlet_count":0,"master_deck":["Strike_B","Strike_B","Strike_B","Strike_B","Defend_B","Defend_B","Defend_B","Zap","Dualcast","Hyperbeam","Genetic Algorithm","Defragment","Multi-Cast","Capacitor","Rebound","Tempest","Conserve Battery","Beam Cell","Seek","Static Discharge+1","Sunder+1","Leap","Electrodynamics","Ball Lightning","Barrage","Normality","Reinforced Body"],"relics":["Cracked Core","Regal Pillow","Centennial Puzzle","Orichalcum","Happy Flower","Vajra","Cursed Key","White Beast Statue"],"acts_visited":["Exordium","TheCity"],"potions_floor_usage":[11,16,20],"damage_taken":[{"damage":0,"enemies":"2 Louse","floor":1,"turns":2},{"damage":6,"enemies":"Jaw Worm","floor":5,"turns":4},{"damage":35,"enemies":"Lagavulin","floor":6,"turns":7},{"damage":1,"enemies":"Cultist","floor":7,"turns":3},{"damage":14,"enemies":"Gremlin Gang","floor":8,"turns":3},{"damage":0,"enemies":"2 Fungi Beasts","floor":10,"turns":1},{"damage":6,"enemies":"Exordium Thugs","floor":11,"turns":4},{"damage":22,"enemies":"3 Sentries","floor":13,"turns":7},{"damage":35,"enemies":"Hexaghost","floor":16,"turns":8},{"damage":0,"enemies":"Chosen","floor":18,"turns":3},{"damage":14,"enemies":"2 Thieves","floor":20,"turns":3},{"damage":22,"enemies":"Centurion and Healer","floor":21,"turns":7},{"damage":15,"enemies":"Snake Plant","floor":22,"turns":4},{"damage":2,"enemies":"Snecko","floor":24,"turns":3},{"damage":27,"enemies":"Shelled Parasite and Fungi","floor":25,"turns":6},{"damage":4,"enemies":"Cultist and Chosen","floor":27,"turns":4},{"damage":4,"enemies":"Snake Plant","floor":28,"turns":4}],"seed_played":"-4923268818492643830","potions_obtained":[{"floor":1,"key":"Explosive Potion"},{"floor":6,"key":"BlessingOfTheForge"},{"floor":7,"key":"FocusPotion"},{"floor":11,"key":"AttackPotion"},{"floor":16,"key":"Dexterity Potion"},{"floor":21,"key":"SpeedPotion"},{"floor":24,"key":"FearPotion"},{"floor":27,"key":"SteroidPotion"},{"floor":28,"key":"FocusPotion"}],"is_trial":false,"path_per_floor":["M","$","?","$","M","E","M","M","T","M","M","R","?","T","R","B",null,"M","$","M","M","M","R","M","M","T","M","M"],"character_chosen":"DEFECT","items_purchased":[],"campfire_rested":3,"item_purchase_floors":[],"current_hp_per_floor":[68,68,68,68,62,27,26,12,12,12,6,41,19,19,54,19,68,68,68,54,32,17,52,50,23,23,19,15,15],"gold":361,"neow_bonus":"THREE_RARE_CARDS","is_daily":false,"chose_seed":false,"campfire_upgraded":0,"win_rate":0.0,"timestamp":1610038679,"path_taken":["M","$","?","$","M","E","M","M","T","M","M","R","?","?","R","BOSS","M","$","?","M","M","R","?","M","T","M","M"],"items_purchased_type":[],"build_version":"2020-12-22","purchased_purges":2,"victory":false,"max_hp_per_floor":[68,68,68,68,68,68,68,68,68,68,68,68,68,68,68,68,68,68,68,68,68,68,68,68,68,68,68,68,68],"card_choices":[{"not_picked":["Buffer","Echo Form"],"picked":"Hyperbeam","floor":0},{"not_picked":["Redo","Leap"],"picked":"Genetic Algorithm","floor":1},{"not_picked":["Cold Snap","Skim"],"picked":"Defragment","floor":5},{"not_picked":["Go for the Eyes","Leap"],"picked":"Multi-Cast","floor":6},{"not_picked":["Sweeping Beam","Gash"],"picked":"Capacitor","floor":7},{"not_picked":["Compile Driver","Scrape"],"picked":"Rebound","floor":8},{"not_picked":["Fission","Barrage"],"picked":"Tempest","floor":10},{"not_picked":["Redo","Rebound"],"picked":"Conserve Battery","floor":11},{"not_picked":["Compile Driver","Hologram"],"picked":"Beam Cell","floor":13},{"not_picked":["Fission","Biased Cognition"],"picked":"Seek","floor":16},{"not_picked":["Double Energy","Loop"],"picked":"Static Discharge+1","floor":18},{"not_picked":["Hello World","Sweeping Beam"],"picked":"Sunder+1","floor":20},{"not_picked":["Capacitor","Static Discharge"],"picked":"Leap","floor":21},{"not_picked":["Streamline","Stack+1"],"picked":"Electrodynamics","floor":22},{"not_picked":["Stack","Streamline"],"picked":"Ball Lightning","floor":24},{"not_picked":["Hologram","Capacitor"],"picked":"Barrage","floor":25},{"not_picked":["Coolheaded","Leap","Biased Cognition"],"picked":"SKIP","floor":27},{"not_picked":["Leap","Rebound"],"picked":"Reinforced Body","floor":28}],"player_experience":172723,"relics_obtained":[{"floor":6,"key":"Centennial Puzzle"},{"floor":9,"key":"Orichalcum"},{"floor":14,"key":"Vajra"},{"floor":26,"key":"White Beast Statue"}],"event_choices":[{"damage_healed":0,"gold_gain":0,"player_choice":"Box","damage_taken":0,"relics_obtained":["Regal Pillow"],"max_hp_gain":0,"max_hp_loss":0,"event_name":"Big Fish","floor":3,"gold_loss":0,"cards_obtained":["Regret"]},{"damage_healed":0,"gold_gain":30,"player_choice":"Searched \u00273\u0027 times","damage_taken":0,"relics_obtained":["Happy Flower"],"max_hp_gain":0,"max_hp_loss":0,"event_name":"Dead Adventurer","floor":13,"gold_loss":0}],"is_beta":false,"boss_relics":[{"not_picked":["Nuclear Battery","Pandora\u0027s Box"],"picked":"Cursed Key"}],"items_purged_floors":[2,19],"is_endless":false,"potions_floor_spawned":[1,6,7,11,16,21,24,25,27,28],"killed_by":"Snake Plant","ascension_level":0}}