{"host":"a3oe3gstxz77c7qu","time":1610055991,"event":{"mods":["2.2 Compatiblity","Act Like it!","BaseMod","Bestiary","Better Altar","Better Match","Better Note","Better Skull","Better Third Choice","Block Reminder","Curses Come First","Custom Start","Downfall","Friendly Minions","GifTheSpireLib","Hermit","Infinite Spire","Jorbs\u0027s Wanderer Trilogy","Lobotomy","LobotomyExtend","Marisa????????","Minty Spire (QoL Compilation)","Permanent Neow","Quick Restart","Relic Stats","Replay The Spire","StSLib","The Bug Knight","The Disciple","Uncapped","Wandering Minibosses"],"gold_per_floor":[117,117,132,146,160,160,172,75,101,111,111,136,136,165,165,165,165],"floor_reached":16,"playtime":1498,"items_purged":[],"score":176,"play_id":"c18aaaae-1140-4f01-b96e-59b7a17c2885","local_time":"20210107214631","is_ascension_mode":true,"campfire_choices":[{"data":"LockedBlood","floor":6,"key":"SMITH"},{"floor":13,"key":"REST"},{"data":"CrunchTime","floor":15,"key":"SMITH"}],"circlet_count":0,"master_deck":["Strike_Br","Strike_Br","Defend_Br","Defend_Br","Defend_Br","Defend_Br","SecondHand","OldTimer","LockedBlood+1","Funeral","LockedAnchor","LockedUrn","Break","Break","WatchCommand","MeatLantern","UniverseFragment","CrunchTime+1"],"relics":["Chronometer","CogitoBucket","RabbitCall","LetterFromLob","Omamori","AspirationHeart","Strawberry","Blood Vial","Cryopreserver"],"acts_visited":["Exordium"],"potions_floor_usage":[7,12,16],"damage_taken":[{"damage":2,"enemies":"Jaw Worm","floor":1,"turns":9},{"damage":13,"enemies":"Cultist","floor":3,"turns":6},{"damage":5,"enemies":"Small Slimes","floor":4,"turns":5},{"damage":38,"enemies":"Exordium Thugs","floor":5,"turns":6},{"damage":5,"enemies":"Gremlin Gang","floor":7,"turns":9},{"damage":19,"enemies":"3 Louse","floor":10,"turns":7},{"damage":36,"enemies":"Gremlin Nob","floor":12,"turns":8},{"damage":0,"enemies":"Replay:BlueRogue","floor":14,"turns":13},{"damage":86,"enemies":"Fading Forest","floor":16,"turns":11}],"seed_played":"-4359859168307849872","potions_obtained":[{"floor":1,"key":"CultistPotion"},{"floor":5,"key":"Energy Potion"},{"floor":7,"key":"Explosive Potion"},{"floor":14,"key":"sneckomod:MuddlingPotion"}],"is_trial":false,"path_per_floor":["M","?","M","M","M","R","M","$","T","M","?","E","R","E","R","B"],"character_chosen":"CHRONO_CLASS","items_purchased":["LockedScales","Break"],"campfire_rested":1,"item_purchase_floors":[8,8],"current_hp_per_floor":[63,63,50,51,21,21,28,28,28,28,35,12,36,56,56,0,0],"gold":165,"neow_bonus":"","is_daily":false,"chose_seed":false,"campfire_upgraded":2,"win_rate":0.0,"timestamp":1610055991,"path_taken":["M","?","M","M","?","R","M","$","T","M","?","E","R","E","R","BOSS"],"items_purchased_type":["Card","Card"],"build_version":"2020-12-22","purchased_purges":0,"victory":false,"max_hp_per_floor":[65,65,65,65,65,65,65,65,65,75,82,82,82,82,82,82,82],"relic_stats":{"Blood Vial":4,"counters":[10,75],"obtain_stats":[{"Blood Vial":12,"RabbitCall":0,"CogitoBucket":0,"Chronometer":0,"Cryopreserver":14,"Strawberry":11,"AspirationHeart":10,"LetterFromLob":1,"Omamori":9},{"Blood Vial":8,"RabbitCall":0,"CogitoBucket":0,"Chronometer":0,"Cryopreserver":9,"Strawberry":7,"AspirationHeart":7,"LetterFromLob":1,"Omamori":5},{"Blood Vial":51,"RabbitCall":0,"CogitoBucket":0,"Chronometer":0,"Cryopreserver":64,"Strawberry":43,"AspirationHeart":43,"LetterFromLob":9,"Omamori":35}]},"card_choices":[{"not_picked":["LittlePrince","OSAHOGD","Woodsman"],"picked":"Singing Bowl","floor":1},{"not_picked":["LockedTornado","WatchCommand","LockedTurtyl"],"picked":"SKIP","floor":1},{"not_picked":["PrimeTime","AlternateTimeline"],"picked":"LockedBlood","floor":3},{"not_picked":["OldLady","UniverseFragment"],"picked":"Funeral","floor":3},{"not_picked":["Echonomics","LockedMercury"],"picked":"LockedAnchor","floor":4},{"not_picked":["Wellcheers","RedShoes","VoidDream"],"picked":"Singing Bowl","floor":4},{"not_picked":["HandsUpB","Echoward"],"picked":"Stagnate","floor":5},{"not_picked":["SpiderBud","MHz","Scorched"],"picked":"Singing Bowl","floor":5},{"not_picked":["LockedAnchor","PrimeTime"],"picked":"LockedUrn","floor":7},{"not_picked":["DreamingCurrent","MHz","WallGazer"],"picked":"Singing Bowl","floor":7},{"not_picked":["Break","VestedLegacy"],"picked":"WatchCommand","floor":10},{"not_picked":["OldLady","RedShoes"],"picked":"MeatLantern","floor":10},{"not_picked":["Murderer","Laetitia","Wellcheers"],"picked":"Singing Bowl","floor":12},{"not_picked":["SpiderBud","MHz"],"picked":"UniverseFragment","floor":12},{"not_picked":["TiringSlam","ExoVibe","LockedMedicine"],"picked":"SKIP","floor":12},{"not_picked":["AlternateTimeline","Break"],"picked":"CrunchTime","floor":14},{"not_picked":["SpiderBud","Scorched","HeroicMonk"],"picked":"Singing Bowl","floor":14}],"player_experience":926646,"relics_obtained":[{"floor":1,"key":"LetterFromLob"},{"floor":9,"key":"Omamori"},{"floor":12,"key":"Blood Vial"},{"floor":14,"key":"Cryopreserver"}],"event_choices":[{"damage_healed":0,"gold_gain":0,"cards_transformed":["Strike_Br"],"player_choice":"Transformed","damage_taken":0,"max_hp_gain":0,"max_hp_loss":0,"event_name":"Transmorgrifier","floor":2,"gold_loss":0,"cards_obtained":["OldTimer"]},{"damage_healed":0,"gold_gain":0,"player_choice":"Gave Potion","damage_taken":0,"relics_obtained":["Strawberry"],"max_hp_gain":0,"max_hp_loss":0,"event_name":"WeMeetAgain","floor":11,"gold_loss":0}],"is_beta":false,"boss_relics":[],"items_purged_floors":[],"is_endless":false,"potions_floor_spawned":[1,5,7,14],"killed_by":"Fading Forest","ascension_level":2}}