{"host":"qdfumeom6htv8yxl","time":1610051782,"event":{"mods":["AchievementEnabler","BaseMod","Bestiary","Block Reminder","Minty Spire (QoL Compilation)","Quick Restart","Relic Stats"],"gold_per_floor":[118,132,132,132,57,92,92,105,105,118,118,151,151,169,169,169,169],"floor_reached":16,"playtime":948,"items_purged":["Injury"],"score":263,"play_id":"2e3368b7-dc52-452b-8b2f-aa4c79289a27","local_time":"20210107143622","is_ascension_mode":true,"campfire_choices":[{"data":"Backflip","floor":7,"key":"SMITH"},{"data":"After Image","floor":11,"key":"SMITH"},{"floor":13,"key":"REST"},{"data":"Accuracy","floor":15,"key":"SMITH"}],"circlet_count":0,"master_deck":["AscendersBane","Strike_G","Strike_G","Strike_G","Strike_G","Strike_G","Defend_G","Defend_G","Defend_G","Defend_G","Defend_G","Survivor","Neutralize+1","Backflip+1","Blade Dance","Acrobatics","After Image+1","Caltrops","Accuracy+1"],"relics":["Ring of the Snake","NeowsBlessing","Golden Idol","The Specimen","TungstenRod","MealTicket"],"acts_visited":["Exordium"],"potions_floor_usage":[10,12],"damage_taken":[{"damage":0.0,"enemies":"Jaw Worm","floor":1.0,"turns":1.0},{"damage":0.0,"enemies":"Cultist","floor":2.0,"turns":1.0},{"damage":0,"enemies":"3 Sentries","floor":6,"turns":2},{"damage":4,"enemies":"2 Louse","floor":8,"turns":2},{"damage":12,"enemies":"Exordium Thugs","floor":10,"turns":8},{"damage":33,"enemies":"Lagavulin","floor":12,"turns":9},{"damage":0,"enemies":"Blue Slaver","floor":14,"turns":5},{"damage":33,"enemies":"Hexaghost","floor":16,"turns":11}],"seed_played":"7191173615754373422","potions_obtained":[{"floor":2.0,"key":"FearPotion"},{"floor":6,"key":"GamblersBrew"},{"floor":8,"key":"Explosive Potion"}],"is_trial":false,"path_per_floor":["M","M","?","?","$","E","R","M","T","M","R","E","R","M","R","B"],"character_chosen":"THE_SILENT","items_purchased":[],"campfire_rested":1,"item_purchase_floors":[],"current_hp_per_floor":[59,59,59,59,59,59,59,55,55,43,43,10,29,29,29,0,0],"gold":169,"neow_bonus":"THREE_ENEMY_KILL","is_daily":false,"chose_seed":false,"campfire_upgraded":3,"win_rate":0.0,"timestamp":1610051782,"path_taken":["M","M","?","?","$","E","R","M","T","M","R","E","R","M","R","BOSS"],"items_purchased_type":[],"build_version":"2020-12-22","purchased_purges":1,"victory":false,"max_hp_per_floor":[66,66,66,66,66,66,66,66,66,66,66,66,66,66,66,66,66],"relic_stats":{"counters":[8,39],"Golden Idol":24,"MealTicket":0,"obtain_stats":[{"NeowsBlessing":0,"The Specimen":6,"Golden Idol":4,"MealTicket":12,"TungstenRod":9,"Ring of the Snake":0},{"NeowsBlessing":0,"The Specimen":3,"Golden Idol":2,"MealTicket":6,"TungstenRod":4,"Ring of the Snake":0},{"NeowsBlessing":0,"The Specimen":4,"Golden Idol":2,"MealTicket":23,"TungstenRod":6,"Ring of the Snake":0}],"TungstenRod":17,"Ring of the Snake":[16]},"card_choices":[{"not_picked":["Skewer","Slice"],"picked":"Backflip","floor":1.0},{"not_picked":["Well Laid Plans","Acrobatics"],"picked":"Blade Dance","floor":2.0},{"not_picked":["Sucker Punch","Bane"],"picked":"Acrobatics","floor":6},{"not_picked":["Sucker Punch","Bane"],"picked":"After Image","floor":8},{"not_picked":["Skewer","Deflect"],"picked":"Caltrops","floor":10},{"not_picked":["Underhanded Strike","Tactician","Poisoned Stab"],"picked":"SKIP","floor":12},{"not_picked":["Catalyst","Acrobatics"],"picked":"Accuracy","floor":14}],"player_experience":1726585,"relics_obtained":[{"floor":6,"key":"The Specimen"},{"floor":9,"key":"TungstenRod"},{"floor":12,"key":"MealTicket"}],"event_choices":[{"damage_healed":0,"gold_gain":0,"player_choice":"Grow","damage_taken":0,"max_hp_gain":0,"max_hp_loss":0,"event_name":"Living Wall","floor":3,"gold_loss":0,"cards_upgraded":["Neutralize"]},{"damage_healed":0,"gold_gain":0,"player_choice":"Take Wound","damage_taken":0,"relics_obtained":["Golden Idol"],"max_hp_gain":0,"max_hp_loss":0,"event_name":"Golden Idol","floor":4,"gold_loss":0,"cards_obtained":["Injury"]}],"is_beta":false,"boss_relics":[],"items_purged_floors":[5],"is_endless":false,"potions_floor_spawned":[2,6,8],"killed_by":"Hexaghost","ascension_level":19}}