{"host":"1q1wpq6df472foxy","time":1610032060,"event":{"mods":["BaseMod","DeckTracker","Highlight Path","Minty Spire (QoL Compilation)","Quick Restart","StSLib","SuperFastMode"],"gold_per_floor":[109,109,119,44,44,70,70,70,70,99,131,155,167,192,204,216,216],"floor_reached":16,"playtime":427,"items_purged":["Strike_R"],"score":209,"play_id":"f3cc4d3d-d5f2-423b-af77-b5fb501e984f","local_time":"20210108000740","is_ascension_mode":true,"campfire_choices":[{"data":"Armaments","floor":7,"key":"SMITH"},{"floor":15,"key":"REST"}],"circlet_count":0,"master_deck":["AscendersBane","Strike_R","Strike_R","Defend_R","Defend_R","Defend_R","Defend_R","Bash","Armaments+1","Headbutt","Evolve"],"relics":["Burning Blood","NeowsBlessing","Orichalcum","MawBank","Bag of Marbles"],"acts_visited":["Exordium"],"potions_floor_usage":[16],"damage_taken":[{"damage":0,"enemies":"2 Louse","floor":1,"turns":1},{"damage":0,"enemies":"Cultist","floor":3,"turns":1},{"damage":0,"enemies":"Lagavulin","floor":6,"turns":2},{"damage":36,"enemies":"3 Sentries","floor":10,"turns":16},{"damage":7,"enemies":"Small Slimes","floor":11,"turns":4},{"damage":10,"enemies":"Blue Slaver","floor":12,"turns":3},{"damage":4,"enemies":"Large Slime","floor":14,"turns":7},{"damage":76,"enemies":"Slime Boss","floor":16,"turns":11}],"seed_played":"-8306121446632940517","potions_obtained":[{"floor":10,"key":"ElixirPotion"}],"is_trial":false,"path_per_floor":["M","?","M","$","?","E","R","?","T","E","M","M","?","M","R","B"],"character_chosen":"IRONCLAD","items_purchased":[],"campfire_rested":1,"item_purchase_floors":[],"current_hp_per_floor":[78,78,80,80,85,85,85,85,85,55,54,50,43,45,70,0,0],"gold":216,"neow_bonus":"THREE_ENEMY_KILL","is_daily":false,"chose_seed":false,"campfire_upgraded":1,"win_rate":0.0,"timestamp":1610032060,"path_taken":["M","?","?","$","?","E","R","?","T","E","M","M","?","?","R","BOSS"],"items_purchased_type":[],"build_version":"2020-12-22","purchased_purges":1,"victory":false,"max_hp_per_floor":[80,80,80,80,85,85,85,85,85,85,85,85,85,85,85,85,85],"card_choices":[{"not_picked":["Anger","Wild Strike"],"picked":"Armaments","floor":1},{"not_picked":["Armaments","Twin Strike","Perfected Strike"],"picked":"SKIP","floor":3},{"not_picked":["True Grit","Warcry"],"picked":"Headbutt","floor":6},{"not_picked":["Dual Wield","Power Through","Warcry"],"picked":"SKIP","floor":10},{"not_picked":["Hemokinesis","Sword Boomerang"],"picked":"Evolve","floor":11},{"not_picked":["True Grit","Heavy Blade","Spot Weakness"],"picked":"SKIP","floor":12},{"not_picked":["Havoc","Fire Breathing","Pummel"],"picked":"SKIP","floor":14}],"player_experience":382763,"relics_obtained":[{"floor":6,"key":"Orichalcum"},{"floor":10,"key":"MawBank"}],"event_choices":[{"cards_removed":["Strike_R"],"damage_healed":0,"gold_gain":0,"player_choice":"Offered Basic","damage_taken":0,"max_hp_gain":0,"max_hp_loss":0,"event_name":"Bonfire Elementals","floor":2,"gold_loss":0},{"damage_healed":0,"gold_gain":0,"player_choice":"Donut","damage_taken":0,"max_hp_gain":5,"max_hp_loss":0,"event_name":"Big Fish","floor":5,"gold_loss":0},{"cards_removed":["Strike_R"],"damage_healed":0,"gold_gain":0,"player_choice":"Forget","damage_taken":0,"max_hp_gain":0,"max_hp_loss":0,"event_name":"Living Wall","floor":8,"gold_loss":0},{"damage_healed":0,"gold_gain":0,"player_choice":"Success","damage_taken":7,"relics_obtained":["Bag of Marbles"],"max_hp_gain":0,"max_hp_loss":0,"event_name":"Scrap Ooze","floor":13,"gold_loss":0}],"is_beta":false,"boss_relics":[],"items_purged_floors":[4],"is_endless":false,"potions_floor_spawned":[10],"killed_by":"Slime Boss","ascension_level":11}}