{"host":"4dhu1he22kpzbyro","time":1610057440,"event":{"mods":["BaseMod","Minty Spire (QoL Compilation)","Relic Stats"],"gold_per_floor":[217,217,227,49,87,87,171,171,220,251,306,378,442,547,559,672,684,707,81,106,106,106,94,129,142,142,142,120,120,160,160,160,259,259,275,318,318,318,318,318,332,332,382,401,420,430,330,344,344,344,344],"floor_reached":50,"playtime":2308,"items_purged":["Strike_G","Parasite"],"score":765,"play_id":"c7b45a70-f506-4526-a4f0-c13788a9cb6b","local_time":"20210107171040","is_ascension_mode":true,"campfire_choices":[{"data":"HandOfGreed","floor":6.0,"key":"SMITH"},{"data":"Crippling Poison","floor":8.0,"key":"SMITH"},{"data":"Night Terror","floor":15.0,"key":"SMITH"},{"floor":27.0,"key":"REST"},{"data":"Noxious Fumes","floor":29.0,"key":"SMITH"},{"floor":32.0,"key":"REST"},{"floor":40.0,"key":"RECALL"},{"data":"Caltrops","floor":49,"key":"SMITH"}],"circlet_count":0,"master_deck":["Strike_G+1","Defend_G+1","Defend_G+1","Defend_G+1","Defend_G+1","Survivor+1","Neutralize+1","Dagger Spray+1","Crippling Poison+1","Neutralize+1","PiercingWail+1","HandOfGreed+1","Poisoned Stab+1","Dash+1","Night Terror+1","Noxious Fumes+1","Leg Sweep+1","Footwork+1","Wraith Form v2+1","Footwork+1","Noxious Fumes+1","Adrenaline+1","Choke+1","Dodge and Roll+1","Ghostly+1","Ghostly+1","Ghostly+1","Ghostly+1","Ghostly+1","Slice+1","Prepared+1","Catalyst+1","Quick Slash+1","PiercingWail+1","Crippling Poison+1","Backflip+1","Envenom+1","Acrobatics+1","Outmaneuver+1","Noxious Fumes+1","Predator+1","Caltrops+1","Catalyst"],"relics":["Ring of the Snake","Bag of Preparation","Oddly Smooth Stone","Anchor","MawBank","Dream Catcher","Odd Mushroom","Astrolabe","HornCleat","Torii","Red Mask","Paper Crane","Pen Nib","Snecko Eye","Mark of the Bloom","Bag of Marbles"],"acts_visited":["Exordium","TheCity","TheBeyond"],"potions_floor_usage":[],"damage_taken":[{"damage":6.0,"enemies":"Small Slimes","floor":1.0,"turns":6.0},{"damage":0.0,"enemies":"Cultist","floor":3.0,"turns":3.0},{"damage":0.0,"enemies":"Jaw Worm","floor":5.0,"turns":3.0},{"damage":11.0,"enemies":"3 Sentries","floor":7.0,"turns":7.0},{"damage":0.0,"enemies":"Lagavulin","floor":10.0,"turns":6.0},{"damage":7.0,"enemies":"Gremlin Nob","floor":12.0,"turns":4.0},{"damage":0.0,"enemies":"The Mushroom Lair","floor":13.0,"turns":2.0},{"damage":5.0,"enemies":"3 Louse","floor":14.0,"turns":6.0},{"damage":23.0,"enemies":"The Guardian","floor":16.0,"turns":12.0},{"damage":6.0,"enemies":"Spheric Guardian","floor":18.0,"turns":5.0},{"damage":22.0,"enemies":"Masked Bandits","floor":20.0,"turns":4.0},{"damage":1.0,"enemies":"2 Thieves","floor":23.0,"turns":5.0},{"damage":3.0,"enemies":"Gremlin Leader","floor":24.0,"turns":9.0},{"damage":9.0,"enemies":"Cultist and Chosen","floor":25.0,"turns":8.0},{"damage":7.0,"enemies":"Chosen and Byrds","floor":30.0,"turns":7.0},{"damage":0.0,"enemies":"3 Cultists","floor":31.0,"turns":2.0},{"damage":6.0,"enemies":"Collector","floor":33.0,"turns":8.0},{"damage":0.0,"enemies":"3 Shapes","floor":35.0,"turns":4.0},{"damage":3.0,"enemies":"Orb Walker","floor":36.0,"turns":5.0},{"damage":0.0,"enemies":"Transient","floor":41.0,"turns":5.0},{"damage":0.0,"enemies":"3 Darklings","floor":44.0,"turns":4.0},{"damage":2.0,"enemies":"Writhing Mass","floor":45.0,"turns":7.0},{"damage":3,"enemies":"Transient","floor":46,"turns":5},{"damage":2,"enemies":"3 Darklings","floor":48,"turns":5},{"damage":32,"enemies":"Time Eater","floor":50,"turns":4}],"seed_played":"5285374938061630378","potions_obtained":[{"floor":1.0,"key":"Strength Potion"},{"floor":3.0,"key":"Strength Potion"},{"floor":7.0,"key":"SmokeBomb"},{"floor":16.0,"key":"EssenceOfSteel"},{"floor":23.0,"key":"Block Potion"},{"floor":24.0,"key":"SpeedPotion"},{"floor":25.0,"key":"SteroidPotion"},{"floor":33.0,"key":"Weak Potion"},{"floor":41.0,"key":"AttackPotion"}],"is_trial":false,"path_per_floor":["M","?","M","$","M","R","E","R","T","E","T","E","?","M","R","B",null,"M","$","?","?","T","M","E","M","T","R","$","R","M","M","R","B",null,"M","M","?","?","?","R","M","?","T","M","M","M","$","M","R","B"],"character_chosen":"THE_SILENT","items_purchased":["HandOfGreed","HornCleat","Torii","Dodge and Roll","PiercingWail"],"campfire_rested":2,"item_purchase_floors":[4,19,19,19,28],"current_hp_per_floor":[64,64,64,64,64,64,53,53,53,53,53,46,46,41,41,18,57,51,51,29,29,29,28,25,16,16,26,26,26,19,19,29,23,32,32,29,29,29,29,29,29,29,29,29,27,24,24,22,22,0,0],"gold":344,"neow_bonus":"HUNDRED_GOLD","is_daily":false,"chose_seed":false,"campfire_upgraded":5,"win_rate":0.0,"timestamp":1610057440,"path_taken":["M","?","?","$","M","R","E","R","T","E","?","E","?","M","R","BOSS","M","$","?","?","?","M","E","?","T","R","?","R","?","M","R","BOSS","M","M","?","?","?","R","M","?","T","M","M","?","$","M","R","BOSS"],"items_purchased_type":["Card","Relic","Relic","Card","Card"],"build_version":"2020-12-22","purchased_purges":2,"victory":false,"max_hp_per_floor":[70,70,70,70,70,70,70,70,70,70,70,70,70,70,70,70,70,70,70,70,35,35,35,35,35,35,35,35,35,35,35,35,35,35,35,35,35,35,35,35,35,35,35,35,35,35,32,32,32,32,32],"relic_stats":{"Dream Catcher":2,"Mark of the Bloom":0,"Torii":4,"counters":[25,136],"Astrolabe":["Footwork","Noxious Fumes","Adrenaline"],"Snecko Eye":[72,88,71,82],"Pen Nib":[6],"Bag of Preparation":[34],"MawBank":96,"obtain_stats":[{"Mark of the Bloom":37,"Torii":19,"Astrolabe":17,"Oddly Smooth Stone":9,"Pen Nib":26,"Bag of Preparation":7,"Odd Mushroom":13,"Paper Crane":24,"MawBank":11,"Anchor":10,"Dream Catcher":12,"HornCleat":19,"Snecko Eye":34,"Red Mask":20,"Bag of Marbles":43,"Ring of the Snake":0},{"Mark of the Bloom":19,"Torii":10,"Astrolabe":9,"Oddly Smooth Stone":4,"Pen Nib":14,"Bag of Preparation":4,"Odd Mushroom":7,"Paper Crane":13,"MawBank":5,"Anchor":5,"Dream Catcher":6,"HornCleat":10,"Snecko Eye":17,"Red Mask":11,"Bag of Marbles":20,"Ring of the Snake":0},{"Mark of the Bloom":106,"Torii":54,"Astrolabe":49,"Oddly Smooth Stone":19,"Pen Nib":80,"Bag of Preparation":19,"Odd Mushroom":31,"Paper Crane":72,"MawBank":25,"Anchor":25,"Dream Catcher":29,"HornCleat":54,"Snecko Eye":97,"Red Mask":58,"Bag of Marbles":111,"Ring of the Snake":0}],"Ring of the Snake":[50]},"card_choices":[{"not_picked":["All Out Attack","Dagger Throw"],"picked":"Dagger Spray","floor":1.0},{"not_picked":["Slice","Finisher"],"picked":"PiercingWail","floor":3.0},{"not_picked":["Bane","Caltrops"],"picked":"Poisoned Stab","floor":5.0},{"not_picked":["Caltrops","Dodge and Roll"],"picked":"Dash","floor":7.0},{"not_picked":["Deflect","Deadly Poison"],"picked":"Night Terror","floor":10.0},{"not_picked":["Outmaneuver","Sucker Punch"],"picked":"Noxious Fumes","floor":12.0},{"not_picked":["Dagger Spray","Underhanded Strike"],"picked":"Leg Sweep","floor":13.0},{"not_picked":["Quick Slash","Riddle With Holes"],"picked":"Footwork","floor":14.0},{"not_picked":["Glass Knife","Malaise"],"picked":"Wraith Form v2","floor":16.0},{"not_picked":["Masterful Stab+1","Backflip"],"picked":"Choke","floor":18.0},{"not_picked":["Deflect","Poisoned Stab"],"picked":"Slice+1","floor":23.0},{"not_picked":["Unload","Distraction"],"picked":"Prepared","floor":24.0},{"not_picked":["Slice","Dagger Throw"],"picked":"Catalyst+1","floor":25.0},{"not_picked":["Blade Dance","Predator"],"picked":"Quick Slash+1","floor":27.0},{"not_picked":["PiercingWail","Dagger Throw+1"],"picked":"Crippling Poison+1","floor":30.0},{"not_picked":["Bane","Concentrate"],"picked":"Backflip","floor":32.0},{"not_picked":["Venomology","Unload"],"picked":"Envenom","floor":33.0},{"not_picked":["Bane+1","Backflip"],"picked":"Acrobatics+1","floor":35.0},{"not_picked":["Prepared","Backflip"],"picked":"Outmaneuver+1","floor":36.0},{"not_picked":["PiercingWail+1","Blur"],"picked":"Noxious Fumes+1","floor":41.0},{"not_picked":["Accuracy","Finisher","Dagger Throw+1"],"picked":"SKIP","floor":44.0},{"not_picked":["Slice","Flechettes"],"picked":"Predator+1","floor":45.0},{"not_picked":["Prepared+1","Reflex"],"picked":"Caltrops","floor":46},{"not_picked":["Slice","Eviscerate"],"picked":"Catalyst","floor":48}],"player_experience":442412,"relics_obtained":[{"floor":7.0,"key":"Bag of Preparation"},{"floor":9.0,"key":"Oddly Smooth Stone"},{"floor":10.0,"key":"Anchor"},{"floor":11.0,"key":"MawBank"},{"floor":12.0,"key":"Dream Catcher"},{"floor":13.0,"key":"Odd Mushroom"},{"floor":20.0,"key":"Red Mask"},{"floor":24.0,"key":"Paper Crane"},{"floor":26.0,"key":"Pen Nib"},{"floor":43.0,"key":"Bag of Marbles"}],"event_choices":[{"damage_healed":0.0,"max_hp_gain":0.0,"max_hp_loss":0.0,"gold_gain":0.0,"event_name":"Match and Keep!","player_choice":"2 cards matched","floor":2.0,"gold_loss":0.0,"damage_taken":0.0,"cards_obtained":["Crippling Poison","Neutralize"]},{"damage_healed":0.0,"max_hp_gain":0.0,"max_hp_loss":0.0,"gold_gain":0.0,"event_name":"Mushrooms","player_choice":"Fought Mushrooms","floor":13.0,"gold_loss":0.0,"damage_taken":0.0},{"damage_healed":0.0,"max_hp_gain":0.0,"max_hp_loss":0.0,"gold_gain":0.0,"event_name":"Masked Bandits","player_choice":"Fought Bandits","floor":20.0,"gold_loss":0.0,"damage_taken":0.0},{"damage_healed":0.0,"max_hp_gain":0.0,"max_hp_loss":35.0,"gold_gain":0.0,"event_name":"Ghosts","player_choice":"Became a Ghost","floor":21.0,"gold_loss":0.0,"damage_taken":0.0,"cards_obtained":["Ghostly","Ghostly","Ghostly","Ghostly","Ghostly"]},{"damage_healed":0.0,"max_hp_gain":0.0,"max_hp_loss":0.0,"gold_gain":0.0,"event_name":"MindBloom","player_choice":"Upgrade","floor":37.0,"gold_loss":0.0,"damage_taken":0.0,"cards_upgraded":["Strike_G","Strike_G","Defend_G","Defend_G","Defend_G","Defend_G","Survivor","Neutralize","Dagger Spray","Neutralize","PiercingWail","Poisoned Stab","Dash","Leg Sweep","Footwork","Wraith Form v2","Choke","Dodge and Roll","Ghostly","Ghostly","Ghostly","Ghostly","Ghostly","Prepared","PiercingWail","Backflip","Envenom"],"relics_obtained":["Mark of the Bloom"]},{"damage_healed":0.0,"max_hp_gain":0.0,"max_hp_loss":0.0,"gold_gain":0.0,"event_name":"SensoryStone","player_choice":"Memory 1","floor":38.0,"gold_loss":0.0,"damage_taken":0.0},{"damage_healed":0.0,"max_hp_gain":0.0,"max_hp_loss":0.0,"gold_gain":0.0,"event_name":"Tomb of Lord Red Mask","player_choice":"Ignored","floor":39.0,"gold_loss":0.0,"damage_taken":0.0},{"cards_removed":["Strike_G"],"damage_healed":0.0,"max_hp_gain":0.0,"max_hp_loss":0.0,"gold_gain":0.0,"event_name":"Falling","player_choice":"Removed Attack","floor":42.0,"gold_loss":0.0,"damage_taken":0.0}],"is_beta":false,"boss_relics":[{"not_picked":["Runic Dome","WristBlade"],"picked":"Astrolabe"},{"not_picked":["Coffee Dripper","SacredBark"],"picked":"Snecko Eye"}],"items_purged_floors":[19,47],"is_endless":false,"potions_floor_spawned":[1,3,7,16,23,24,25,33,35,41,48],"killed_by":"Time Eater","ascension_level":5}}