{"host":"ef0di4u2iht71tvj","time":1610052504,"event":{"mods":["2.2 Compatiblity","Act Like it!","BaseMod","DeckTracker","Downfall","Hermit","HololiveMod","JesterMod","Koishi","Marisa????????","Minty Spire (QoL Compilation)","StSLib","SuperFastMode","Synergy Search","The Animator","The Bug Knight","The Clintock","The Construct","The Cursed","The Disciple","The Forsaken","The Gatherer","The Hierophant","The Jungle","The Servant 0.9.4"],"gold_per_floor":[113,188,188,204,204,239,139,139,139,174,174,223,249,282,282,402,402,433,433,464,495,521,564,205,235,306,33,33,33,33,33,33,150,150,184,184,217,217,247,287,287,334,357,427,452,480,184,232,232,247,247,247,72,113,128],"floor_reached":56,"playtime":5332,"items_purged":["jesterMod:Strike","jesterMod:Strike+1","jesterMod:Strike+1","Doubt","jesterMod:Defend+1"],"score":1233,"play_id":"a8d500d5-ae07-4da3-aa89-8cdb134e8ea0","local_time":"20210107214824","is_ascension_mode":false,"campfire_choices":[{"data":"jesterMod:Loot","floor":8.0,"key":"SMITH"},{"data":"jesterMod:Sickle","floor":11.0,"key":"SMITH"},{"data":"jesterMod:Prankster","floor":15.0,"key":"SMITH"},{"data":"jesterMod:Leeches","floor":28.0,"key":"SMITH"},{"data":"jesterMod:SwiftDodge+1","floor":32.0,"key":"SMITH"},{"data":"jesterMod:Inspiration","floor":41,"key":"SMITH"},{"floor":49,"key":"RECALL"},{"data":"jesterMod:SwiftDodge+2","floor":52,"key":"SMITH"}],"circlet_count":0,"master_deck":["jesterMod:Sickle+1","jesterMod:Defend+1","jesterMod:Defend+1","jesterMod:Defend+1","jesterMod:Dodge","jesterMod:Leeches","jesterMod:Prankster+1","jesterMod:Precipitation","jesterMod:Overthink","jesterMod:Loot+1","jesterMod:Disposophobia","jesterMod:Leeches+1","jesterMod:BouncingKnife","jesterMod:Leeches","jesterMod:SwiftDodge+3","jesterMod:Illness+1","jesterMod:LightTheWick","jesterMod:Inspiration+1","jesterMod:JugglerBlade","jesterMod:Overthink","jesterMod:DancingMad+1","jesterMod:Placebo","jesterMod:Disposophobia+1"],"relics":["jesterMod:JesterCap","Potion Belt","Bag of Preparation","Centennial Puzzle","SacredBark","Pen Nib","Tiny Chest","Eternal Feather","Shuriken","Lee\u0027s Waffle","Cursed Key","jesterMod:JesterMask","Toxic Egg 2","CatCart","Strawberry","Mercury Hourglass","Art of War"],"acts_visited":["Exordium","TheCity","TheBeyond","TheEnding"],"potions_floor_usage":[44,54,55,55,55,55],"damage_taken":[{"damage":13.0,"enemies":"Cultist","floor":1.0,"turns":4.0},{"damage":12.0,"enemies":"Jaw Worm","floor":4.0,"turns":7.0},{"damage":15.0,"enemies":"Lagavulin","floor":6.0,"turns":7.0},{"damage":15.0,"enemies":"2 Louse","floor":10.0,"turns":5.0},{"damage":29.0,"enemies":"HollowMod:MossKnight","floor":12.0,"turns":4.0},{"damage":14.0,"enemies":"Exordium Thugs","floor":13.0,"turns":4.0},{"damage":24.0,"enemies":"Red Slaver","floor":14.0,"turns":5.0},{"damage":51.0,"enemies":"The Guardian","floor":16.0,"turns":9.0},{"damage":53.0,"enemies":"2 Thieves","floor":18.0,"turns":4.0},{"damage":51.0,"enemies":"Chosen","floor":20.0,"turns":6.0},{"damage":44.0,"enemies":"Centurion and Healer","floor":21.0,"turns":6.0},{"damage":51.0,"enemies":"Chosen and Byrds","floor":22.0,"turns":5.0},{"damage":57.0,"enemies":"Book of Stabbing","floor":23.0,"turns":7.0},{"damage":56.0,"enemies":"Slavers","floor":25.0,"turns":3.0},{"damage":102.0,"enemies":"Champ","floor":33.0,"turns":15.0},{"damage":51.0,"enemies":"3 Shapes","floor":35.0,"turns":8.0},{"damage":36,"enemies":"Orb Walker","floor":37,"turns":5},{"damage":36,"enemies":"Jaw Worm Horde","floor":39,"turns":5},{"damage":37,"enemies":"Nemesis","floor":40,"turns":6},{"damage":52,"enemies":"Reptomancer","floor":42,"turns":6},{"damage":37,"enemies":"Orin","floor":44,"turns":9},{"damage":45,"enemies":"Spire Growth","floor":45,"turns":5},{"damage":62,"enemies":"3 Darklings","floor":46,"turns":7},{"damage":74,"enemies":"HollowMod:StalkingDevout","floor":48,"turns":5},{"damage":169,"enemies":"Awakened One","floor":50,"turns":20},{"damage":158,"enemies":"Shield and Spear","floor":54,"turns":12},{"damage":157,"enemies":"The Heart","floor":55,"turns":9}],"seed_played":"3536803237377234945","potions_obtained":[{"floor":4.0,"key":"EntropicBrew"},{"floor":12.0,"key":"PowerPotion"},{"floor":13.0,"key":"AttackPotion"},{"floor":14.0,"key":"Guardian:BlockOnCardUsePotion"},{"floor":20.0,"key":"SteroidPotion"},{"floor":25.0,"key":"hexamod:EctoCoolerPotion"},{"floor":33.0,"key":"LiquidBronze"},{"floor":35.0,"key":"CultistPotion"},{"floor":45,"key":"Regen Potion"},{"floor":54,"key":"FearPotion"}],"is_trial":false,"path_per_floor":["M","?","?","M","?","E","$","R","T","M","R","E","M","M","R","B",null,"M","?","M","M","M","E","$","E","T","$","R","?","?","$","R","B",null,"M","T","M","?","M","E","R","E","T","?","M","M","$","E","R","B",null,"R","$","E","B",null],"character_chosen":"THE_JESTER","items_purchased":["jesterMod:Disposophobia","jesterMod:Inspiration","Tiny Chest","jesterMod:JugglerBlade","Lee\u0027s Waffle","Strawberry"],"campfire_rested":0,"item_purchase_floors":[7,24,24,24,27,47],"current_hp_per_floor":[69,58,58,66,66,69,69,69,69,70,70,68,65,70,70,63,70,50,50,65,70,70,70,70,31,31,77,77,77,77,77,77,42,77,77,77,77,77,77,77,77,72,72,76,77,77,84,68,80,39,84,84,84,84,7],"gold":128,"neow_bonus":"ONE_RANDOM_RARE_CARD","is_daily":false,"chose_seed":false,"campfire_upgraded":7,"win_rate":0.0,"timestamp":1610052504,"path_taken":["M","?","?","M","?","E","$","R","T","M","R","E","M","?","R","BOSS","M","?","M","M","M","E","$","E","T","$","R","?","?","?","R","BOSS","M","?","?","?","M","E","R","E","T","?","M","M","$","E","R","BOSS","R","$","E","BOSS"],"items_purchased_type":["Card","Card","Relic","Card","Relic","Relic"],"build_version":"2020-12-22","purchased_purges":5,"victory":true,"max_hp_per_floor":[70,70,70,70,70,70,70,70,70,70,70,70,70,70,70,70,70,70,70,70,70,70,70,70,70,70,77,77,77,77,77,77,77,77,77,77,77,77,77,77,77,77,77,77,77,77,84,84,84,84,84,84,84,84,84],"card_choices":[{"not_picked":["jesterMod:Feint","jesterMod:SmokeScreen"],"picked":"jesterMod:Prankster","floor":1.0},{"not_picked":["jesterMod:RecklessStrike","jesterMod:JackInTheBox"],"picked":"jesterMod:Precipitation","floor":4.0},{"not_picked":["jesterMod:PerfectDodge","jesterMod:DaggerRain"],"picked":"jesterMod:Loot","floor":6.0},{"not_picked":["jesterMod:OblivionStrike","jesterMod:PerfectDodge"],"picked":"jesterMod:Leeches","floor":10.0},{"not_picked":["jesterMod:HitAndRun","jesterMod:Twirl","jesterMod:Talion"],"picked":"SKIP","floor":12.0},{"not_picked":["jesterMod:TrickyDodge","jesterMod:QuickStrike","jesterMod:JackInTheBox"],"picked":"SKIP","floor":13.0},{"not_picked":["jesterMod:Disposophobia","jesterMod:JackInTheBox"],"picked":"jesterMod:BouncingKnife","floor":14.0},{"not_picked":["jesterMod:Encore","jesterMod:ButterflyDance"],"picked":"jesterMod:Leeches","floor":16.0},{"not_picked":["jesterMod:RecklessStrike","jesterMod:Prankster","jesterMod:ButterKnife+1"],"picked":"SKIP","floor":18.0},{"not_picked":["jesterMod:Patience","jesterMod:DanceOfChaos"],"picked":"jesterMod:SwiftDodge+1","floor":20.0},{"not_picked":["jesterMod:Rebuff","jesterMod:DanceOfChaos","jesterMod:JackInTheBox"],"picked":"SKIP","floor":21.0},{"not_picked":["jesterMod:SmokeScreen","jesterMod:Procrastination+1"],"picked":"jesterMod:Illness+1","floor":22.0},{"not_picked":["jesterMod:Contradiction","jesterMod:Disposophobia"],"picked":"jesterMod:LightTheWick","floor":23.0},{"not_picked":["jesterMod:Pause","jesterMod:Frenzy","jesterMod:Precipitation"],"picked":"SKIP","floor":25.0},{"not_picked":["jesterMod:Drunkenness","jesterMod:ExperimentalTreatment"],"picked":"jesterMod:Overthink","floor":33.0},{"not_picked":["jesterMod:Rebuff","jesterMod:Dilapidation"],"picked":"jesterMod:DancingMad+1","floor":35.0},{"not_picked":["jesterMod:DancingMad+1","jesterMod:QuickStrike","jesterMod:Patience+1"],"picked":"SKIP","floor":37},{"not_picked":["jesterMod:OblivionStrike","jesterMod:Feint+1","jesterMod:Schizophrenia+1"],"picked":"SKIP","floor":39},{"not_picked":["jesterMod:Anticipation","jesterMod:ButterKnife+1"],"picked":"jesterMod:Placebo","floor":40},{"not_picked":["jesterMod:Tinker+1","jesterMod:QuickStrike+1","jesterMod:JugglerBlade"],"picked":"SKIP","floor":42},{"not_picked":["jesterMod:ButterKnife","jesterMod:JackInTheBox+1","jesterMod:OblivionStrike"],"picked":"SKIP","floor":45},{"not_picked":["jesterMod:RecklessStrike+1","jesterMod:Frustration","jesterMod:QuickStrike+1"],"picked":"SKIP","floor":46},{"not_picked":["jesterMod:MudBall+1","jesterMod:Rebuff+1"],"picked":"jesterMod:Disposophobia+1","floor":48},{"not_picked":["jesterMod:MudBall","jesterMod:Twirl","jesterMod:Patience+1"],"picked":"SKIP","floor":54}],"player_experience":1820993,"relics_obtained":[{"floor":6.0,"key":"Potion Belt"},{"floor":9.0,"key":"Bag of Preparation"},{"floor":12.0,"key":"Centennial Puzzle"},{"floor":23.0,"key":"Pen Nib"},{"floor":25.0,"key":"Eternal Feather"},{"floor":26.0,"key":"Shuriken"},{"floor":40,"key":"jesterMod:JesterMask"},{"floor":42,"key":"Toxic Egg 2"},{"floor":44,"key":"CatCart"},{"floor":48,"key":"Mercury Hourglass"},{"floor":54,"key":"Art of War"}],"event_choices":[{"damage_healed":0.0,"max_hp_gain":0.0,"max_hp_loss":0.0,"gold_gain":75.0,"event_name":"World of Goop","player_choice":"Gather Gold","floor":2.0,"gold_loss":0.0,"damage_taken":11.0},{"damage_healed":0.0,"max_hp_gain":0.0,"max_hp_loss":0.0,"gold_gain":0.0,"cards_transformed":["jesterMod:Strike"],"event_name":"Living Wall","player_choice":"Change","floor":5.0,"gold_loss":0.0,"damage_taken":0.0,"cards_obtained":["jesterMod:Overthink"]},{"damage_healed":0.0,"max_hp_gain":0.0,"max_hp_loss":0.0,"gold_gain":0.0,"event_name":"Back to Basics","player_choice":"Simplicity","floor":19.0,"gold_loss":0.0,"damage_taken":0.0,"cards_upgraded":["jesterMod:Strike","jesterMod:Strike","jesterMod:Defend","jesterMod:Defend","jesterMod:Defend","jesterMod:Defend"]},{"damage_healed":0.0,"max_hp_gain":0.0,"max_hp_loss":0.0,"gold_gain":0.0,"event_name":"Cursed Tome","player_choice":"Ignored","floor":29.0,"gold_loss":0.0,"damage_taken":0.0},{"damage_healed":0.0,"max_hp_gain":0.0,"max_hp_loss":0.0,"gold_gain":0.0,"event_name":"The Mausoleum","player_choice":"Ignored","floor":30.0,"gold_loss":0.0,"damage_taken":0.0},{"damage_healed":0,"gold_gain":0,"player_choice":"Ignored","damage_taken":0,"max_hp_gain":0,"max_hp_loss":0,"event_name":"Tomb of Lord Red Mask","floor":38,"gold_loss":0},{"damage_healed":0,"gold_gain":0,"player_choice":"Fight","damage_taken":0,"max_hp_gain":0,"max_hp_loss":0,"event_name":"OrinTheCat","floor":44,"gold_loss":0}],"is_beta":false,"boss_relics":[{"not_picked":["Fusion Hammer","Runic Pyramid"],"picked":"SacredBark"},{"not_picked":["Tiny House","jesterMod:HarlequinCap"],"picked":"Cursed Key"}],"items_purged_floors":[7,24,27,47,53],"is_endless":false,"potions_floor_spawned":[4,12,13,14,20,25,33,35,45,48,54],"ascension_level":0}}