{"host":"affnxa2atuc7p34z","time":1610028059,"event":{"mods":["ATMod(阿瑾Mod)","Act Like it!","Arknights The Spire","Aspiration","BaseMod","Dota2Spire","Faster Ascension Climbing","Friendly Minions","Gensokyo","GungeonMod","HololiveMod","KinomotoSakuraMod(木之本樱)","Kiyohime（清姬）","Koishi","KomeijiMod","Lobotomy","Minty Spire (QoL Compilation)","Prisma Mod","Quarter Circle Forward PUNCH!","Quick Restart","Reimu（博丽灵梦）","Replay The Spire","RumiaBox-露米娅的神秘盒子","SIMod","Shop Mod","StSLib","TestMod","The Alterego","The Jungle","TheWitcher","UnlockEverythingMod","Waifu the Spire","WarShipGirlsR/战舰少女R mod","Yakumo Yukari mod","Youmu（魂魄妖梦）","[IsaacMod]以撒尖塔","vexMod","【功能Mod】混沌之环修复补丁","【功能Mod】聪明的最终Boss","【遗物卡牌】REMEMod","篝火指南"],"gold_per_floor":[159,207,214,390,106,131,195,241,241,287,294,294,392,434,320,555,555,591,0,185,57,57,6,6,60,60,105,17,125,223,138,195,245,245],"floor_reached":33,"playtime":3173,"items_purged":["rmod:gendarmerie","DemoMod:GunslingerForm+1","CommonCold","rmod:tearstotiara","rmod:circuitoustactics","rmod:maintain"],"score":874,"play_id":"933b6a98-f27a-4b5b-91c9-a8d3d8ced3e7","local_time":"20210107220059","daily_mods":["SealedDeck","Specialized","Vintage","Heirloom","Time Dilation","Flight","Midas"],"is_ascension_mode":true,"campfire_choices":[],"circlet_count":0,"master_deck":["Demon Form+1","Echo Form+1","DevaForm+1","AscendersBane","BloodyBrimstone","rmod:tearstotiara","rmod:tearstotiara","rmod:victimresponsibility","rmod:intelligenceanalysis","rmod:firesupport","rmod:goodsister","rmod:firesupport","rmod:firesupport","rmod:fletcherpendant","rmod:mineteam+1","rmod:openingtorpedo+1","rmod:firesupport","Envenom+1","rmod:intelligenceanalysis+1","rmod:selfconfidence","rmod:supportescort","rmod:intelligenceanalysis","rmod:slowdown+1","rmod:fletcherpendant","rmod:fletcherpendant","rmod:chargemoney+1","rmod:abidefaith+1","rmod:timeschanged+1","rmod:supriseattacks","AT_EmpoweredMortalDraw+1","rmod:firesupport","rmod:victimresponsibility","rmod:goodfighter","rmod:lonelyqueen","rmod:aluminumsupply+1","rmod:supportescort+1","rmod:fletcher","rmod:expedition+1","Gensokyo:AllTheWorldsEvil","rmod:tearstotiara","rmod:maingunfire","rmod:expedition"],"relics":["rmod:firstchargereward","qcfpunch:Necklace_of_Skulls","qcfpunch:Lotus_Statue","testmod-TestBox","HushsDoor","replay:Trail_Library","REME_ComplimentaryCards","AT_ATBox","MerchantsRug","REME_IWantAll","Replay:Baseball","ReplayTheSpireMod:CursedCoin","REME_HandOfSuture","AT_MortalBlade","Strange Spoon","AT_ArchangelStaff","AT_MibuBalloonWealth"],"acts_visited":["Exordium","TheCity"],"potions_floor_usage":[],"damage_taken":[{"damage":0,"enemies":"Cultist","floor":1,"turns":1},{"damage":0,"enemies":"2 Louse","floor":2,"turns":1},{"damage":0,"enemies":"Jaw Worm","floor":7,"turns":2},{"damage":5,"enemies":"3 Louse","floor":8,"turns":2},{"damage":6,"enemies":"Lots of Slimes","floor":10,"turns":2},{"damage":11,"enemies":"The Mushroom Lair","floor":13,"turns":2},{"damage":0,"enemies":"Looter","floor":14,"turns":2},{"damage":9,"enemies":"Slime Boss","floor":16,"turns":5},{"damage":0,"enemies":"Spheric Guardian","floor":18,"turns":1},{"damage":30,"enemies":"Hiden Room Battle","floor":20,"turns":2},{"damage":0,"enemies":"Shell Parasite","floor":25,"turns":1},{"damage":0,"enemies":"Snecko","floor":27,"turns":2},{"damage":0,"enemies":"3 Cultists","floor":29,"turns":2},{"damage":5,"enemies":"Chosen and Byrds","floor":30,"turns":3},{"damage":35,"enemies":"Collector","floor":33,"turns":4}],"seed_played":"-5557679974412908192","potions_obtained":[{"floor":2,"key":"AttackPotion"},{"floor":10,"key":"Adrenaline Potion"},{"floor":14,"key":"Reflective Coating"},{"floor":16,"key":"DistilledChaos"},{"floor":27,"key":"SkillPotion"}],"is_trial":true,"path_per_floor":["M","M","?","$","$","R","M","M","T","M","?","?","?","M","R","B",null,"M","?","?","$","?","R","?","M","T","M","$","M","M","?","R","B"],"character_chosen":"PRAEFECT","items_purchased":["MerchantsRug","rmod:gendarmerie","REME_IWantAll","Guide Book","rmod:intelligenceanalysis","Replay:Baseball","ReplayTheSpireMod:CursedCoin","rmod:fletcherpendant","rmod:chargemoney","rmod:fletcher","Strange Spoon","rmod:expedition","AT_ArchangelStaff","AT_MibuBalloonWealth","rmod:expedition"],"campfire_rested":0,"item_purchase_floors":[4,4,4,4,5,5,6,15,15,21,23,23,23,28,32],"current_hp_per_floor":[63,63,58,58,58,58,68,63,63,57,42,42,34,34,34,28,72,72,78,36,36,36,36,36,36,36,36,36,36,31,31,31,0,0],"gold":245,"neow_bonus":"","is_daily":false,"chose_seed":false,"campfire_upgraded":0,"win_rate":0.0,"timestamp":1610028059,"path_taken":["M","?","?","$","$","R","M","M","T","M","?","?","?","?","R","BOSS","M","?","?","$","?","R","?","M","T","?","?","M","?","?","R","BOSS"],"items_purchased_type":["Relic","Card","Relic","Relic","Card","Relic","Relic","Card","Card","Card","Relic","Card","Relic","Relic","Card"],"build_version":"2020-12-22","purchased_purges":6,"victory":false,"max_hp_per_floor":[70,70,70,70,70,70,80,80,80,80,80,80,83,83,83,86,86,86,92,95,95,95,95,95,95,95,95,95,92,92,92,92,92,92],"card_choices":[{"not_picked":[],"picked":"BloodyBrimstone","floor":0},{"not_picked":["rmod:supportescort","rmod:intelligenceanalysis","rmod:slowdown"],"picked":"Singing Bowl","floor":13},{"not_picked":["rmod:abidefaith","rmod:timeschanged","rmod:supriseattacks"],"picked":"Singing Bowl","floor":16},{"not_picked":["rmod:firesupport","rmod:victimresponsibility","rmod:goodfighter"],"picked":"Singing Bowl","floor":19},{"not_picked":["rmod:circuitoustactics","rmod:lonelyqueen","rmod:smokecover"],"picked":"Singing Bowl","floor":19},{"not_picked":["rmod:aluminumsupply","rmod:victimresponsibility","rmod:supportescort+1"],"picked":"Singing Bowl","floor":20}],"player_experience":351112,"relics_obtained":[{"floor":1,"key":"Pantograph"},{"floor":2,"key":"Replay:Wax Seal"},{"floor":7,"key":"Pear"},{"floor":8,"key":"Centennial Puzzle"},{"floor":9,"key":"Ice Cream"},{"floor":10,"key":"Bronze Scales"},{"floor":13,"key":"Odd Mushroom"},{"floor":14,"key":"REME_HandOfSuture"},{"floor":18,"key":"Dota2Spire:DrumOfEndurance"},{"floor":19,"key":"DemoMod:WhiteGuonStone"},{"floor":20,"key":"testmod-Justice"},{"floor":20,"key":"vexMod:FocusSash"},{"floor":25,"key":"Eternal Feather"},{"floor":26,"key":"Bag of Marbles"},{"floor":27,"key":"AT_ForceNature"},{"floor":29,"key":"War Paint"},{"floor":30,"key":"DemoMod:Bottle"}],"event_choices":[{"damage_healed":0,"gold_gain":0,"player_choice":"Success","damage_taken":5,"relics_obtained":["ReplayFunnel"],"max_hp_gain":0,"max_hp_loss":0,"event_name":"Scrap Ooze","floor":3,"gold_loss":0},{"damage_healed":0,"gold_gain":0,"player_choice":"Gave Potion","damage_taken":0,"relics_obtained":["SnafuTest:CatRelic"],"max_hp_gain":0,"max_hp_loss":0,"event_name":"WeMeetAgain","floor":12,"gold_loss":0},{"damage_healed":0,"gold_gain":0,"player_choice":"Fought Mushrooms","damage_taken":0,"max_hp_gain":0,"max_hp_loss":0,"event_name":"Mushrooms","floor":13,"gold_loss":0},{"damage_healed":0,"gold_gain":0,"player_choice":"Fight","damage_taken":0,"max_hp_gain":0,"max_hp_loss":0,"event_name":"HidenRoomEvent","floor":20,"gold_loss":0},{"damage_healed":0,"gold_gain":0,"player_choice":"3 cards matched","damage_taken":0,"max_hp_gain":0,"max_hp_loss":0,"event_name":"Match and Keep!","floor":24,"gold_loss":0,"cards_obtained":["Gensokyo:AllTheWorldsEvil","rmod:tearstotiara","rmod:maingunfire"]},{"damage_healed":0,"gold_gain":0,"player_choice":"Obtained Relic","damage_taken":0,"relics_obtained":["Singing Bowl"],"max_hp_gain":0,"max_hp_loss":0,"event_name":"Addict","floor":31,"gold_loss":85}],"is_beta":false,"boss_relics":[{"not_picked":["REME_DuelDisc","Empty Cage"],"picked":"AT_MortalBlade"},{"not_picked":[]}],"items_purged_floors":[4,5,6,15,21,28],"is_endless":true,"potions_floor_spawned":[2,10,14,16,27],"killed_by":"Collector","ascension_level":20}}