{"host":"2lrkmsuh7nz013qb","time":1610021911,"event":{"mods":["BaseMod","Colored Map","DeckTracker","Minty Spire (QoL Compilation)","SuperFastMode","everything is the same but u backflip on backflip"],"gold_per_floor":[114,39,49,59,59,59,77,91,146,146,164,164,27,45,45,45,45],"floor_reached":16,"playtime":379,"items_purged":["Strike_G","Defend_G"],"score":188,"play_id":"20b1059f-ad6e-4340-be48-4bb3473a20bb","local_time":"20210107211831","is_ascension_mode":true,"campfire_choices":[{"data":"Dagger Spray","floor":6,"key":"SMITH"},{"data":"Neutralize","floor":10,"key":"SMITH"},{"data":"Venomology","floor":15,"key":"SMITH"}],"circlet_count":0,"master_deck":["AscendersBane","Strike_G","Strike_G","Strike_G","Strike_G","Defend_G","Defend_G","Defend_G","Defend_G","Survivor","Neutralize+1","Secret Weapon","Dagger Spray+1","Dash","Venomology+1","Backflip"],"relics":["Ring of the Snake","Smiling Mask","Golden Idol"],"acts_visited":["Exordium"],"potions_floor_usage":[16,16,16],"damage_taken":[{"damage":9,"enemies":"2 Louse","floor":1,"turns":4},{"damage":0,"enemies":"Small Slimes","floor":3,"turns":2},{"damage":0,"enemies":"Jaw Worm","floor":4,"turns":5},{"damage":17,"enemies":"Exordium Wildlife","floor":7,"turns":6},{"damage":0,"enemies":"2 Fungi Beasts","floor":8,"turns":2},{"damage":0,"enemies":"Looter","floor":11,"turns":3},{"damage":0,"enemies":"Gremlin Gang","floor":14,"turns":3},{"damage":18,"enemies":"Slime Boss","floor":16,"turns":7}],"seed_played":"6291036836479497714","potions_obtained":[{"floor":3,"key":"Weak Potion"},{"floor":4,"key":"SteroidPotion"},{"floor":8,"key":"DuplicationPotion"},{"floor":14,"key":"DuplicationPotion"}],"is_trial":false,"path_per_floor":["M","$","M","M","?","R","M","M","T","R","M","?","$","M","R","B"],"character_chosen":"THE_SILENT","items_purchased":["Venomology"],"campfire_rested":0,"item_purchase_floors":[13],"current_hp_per_floor":[35,35,35,35,35,35,18,18,18,18,18,18,18,18,18,0,0],"gold":45,"neow_bonus":"RANDOM_COLORLESS_2","is_daily":false,"chose_seed":false,"campfire_upgraded":3,"win_rate":0.0,"timestamp":1610021911,"path_taken":["M","$","M","M","?","R","M","M","T","R","M","?","$","M","R","BOSS"],"items_purchased_type":["Card"],"build_version":"2020-12-22","purchased_purges":2,"victory":false,"max_hp_per_floor":[66,66,66,66,66,66,66,66,66,66,66,60,60,60,60,60,60],"card_choices":[{"not_picked":["Metamorphosis","The Bomb"],"picked":"Secret Weapon","floor":0},{"not_picked":["Expertise","Backflip"],"picked":"Dagger Spray","floor":1},{"not_picked":["Deflect","Cloak And Dagger","Dagger Spray"],"picked":"SKIP","floor":3},{"not_picked":["Acrobatics","Slice"],"picked":"Dash","floor":4},{"not_picked":["Escape Plan","Underhanded Strike","Setup"],"picked":"SKIP","floor":7},{"not_picked":["Outmaneuver","Deadly Poison","Flying Knee"],"picked":"SKIP","floor":8},{"not_picked":["Dodge and Roll","Outmaneuver","Deflect"],"picked":"SKIP","floor":11},{"not_picked":["Crippling Poison","Bane"],"picked":"Backflip","floor":14}],"player_experience":741772,"relics_obtained":[{"floor":9,"key":"Smiling Mask"}],"event_choices":[{"damage_healed":0,"gold_gain":0,"player_choice":"Ignored","damage_taken":0,"max_hp_gain":0,"max_hp_loss":0,"event_name":"Liars Game","floor":5,"gold_loss":0},{"damage_healed":0,"gold_gain":0,"player_choice":"Lose Max HP","damage_taken":0,"relics_obtained":["Golden Idol"],"max_hp_gain":0,"max_hp_loss":6,"event_name":"Golden Idol","floor":12,"gold_loss":0}],"is_beta":false,"boss_relics":[],"items_purged_floors":[2,13],"is_endless":false,"potions_floor_spawned":[3,4,8,14],"killed_by":"Slime Boss","ascension_level":20}}