{"host":"4xikrlo049sozq0n","time":1610040232,"event":{"mods":["AchievementEnabler","BaseMod","BetterRewards","Challenge The Spire","Colored Powertips","Downfall","Energized Spire","Highlight Path","Hubris","Minty Spire (QoL Compilation)","Permanent Neow","Quick Restart","Relic Filter","Relic Sorter","Remove Card Discount Mod","Replay The Spire","StSLib","SuperFastMode","Synergy Search"],"gold_per_floor":[112,112,132,132,132,132,142,142,142,142,177,177,27,55,55,156,156,172,202,202,202],"floor_reached":20,"playtime":522,"items_purged":["Strike_B","Strike_B","Clumsy","Strike_B","Defend_B","Defend_B","Defend_B"],"score":512,"play_id":"309b448b-897a-4842-92a7-27f80c74f864","local_time":"20210107122352","is_ascension_mode":true,"campfire_choices":[{"floor":6,"key":"REST"},{"data":"Tempest","floor":8,"key":"SMITH"},{"data":"Zap","floor":10,"key":"SMITH"},{"data":"Static Discharge","floor":12,"key":"SMITH"},{"data":"Chaos","floor":15,"key":"SMITH"}],"circlet_count":0,"master_deck":["Strike_B+1","Zap+1","Dualcast","Static Discharge+1","Capacitor+1","Double Energy+1","Rebound","Gash","FIFO Queue+1","Ball Lightning","hubris:PowerSurge+1","Darkness","hubris:Prefetch+1","Rebound","Tempest+1","Redo","Chaos+1","Multi-Cast","Storm","Ball Lightning"],"relics":["Cracked Core","ReplayTheSpireMod:CursedCoin","hubris:Potato","Shuriken","Sundial","Matryoshka","Bottled Lightning","Blue Doll","hubris:TinFlute","hubris:SoftwareUpdate","Guide Book","Dream Catcher","Nuclear Battery","Red Mask"],"acts_visited":["Exordium","TheCity"],"potions_floor_usage":[14,14,18],"damage_taken":[{"damage":2,"enemies":"Jaw Worm","floor":1,"turns":4},{"damage":0,"enemies":"2 Louse","floor":3,"turns":4},{"damage":1,"enemies":"Cultist","floor":7,"turns":5},{"damage":0,"enemies":"Gremlin Nob","floor":11,"turns":4},{"damage":10,"enemies":"3 Sentries","floor":14,"turns":4},{"damage":0,"enemies":"Slime Boss","floor":16,"turns":5},{"damage":33,"enemies":"2 Thieves","floor":18,"turns":5},{"damage":12,"enemies":"Masked Bandits","floor":19,"turns":4},{"damage":34,"enemies":"Shell Parasite","floor":20,"turns":5}],"seed_played":"8760650748818231272","potions_obtained":[{"floor":3,"key":"Reflective Coating"},{"floor":7,"key":"SneckoOil"},{"floor":11,"key":"SpeedPotion"},{"floor":14,"key":"FocusPotion"},{"floor":19,"key":"Energy Potion"}],"is_trial":false,"path_per_floor":["M","?","M","?","?","R","M","R","T","R","E","R","$","E","R","B",null,"M","?","M"],"character_chosen":"DEFECT","items_purchased":["ReplayTheSpireMod:CursedCoin","hubris:Potato","Shuriken","Static Discharge","Capacitor","Double Energy","Sundial","Rebound","Gash","Matryoshka","Bottled Lightning","FIFO Queue","Ball Lightning","hubris:PowerSurge","Guide Book"],"campfire_rested":1,"item_purchase_floors":[0,0,0,0,0,0,0,0,0,0,0,0,0,0,13],"current_hp_per_floor":[19,19,19,19,4,75,74,74,74,74,74,74,74,64,64,64,75,42,30,0,0],"gold":202,"neow_bonus":"","is_daily":false,"chose_seed":false,"campfire_upgraded":4,"win_rate":0.0,"timestamp":1610040232,"path_taken":["M","?","M","?","?","R","M","R","T","R","E","R","$","E","R","BOSS","M","?","M"],"items_purchased_type":["Relic","Relic","Relic","Card","Card","Card","Relic","Card","Card","Relic","Relic","Card","Card","Card","Relic"],"build_version":"2020-12-22","purchased_purges":7,"victory":false,"max_hp_per_floor":[75,75,75,75,75,75,75,75,75,75,75,75,75,75,75,75,75,75,75,75,75],"card_choices":[{"not_picked":["BasicCrystalCard","Steam"],"picked":"Darkness","floor":1},{"not_picked":["Streamline","Barrage"],"picked":"Rebound","floor":3},{"not_picked":["Machine Learning","Coolheaded"],"picked":"Tempest","floor":7},{"not_picked":["Rebound","Aggregate"],"picked":"Redo","floor":11},{"not_picked":["Compile Driver","Conserve Battery"],"picked":"Chaos","floor":14},{"not_picked":["Hyperbeam","hubris:Prefetch"],"picked":"Multi-Cast","floor":16},{"not_picked":["Streamline","Glacier+1"],"picked":"Storm","floor":18},{"not_picked":["Coolheaded+1","Gash+1"],"picked":"Ball Lightning","floor":19}],"player_experience":935357,"relics_obtained":[{"floor":9,"key":"Blue Doll"},{"floor":9,"key":"hubris:TinFlute"},{"floor":11,"key":"hubris:SoftwareUpdate"},{"floor":14,"key":"Dream Catcher"},{"floor":19,"key":"Red Mask"}],"event_choices":[{"damage_healed":0,"gold_gain":0,"player_choice":"Entered Light","damage_taken":15,"max_hp_gain":0,"max_hp_loss":0,"event_name":"Shining Light","floor":5,"gold_loss":0,"cards_upgraded":["FIFO Queue","Strike_B"]},{"damage_healed":0,"gold_gain":0,"player_choice":"Fought Bandits","damage_taken":0,"max_hp_gain":0,"max_hp_loss":0,"event_name":"Masked Bandits","floor":19,"gold_loss":0}],"is_beta":false,"boss_relics":[{"not_picked":["energizedSpire:StickyHand","hubris:GrandSneckoEye"],"picked":"Nuclear Battery"}],"items_purged_floors":[0,0,0,0,0,13,13],"is_endless":false,"potions_floor_spawned":[3,7,11,14,19],"killed_by":"Shell Parasite","ascension_level":9}}