{"host":"dmdprxj8bosbz96f","time":1610021449,"event":{"mods":["AchievementEnabler","BaseMod","Colored Map","DeckTracker","Minty Spire (QoL Compilation)","Permanent Neow","Quick Restart","SuperFastMode","everything is the same but u backflip on backflip"],"gold_per_floor":[13,13,13,13,28,68,68,68,68,68,89,49,49,96,96,228,228,251,279,302,302,84,84,84],"floor_reached":23,"playtime":427,"items_purged":["Injury"],"score":236,"play_id":"952b058c-c23d-4010-9996-e472289e177f","local_time":"20210107211049","is_ascension_mode":true,"campfire_choices":[{"data":"Perfected Strike","floor":7,"key":"SMITH"},{"data":"Combust","floor":10,"key":"SMITH"},{"data":"Shrug It Off","floor":13,"key":"SMITH"},{"floor":15,"key":"REST"}],"circlet_count":0,"master_deck":["Strike_R","Strike_R","Strike_R","Strike_R","Defend_R","Defend_R","Bash","Combust+1","Immolate","Shrug It Off+1","Bash","Perfected Strike+1","Wild Strike","Pommel Strike","Dual Wield","Double Tap","Pommel Strike","Battle Trance+1","Perfected Strike"],"relics":["Burning Blood","Ginger","Toy Ornithopter","CeramicFish","Philosopher\u0027s Stone","Nloth\u0027s Gift","Nunchaku"],"acts_visited":["Exordium","TheCity"],"potions_floor_usage":[16,16,23,23],"damage_taken":[{"damage":14,"enemies":"Jaw Worm","floor":1,"turns":2},{"damage":2,"enemies":"Cultist","floor":5,"turns":3},{"damage":27,"enemies":"Gremlin Nob","floor":6,"turns":4},{"damage":1,"enemies":"2 Louse","floor":11,"turns":2},{"damage":13,"enemies":"3 Sentries","floor":14,"turns":3},{"damage":60,"enemies":"Hexaghost","floor":16,"turns":8},{"damage":32,"enemies":"2 Thieves","floor":18,"turns":3},{"damage":14,"enemies":"Chosen","floor":19,"turns":2},{"damage":0,"enemies":"Snecko","floor":20,"turns":3},{"damage":57,"enemies":"Slavers","floor":23,"turns":3}],"seed_played":"5604802558549183115","potions_obtained":[{"floor":12,"key":"Swift Potion"},{"floor":12,"key":"Ancient Potion"},{"floor":12,"key":"DuplicationPotion"},{"floor":16,"key":"FearPotion"},{"floor":19,"key":"Block Potion"},{"floor":20,"key":"SkillPotion"}],"is_trial":false,"path_per_floor":["M","$","?","?","M","E","R","?","T","R","M","?","R","E","R","B",null,"M","M","M","?","$","E"],"character_chosen":"IRONCLAD","items_purchased":["Nunchaku"],"campfire_rested":1,"item_purchase_floors":[22],"current_hp_per_floor":[72,72,72,72,74,53,53,53,53,53,58,58,58,51,73,29,74,48,40,46,46,46,0,0],"gold":84,"neow_bonus":"TRANSFORM_TWO_CARDS","is_daily":false,"chose_seed":false,"campfire_upgraded":3,"win_rate":0.0,"timestamp":1610021449,"path_taken":["M","$","?","?","?","E","R","?","T","R","M","?","R","E","R","BOSS","M","?","M","?","$","E"],"items_purchased_type":["Relic"],"build_version":"2020-12-22","purchased_purges":1,"victory":false,"max_hp_per_floor":[80,80,74,74,74,74,74,74,74,74,74,74,74,74,74,74,74,74,74,74,74,74,74,74],"card_choices":[{"not_picked":["Anger","Clothesline"],"picked":"Shrug It Off","floor":1},{"not_picked":["Brutality","Flex"],"picked":"Perfected Strike","floor":5},{"not_picked":["Brutality","Spot Weakness"],"picked":"Wild Strike","floor":6},{"not_picked":["Twin Strike","Uppercut"],"picked":"Pommel Strike","floor":11},{"not_picked":["Thunderclap","Evolve"],"picked":"Dual Wield","floor":14},{"not_picked":["Exhume","Fiend Fire"],"picked":"Double Tap","floor":16},{"not_picked":["Whirlwind","Heavy Blade"],"picked":"Pommel Strike","floor":18},{"not_picked":["Sword Boomerang","Heavy Blade"],"picked":"Battle Trance+1","floor":19},{"not_picked":["Thunderclap+1","Heavy Blade"],"picked":"Perfected Strike","floor":20}],"player_experience":168821,"relics_obtained":[{"floor":6,"key":"Ginger"},{"floor":9,"key":"Toy Ornithopter"},{"floor":14,"key":"CeramicFish"}],"event_choices":[{"damage_healed":0,"gold_gain":0,"player_choice":"Lose Max HP","damage_taken":0,"relics_obtained":["Golden Idol"],"max_hp_gain":0,"max_hp_loss":6,"event_name":"Golden Idol","floor":3,"gold_loss":0},{"damage_healed":0,"gold_gain":0,"player_choice":"2 cards matched","damage_taken":0,"max_hp_gain":0,"max_hp_loss":0,"event_name":"Match and Keep!","floor":4,"gold_loss":0,"cards_obtained":["Injury","Bash"]},{"cards_removed":["Defend_R"],"damage_healed":0,"gold_gain":0,"player_choice":"Forget","damage_taken":0,"max_hp_gain":0,"max_hp_loss":0,"event_name":"Living Wall","floor":8,"gold_loss":0},{"damage_healed":0,"gold_gain":0,"player_choice":"Bought 3 Potions","damage_taken":0,"max_hp_gain":0,"max_hp_loss":0,"event_name":"The Woman in Blue","floor":12,"gold_loss":0},{"damage_healed":0,"gold_gain":0,"player_choice":"Traded Relic","damage_taken":0,"relics_obtained":["Nloth\u0027s Gift"],"max_hp_gain":0,"max_hp_loss":0,"event_name":"N\u0027loth","floor":21,"relics_lost":["Golden Idol"],"gold_loss":0}],"is_beta":false,"boss_relics":[{"not_picked":["Cursed Key","Velvet Choker"],"picked":"Philosopher\u0027s Stone"}],"items_purged_floors":[22],"is_endless":false,"potions_floor_spawned":[16,19,20],"killed_by":"Slavers","ascension_level":4}}