{"host":"wwpfn8dnr1liindi","time":1610046992,"event":{"mods":["BaseMod","Minty Spire (QoL Compilation)","Permanent Neow","[IsaacMod]ÒÔÈö¼âËþ"],"gold_per_floor":[112,131,151,163,163,173,16,16,42,49,91,118,159,159,159,298,298,333,333,340,401,428,468,535,535,583,629,667,582,631,711,711,848,848,901,985,1060,1133,1133,1133,1140,1140,1164,134,197,197,247,75,75,96,152],"floor_reached":52,"playtime":2931,"items_purged":["Strike_R"],"score":1294,"play_id":"62af43b3-8d21-47d2-b225-00dcb335aa9c","local_time":"20210108031632","daily_mods":["Colorless Cards","Heirloom","Time Dilation","Flight"],"is_ascension_mode":false,"campfire_choices":[{"data":"EpicFetus","floor":8.0,"key":"SMITH"},{"floor":15.0,"key":"REST"},{"floor":25.0,"key":"REST"},{"floor":32.0,"key":"REST"},{"floor":40.0,"key":"REST"},{"floor":42.0,"key":"REST"},{"data":"Transmutation","floor":49.0,"key":"SMITH"}],"circlet_count":0,"master_deck":["Strike_R","Strike_R","Strike_R","Strike_R","Defend_R+1","Defend_R","Defend_R","Bash","EpicFetus+1","Fire Breathing","Rage","Secret Weapon","Iron Wave","Jack Of All Trades","Heavy Blade","Hemokinesis","Iron Wave","Exhume+1","Seeing Red+1","J.A.X.","Burning Pact","Trip+1","Flame Barrier","Anger+1","Reaper","Feel No Pain","Seeing Red","HandOfGreed","Jack Of All Trades","Bandage Up","Body Slam+1","Blind","Metallicize","Entrench+1","SuicideKing","Madness","Bandage Up","Armaments+1","Transmutation+1","Inflame","Discovery","Rupture","Bandage Up"],"relics":["Burning Blood","HushsDoor","PillsDrop","StoneCalendar","Ancient Tea Set","BookOfRevelations","SalivaCoin","MealTicket","Centennial Puzzle","Philosopher\u0027s Stone","SatanicBible","PunchingBag","Nunchaku","War Paint","Paper Frog","Smiling Mask","ChampionBelt","Matryoshka","Lantern","DeadEye","Meat on the Bone","Dream Catcher","BookofShadows","Toy Ornithopter","Oddly Smooth Stone","Bottled Flame","Toolbox","Akabeko","Bag of Preparation","Champion Belt","Frozen Eye"],"acts_visited":["Exordium","TheCity","TheBeyond"],"potions_floor_usage":[50,51],"damage_taken":[{"damage":5.0,"enemies":"2 Louse","floor":1.0,"turns":3.0},{"damage":11.0,"enemies":"Jaw Worm","floor":2.0,"turns":3.0},{"damage":6.0,"enemies":"Cultist","floor":3.0,"turns":3.0},{"damage":7.0,"enemies":"3 Louse","floor":4.0,"turns":3.0},{"damage":19.0,"enemies":"Exordium Thugs","floor":6.0,"turns":5.0},{"damage":15.0,"enemies":"3 Sentries","floor":11.0,"turns":4.0},{"damage":12.0,"enemies":"Blue Slaver","floor":12.0,"turns":3.0},{"damage":10.0,"enemies":"Gremlin Nob","floor":13.0,"turns":4.0},{"damage":2.0,"enemies":"The Guardian","floor":16.0,"turns":7.0},{"damage":9.0,"enemies":"Chosen","floor":18.0,"turns":3.0},{"damage":25.0,"enemies":"Spheric Guardian","floor":21.0,"turns":4.0},{"damage":3.0,"enemies":"Snecko","floor":22.0,"turns":3.0},{"damage":0.0,"enemies":"Book of Stabbing","floor":23.0,"turns":1.0},{"damage":12.0,"enemies":"Slavers","floor":24.0,"turns":3.0},{"damage":8.0,"enemies":"Snake Plant","floor":27.0,"turns":2.0},{"damage":12.0,"enemies":"Cultist and Chosen","floor":28.0,"turns":4.0},{"damage":20.0,"enemies":"Sentry and Sphere","floor":30.0,"turns":5.0},{"damage":26.0,"enemies":"Gremlin Leader","floor":31.0,"turns":3.0},{"damage":3.0,"enemies":"Champ","floor":33.0,"turns":7.0},{"damage":3.0,"enemies":"Reptomancer","floor":35.0,"turns":4.0},{"damage":36.0,"enemies":"Nemesis","floor":36.0,"turns":7.0},{"damage":50.0,"enemies":"Giant Head","floor":37.0,"turns":7.0},{"damage":8.0,"enemies":"Nemesis","floor":38.0,"turns":3.0},{"damage":22.0,"enemies":"Reptomancer","floor":45.0,"turns":5.0},{"damage":28.0,"enemies":"Giant Head","floor":47.0,"turns":5.0},{"damage":62,"enemies":"Time Eater","floor":50,"turns":6},{"damage":60,"enemies":"Awakened One","floor":51,"turns":8}],"seed_played":"-7136944836610210345","potions_obtained":[{"floor":1.0,"key":"FearPotion"},{"floor":3.0,"key":"Block Potion"},{"floor":4.0,"key":"LiquidMemories"},{"floor":21.0,"key":"BloodPotion"},{"floor":27.0,"key":"SkillPotion"},{"floor":30.0,"key":"SpeedPotion"},{"floor":33.0,"key":"DistilledChaos"},{"floor":47.0,"key":"Energy Potion"}],"is_trial":true,"path_per_floor":["M","M","M","M","?","M","$","R","T","?","E","M","E","?","R","B",null,"M","?","?","M","M","E","E","R","T","M","M","?","M","E","R","B",null,"M","M","M","M","T","R","?","R","T","$","E","?","E","$","R","B","B",null],"character_chosen":"IRONCLAD","items_purchased":["BookOfRevelations","SatanicBible","Jack Of All Trades","Transmutation","Bottled Flame","Toolbox","Akabeko","Inflame","Discovery","Frozen Eye"],"campfire_rested":5,"item_purchase_floors":[7,17,34,44,44,44,44,44,44,48],"current_hp_per_floor":[80,75,75,74,74,64,64,64,64,57,48,42,38,38,61,68,71,71,71,57,38,41,47,41,64,64,62,56,56,42,48,72,75,79,80,53,19,21,21,45,35,59,59,74,64,64,49,64,64,44,39],"gold":152,"neow_bonus":"","is_daily":false,"chose_seed":false,"campfire_upgraded":2,"win_rate":0.0,"timestamp":1610046992,"path_taken":["M","M","M","M","?","M","?","R","T","?","E","M","E","?","R","BOSS","M","?","?","M","?","E","E","R","T","?","M","?","M","E","R","BOSS","M","M","M","?","?","R","?","R","T","$","E","?","E","?","R","BOSS","BOSS"],"items_purchased_type":["Relic","Relic","Card","Card","Relic","Relic","Relic","Card","Card","Relic"],"build_version":"2020-12-22","purchased_purges":1,"victory":true,"max_hp_per_floor":[80,80,80,80,80,83,83,83,83,83,83,78,78,78,78,81,71,74,74,79,79,79,79,79,79,79,79,79,79,79,82,82,82,80,80,80,80,80,80,80,80,80,80,80,77,77,77,77,77,71,71],"card_choices":[{"not_picked":[],"picked":"EpicFetus","floor":0.0},{"not_picked":["Wild Strike","Clothesline"],"picked":"Fire Breathing","floor":1.0},{"not_picked":["Entrench","Warcry"],"picked":"Rage","floor":2.0},{"not_picked":["Shrug It Off","Heavy Blade"],"picked":"Secret Weapon","floor":3.0},{"not_picked":["Clash","PanicButton"],"picked":"Iron Wave","floor":4.0},{"not_picked":["Body Slam","Warcry"],"picked":"Jack Of All Trades","floor":6.0},{"not_picked":["Perfected Strike","Carnage"],"picked":"Heavy Blade","floor":11.0},{"not_picked":["Heavy Blade","Sword Boomerang","Perfected Strike"],"picked":"SKIP","floor":12.0},{"not_picked":["Twin Strike","Armaments"],"picked":"Hemokinesis","floor":13.0},{"not_picked":["Bludgeon","Offering"],"picked":"Exhume","floor":16.0},{"not_picked":["Uppercut","Thunderclap"],"picked":"Seeing Red+1","floor":18.0},{"not_picked":["Wild Strike","Headbutt"],"picked":"Burning Pact","floor":21.0},{"not_picked":["Clothesline","Armaments"],"picked":"Trip+1","floor":22.0},{"not_picked":["Clothesline","Heavy Blade+1"],"picked":"Flame Barrier","floor":23.0},{"not_picked":["Pommel Strike","Perfected Strike","Heavy Blade+1"],"picked":"SKIP","floor":24.0},{"not_picked":["Thunderclap","Clothesline"],"picked":"Anger+1","floor":27.0},{"not_picked":["Clothesline","Headbutt"],"picked":"Reaper","floor":28.0},{"not_picked":["Thunderclap","Body Slam"],"picked":"Feel No Pain","floor":30.0},{"not_picked":["Rage","True Grit"],"picked":"Seeing Red","floor":31.0},{"not_picked":["Exhume","Reaper"],"picked":"HandOfGreed","floor":33.0},{"not_picked":["Sword Boomerang+1","Heavy Blade"],"picked":"Bandage Up","floor":35.0},{"not_picked":["Shrug It Off","Heavy Blade"],"picked":"Body Slam+1","floor":36.0},{"not_picked":["Cleave","Impervious"],"picked":"Blind","floor":37.0},{"not_picked":["Flash of Steel","Shrug It Off+1"],"picked":"Metallicize","floor":38.0},{"not_picked":["Uppercut","Twin Strike"],"picked":"Entrench+1","floor":40.0},{"not_picked":["Deep Breath","Enlightenment"],"picked":"SuicideKing","floor":41.0},{"not_picked":["Discovery","Deep Breath"],"picked":"Madness","floor":41.0},{"not_picked":["Purity","Jack Of All Trades"],"picked":"Bandage Up","floor":41.0},{"not_picked":["Body Slam","Bloodletting"],"picked":"Armaments+1","floor":42.0},{"not_picked":["Cleave","True Grit"],"picked":"Rupture","floor":45.0},{"not_picked":["Deep Breath+1","Headbutt"],"picked":"Bandage Up","floor":47.0}],"player_experience":73088,"relics_obtained":[{"floor":9.0,"key":"SalivaCoin"},{"floor":11.0,"key":"MealTicket"},{"floor":13.0,"key":"Centennial Puzzle"},{"floor":23.0,"key":"PunchingBag"},{"floor":24.0,"key":"Nunchaku"},{"floor":26.0,"key":"War Paint"},{"floor":31.0,"key":"Smiling Mask"},{"floor":35.0,"key":"Matryoshka"},{"floor":36.0,"key":"Lantern"},{"floor":37.0,"key":"DeadEye"},{"floor":38.0,"key":"Meat on the Bone"},{"floor":39.0,"key":"Dream Catcher"},{"floor":39.0,"key":"BookofShadows"},{"floor":43.0,"key":"Toy Ornithopter"},{"floor":43.0,"key":"Oddly Smooth Stone"},{"floor":45.0,"key":"Bag of Preparation"},{"floor":47.0,"key":"Champion Belt"}],"event_choices":[{"damage_healed":0.0,"max_hp_gain":0.0,"max_hp_loss":0.0,"gold_gain":0.0,"event_name":"Big Fish","player_choice":"Box","floor":5.0,"gold_loss":0.0,"damage_taken":0.0,"relics_obtained":["Ancient Tea Set"],"cards_obtained":["Regret"]},{"cards_removed":["Regret"],"damage_healed":0.0,"max_hp_gain":0.0,"max_hp_loss":0.0,"gold_gain":0.0,"event_name":"Golden Wing","player_choice":"Card Removal","floor":10.0,"gold_loss":0.0,"damage_taken":7.0},{"cards_removed":["Defend_R"],"damage_healed":0.0,"max_hp_gain":0.0,"max_hp_loss":0.0,"gold_gain":0.0,"event_name":"NoteForYourself","player_choice":"Took Card","floor":14.0,"gold_loss":0.0,"damage_taken":0.0,"cards_obtained":["Iron Wave"]},{"damage_healed":0.0,"max_hp_gain":0.0,"max_hp_loss":0.0,"gold_gain":0.0,"event_name":"Drug Dealer","player_choice":"Obtain J.A.X.","floor":19.0,"gold_loss":0.0,"damage_taken":0.0,"cards_obtained":["J.A.X."]},{"damage_healed":0.0,"max_hp_gain":5.0,"max_hp_loss":0.0,"gold_gain":0.0,"event_name":"Forgotten Altar","player_choice":"Shed Blood","floor":20.0,"gold_loss":0.0,"damage_taken":19.0},{"damage_healed":0.0,"max_hp_gain":0.0,"max_hp_loss":0.0,"gold_gain":0.0,"event_name":"Addict","player_choice":"Obtained Relic","floor":29.0,"gold_loss":85.0,"damage_taken":0.0,"relics_obtained":["Paper Frog"]},{"damage_healed":0.0,"max_hp_gain":0.0,"max_hp_loss":0.0,"gold_gain":0.0,"event_name":"SensoryStone","player_choice":"Memory 3","floor":41.0,"gold_loss":0.0,"damage_taken":10.0}],"is_beta":false,"boss_relics":[{"not_picked":["Coffee Dripper","Ectoplasm"],"picked":"Philosopher\u0027s Stone"},{"not_picked":[]},{"not_picked":["Empty Cage","SacredBark"],"picked":"ChampionBelt"},{"not_picked":[]}],"items_purged_floors":[44],"is_endless":false,"potions_floor_spawned":[1,3,4,21,27,30,33,47],"ascension_level":20}}