{"host":"8anlmvy5ylhozj27","time":1610054624,"event":{"mods":["2.2 Compatiblity","Act Like it!","Aspiration","BaseMod","Best Route Mod","Better Match","Better Note","Better Sensory Stone","Better Skull","Better Third Choice","BetterRewards","Block Reminder","Colored Map","Colored Powertips","Conspire","Curses Come First","Duelist Mod","Energized Spire","GifTheSpireLib","Gold Saver","Halation","Hermit","Highlight Path","Hubris","Infinite Spire","Ironclad Rager","Minty Spire (QoL Compilation)","Permanent Neow","Quick Restart","Rare Cards Sparkle","Replay The Spire","Spicy Shops","StSLib","Stuff the Spire","The Bladedancer","The Blue Laboratory","The Disciple","The Exalted","The Necromancer","The Sage","Transform Curses","Wandering Minibosses","vexMod"],"gold_per_floor":[126,126,144,219,219,219,219,253,277,309,309,344,413,442,442,554,554,584,584,604,604],"floor_reached":20,"playtime":2736,"items_purged":["Bromod:Defend_Bro"],"score":257,"play_id":"5ec070d8-b197-4960-b70d-497bf32eb3b5","local_time":"20210107222344","is_ascension_mode":false,"campfire_choices":[{"data":"Bromod:Vitality","floor":6.0,"key":"SMITH"},{"data":"Bromod:RadialBlind","floor":11.0,"key":"SMITH"},{"floor":15.0,"key":"REST"}],"circlet_count":0,"master_deck":["Bromod:Strike_Bro","Bromod:Strike_Bro","Bromod:Strike_Bro","Bromod:Defend_Bro","Bromod:Defend_Bro","Bromod:Defend_Bro","Bromod:SlashDash","Bromod:SlashDash+1","Bromod:SlashDash","Doubt","Bromod:Rejuvenation+1","Bromod:DriftingContact+1","Bromod:RadialBlind+1","Bromod:SteelCharge+1","Bromod:Vitality+1","Amnesia","Bromod:EnergySiphon+1","Bromod:QuickDraw","Bromod:JaggedEdge+1","Bromod:ArchwingLauncher+1"],"relics":["StuffTheSpire:OccultApparatus","Bromod:AscarisDevice","halation:PromiseList","Frozen Egg 2","Replay:Bandana","StuffTheSpire:BottledEssence","Ring of Fangs","Ring of Misfortune","halation:PrussianBluePaint","Dream Catcher","Replay:Bottled Snecko","Replay:WaspNest","energizedSpire:DeadBattery"],"acts_visited":["Exordium","TheCity"],"potions_floor_usage":[],"damage_taken":[{"damage":7.0,"enemies":"2 Louse","floor":1.0,"turns":3.0},{"damage":7.0,"enemies":"Small Slimes","floor":3.0,"turns":5.0},{"damage":8.0,"enemies":"Gremlin Nob","floor":8.0,"turns":6.0},{"damage":11.0,"enemies":"Jaw Worm","floor":10.0,"turns":4.0},{"damage":0.0,"enemies":"Lagavulin","floor":12.0,"turns":9.0},{"damage":13.0,"enemies":"Exordium Wildlife","floor":14.0,"turns":6.0},{"damage":0.0,"enemies":"Hexaghost","floor":16.0,"turns":12.0},{"damage":14.0,"enemies":"3 Byrds","floor":18.0,"turns":6.0},{"damage":0.0,"enemies":"Chosen","floor":20.0,"turns":7.0}],"seed_played":"-4502969252104820639","potions_obtained":[{"floor":10.0,"key":"AttackPotion"},{"floor":12.0,"key":"blueLaboratory:PhilterOfMotion"},{"floor":14.0,"key":"SteroidPotion"},{"floor":16.0,"key":"PowerPotion"},{"floor":18.0,"key":"Adrenaline Potion"}],"is_trial":false,"path_per_floor":["M","?","M","?","?","R","?","E","T","M","R","E","T","M","R_BF","B",null,"M","?","M"],"character_chosen":"THE_EXALTED","items_purchased":["halation:PromiseList","Frozen Egg 2","Bromod:Rejuvenation+1","Bromod:DriftingContact","Replay:Bandana","StuffTheSpire:BottledEssence","Bromod:RadialBlind"],"campfire_rested":1,"item_purchase_floors":[0,0,0,0,0,0,0],"current_hp_per_floor":[40,40,42,31,31,31,31,32,32,28,28,38,38,35,57,67,75,61,61,71,71],"gold":604,"neow_bonus":"","is_daily":false,"chose_seed":false,"campfire_upgraded":2,"win_rate":0.0,"timestamp":1610054624,"path_taken":["M","?","M","?","?","R","?","E","T","?","R","E","?","M","R_BF","BOSS","M","?","M"],"items_purchased_type":["Relic","Relic","Card","Card","Relic","Relic","Card"],"build_version":"2020-12-22","purchased_purges":1,"victory":false,"max_hp_per_floor":[75,75,75,75,75,75,75,75,75,75,75,75,75,75,75,75,75,75,75,75,75],"card_choices":[{"not_picked":["Bromod:HornetStrike","Bromod:Rejuvenation+1"],"picked":"Bromod:SteelCharge+1","floor":1.0},{"not_picked":["Bromod:Stretch+1","Bromod:BodyCount+1"],"picked":"Bromod:Vitality","floor":3.0},{"not_picked":["Bromod:Redirection","Bromod:FormaBlueprint","Bromod:Patagium"],"picked":"SKIP","floor":8.0},{"not_picked":["Bromod:PointStrike","Bromod:Serration","Bromod:PressurePoint"],"picked":"SKIP","floor":10.0},{"not_picked":["Bromod:Foundry+1","Bromod:FastHands"],"picked":"Bromod:EnergySiphon+1","floor":12.0},{"not_picked":["Bromod:BodyCount+1","Bromod:SteelFiber+1"],"picked":"Bromod:QuickDraw","floor":14.0},{"not_picked":["Bromod:CollisionForce+1","Bromod:VoltaicStrike"],"picked":"Bromod:JaggedEdge+1","floor":16.0},{"not_picked":["Bromod:Vitality","Bromod:QuickDraw"],"picked":"Bromod:ArchwingLauncher+1","floor":18.0}],"player_experience":139513,"relics_obtained":[{"floor":7.0,"key":"Ring of Fangs"},{"floor":7.0,"key":"Ring of Misfortune"},{"floor":8.0,"key":"halation:PrussianBluePaint"},{"floor":9.0,"key":"Dream Catcher"},{"floor":12.0,"key":"Replay:Bottled Snecko"},{"floor":13.0,"key":"Replay:WaspNest"}],"event_choices":[{"damage_healed":0.0,"max_hp_gain":0.0,"max_hp_loss":0.0,"gold_gain":75.0,"event_name":"betterThird:BetterGoop","player_choice":"Gold","floor":4.0,"gold_loss":0.0,"damage_taken":11.0}],"is_beta":false,"boss_relics":[{"not_picked":["hubris:RunicObelisk","Fusion Hammer"],"picked":"energizedSpire:DeadBattery"}],"items_purged_floors":[0],"is_endless":false,"potions_floor_spawned":[10,12,14,16,18],"killed_by":"Chosen","ascension_level":0}}