{"host":"yuhy0i501zzmn1iz","time":1610002477,"event":{"mods":["AchievementEnabler","AlwaysNeverKeys","BaseMod","Bestiary","Better Match","Better Third Choice","Curses Come First","Downfall","Minty Spire (QoL Compilation)","StSLib","The Blue Laboratory","slay the spire mod where everything is the same but ironclad has a cowboy hat"],"gold_per_floor":[112,125,79,79,92,118,118,134,134,151,164,164,180,198,198,198,198],"floor_reached":16,"playtime":648,"items_purged":[],"score":117,"play_id":"345350e5-80cc-453e-be31-e70adbdb823f","local_time":"20210107015437","is_ascension_mode":true,"campfire_choices":[{"floor":7,"key":"REST"},{"data":"White Noise","floor":12,"key":"SMITH"},{"data":"Dualcast","floor":15,"key":"SMITH"}],"circlet_count":0,"master_deck":["Strike_B","Strike_B","Strike_B","Strike_B","Defend_B","Defend_B","Defend_B","Defend_B","Dualcast+1","Scrape","Leap","Gash","Genetic Algorithm","Sweeping Beam","Defragment","Capacitor","Genetic Algorithm","White Noise+1","Go for the Eyes","Steam"],"relics":["Cracked Core","NeowsBlessing","Ginger","Incense Burner"],"acts_visited":["Exordium"],"potions_floor_usage":[6,13,16,16,16],"damage_taken":[{"damage":0,"enemies":"Small Slimes","floor":1,"turns":1},{"damage":0,"enemies":"Cultist","floor":2,"turns":1},{"damage":0,"enemies":"2 Louse","floor":5,"turns":1},{"damage":50,"enemies":"Lagavulin","floor":6,"turns":9},{"damage":10,"enemies":"Lots of Slimes","floor":8,"turns":3},{"damage":5,"enemies":"Large Slime","floor":10,"turns":5},{"damage":3,"enemies":"Blue Slaver","floor":11,"turns":4},{"damage":7,"enemies":"Looter","floor":13,"turns":3},{"damage":0,"enemies":"3 Louse","floor":14,"turns":3},{"damage":32,"enemies":"Hexaghost","floor":16,"turns":12}],"seed_played":"762753027832811934","potions_obtained":[{"floor":1,"key":"blueLaboratory:FruitPunch"},{"floor":10,"key":"Strength Potion"},{"floor":11,"key":"blueLaboratory:FruitPunch"},{"floor":13,"key":"PowerPotion"},{"floor":14,"key":"DistilledChaos"}],"is_trial":false,"path_per_floor":["M","M","$","?","M","E","R","M","T","M","M","R","M","M","R","B"],"character_chosen":"DEFECT","items_purchased":["Gash"],"campfire_rested":1,"item_purchase_floors":[3],"current_hp_per_floor":[75,75,75,75,75,27,50,40,40,35,32,32,27,27,27,0,0],"gold":198,"neow_bonus":"THREE_ENEMY_KILL","is_daily":false,"chose_seed":false,"campfire_upgraded":2,"win_rate":0.0,"timestamp":1610002477,"path_taken":["M","M","$","?","?","E","R","M","T","?","M","R","M","M","R","BOSS"],"items_purchased_type":["Card"],"build_version":"2020-12-22","purchased_purges":0,"victory":false,"max_hp_per_floor":[75,75,75,75,75,77,77,77,77,77,77,77,79,79,79,79,79],"card_choices":[{"not_picked":["Sweeping Beam","Compile Driver"],"picked":"Scrape","floor":1},{"not_picked":["Undo","Darkness"],"picked":"Leap","floor":2},{"not_picked":["Ball Lightning","Chaos"],"picked":"Sweeping Beam","floor":5},{"not_picked":["Static Discharge","Capacitor"],"picked":"Defragment","floor":6},{"not_picked":["Fusion","Doom and Gloom"],"picked":"Capacitor","floor":8},{"not_picked":["Turbo","Static Discharge"],"picked":"Genetic Algorithm","floor":10},{"not_picked":["Coolheaded","Redo"],"picked":"White Noise","floor":11},{"not_picked":["Chill","Self Repair"],"picked":"Go for the Eyes","floor":13},{"not_picked":["Chaos","Conserve Battery"],"picked":"Steam","floor":14}],"player_experience":266153,"relics_obtained":[{"floor":6,"key":"Ginger"},{"floor":9,"key":"Incense Burner"}],"event_choices":[{"damage_healed":0,"gold_gain":0,"cards_transformed":["Zap"],"player_choice":"Transformed","damage_taken":0,"max_hp_gain":0,"max_hp_loss":0,"event_name":"Transmorgrifier","floor":4,"gold_loss":0,"cards_obtained":["Genetic Algorithm"]}],"is_beta":false,"boss_relics":[],"items_purged_floors":[],"is_endless":false,"potions_floor_spawned":[1,10,11,13,14],"killed_by":"Hexaghost","ascension_level":2}}