{"host":"an6uhul3yec8m0jh","time":1610008362,"event":{"mods":["ATMod(阿瑾Mod)","Act Like it!","BaseMod","Colored Map","Colored Powertips","Gensokyo","Highlight Path","Minty Spire (QoL Compilation)","MostiFishMod","Pale of the Ancients","Quick Restart","StSLib","TestMod","UnlockEverythingMod","Waifu the Spire","noobMod"],"gold_per_floor":[116,128,128,146,18,18,28,44,67,67,67,67,67,67,67,342,342,661,293,1292,788,823,823,1077,1476,1476,1509,1509,1771,2489,2549,2549,2749,2749,2844,2889,3006,2318,2358,2758,3311,3221,3245,3285,3285,3336,3336,3442,3442,3467,3592,3628,3666,3666,3074,3074,3215,3215,2344,2344,2469],"floor_reached":62,"playtime":5553,"items_purged":["Strike_G","Strike_G","Strike_G"],"score":3400,"play_id":"41bcf77c-957c-4f59-91a1-b5fc02143203","local_time":"20210107163242","is_ascension_mode":true,"campfire_choices":[{"data":"AT_ArcaneSupremacy","floor":6.0,"key":"SMITH"},{"data":"AT_ShadowStep","floor":10.0,"key":"SMITH"},{"data":"AT_EssenceShift","floor":13.0,"key":"SMITH"},{"data":"AT_BodySlamDance","floor":15.0,"key":"SMITH"},{"data":"Gensokyo:MonkeysPaw","floor":23.0,"key":"SMITH"},{"data":"MostiFishMod:Listen","floor":28.0,"key":"SMITH"},{"data":"MostiFishMod:LethalBlade","floor":32.0,"key":"SMITH"},{"floor":45,"key":"RECALL"},{"data":"Reflex","floor":47,"key":"SMITH"},{"data":"Acrobatics","floor":49,"key":"SMITH"},{"data":"MostiFishMod:Dislodge","floor":56,"key":"SMITH"},{"data":"MostiFishMod:AdrenalineArouse","floor":58,"key":"SMITH"}],"circlet_count":0,"master_deck":["Strike_G","Strike_G","Defend_G","Defend_G","Defend_G","Defend_G","Defend_G","Survivor","AT_BodySlamDance+1","Tactician","AT_ArcaneSupremacy+1","AT_ShadowStep+1","AT_EssenceShift+1","MostiFishMod:LethalBlade+1","Blade Dance+1","MostiFishMod:WinterMarkForm","Blade Dance","Gensokyo:MonkeysPaw+1","Escape Plan+1","MostiFishMod:Listen+1","Concentrate+1","MostiFishMod:FrostNova","Tactician+1","MostiFishMod:Dislodge","MostiFishMod:FrostNova","MostiFishMod:WinterMarkForm","Acrobatics+1","Acrobatics+1","MostiFishMod:AdrenalineArouse+1","MostiFishMod:Dislodge+1","Gensokyo:CustomPotion","AT_ShadowStep+1","Reflex+1","AT_WindFlip"],"relics":["Ring of the Snake","ice","testmod-TestBox","AT_ATBox","SynthV","testmod-ThousandKnives","NeowsBlessing","SynthV:TestCard","AT_RedTearstoneRing","Gensokyo:Mercy","Happy Flower","AT_MibuBalloonWealth","ChiLing","Chi","Ling","Centennial Puzzle","AT_GreenNoBalance","AT_Manta","Bag of Marbles","testmod-ConstraintPeriapt","FrostBlade","MetatronsCube","BirthdayGift-Icosahedron","Ying","AT_BladeRuinedKing","Akabeko","Omamori","Incense Burner","Anchor","testmod-Antiphasic","paleoftheancients:Timepiece","paleoftheancients:KeyRelic","CultistMask","paleoftheancients:SoulOfTheWatcher","DaveBox","CombinedTypeHook","FossilizedHelix","testmod-AssaultLearning","testmod-Justice","Paper Crane","OrangePellets"],"acts_visited":["Gensokyo:Gensokyo","Gensokyo:Gensokyoer","Gensokyo:Gensokyoest","paleoftheancients:PaleOfTheAncients"],"potions_floor_usage":[],"damage_taken":[{"damage":0.0,"enemies":"Gensokyo:2_Kodama","floor":1.0,"turns":1.0},{"damage":0.0,"enemies":"Gensokyo:Gryphon","floor":2.0,"turns":1.0},{"damage":0.0,"enemies":"Gensokyo:3_Fairies","floor":4.0,"turns":1.0},{"damage":0.0,"enemies":"Gensokyo:LivingMonolith","floor":7.0,"turns":3.0},{"damage":0.0,"enemies":"Gensokyo:VengefulSpirit","floor":8.0,"turns":5.0},{"damage":0.0,"enemies":"Gensokyo:Reimu","floor":16.0,"turns":6.0},{"damage":25.0,"enemies":"Gensokyo:2_Gloops","floor":18.0,"turns":6.0},{"damage":9.0,"enemies":"Gensokyo:AngelMirror","floor":22.0,"turns":2.0},{"damage":32.0,"enemies":"Gensokyo:Koishi","floor":24.0,"turns":5.0},{"damage":32.0,"enemies":"Gensokyo:Wraith","floor":25.0,"turns":4.0},{"damage":1.0,"enemies":"Gensokyo:Slime_Group","floor":27.0,"turns":3.0},{"damage":14.0,"enemies":"Gensokyo:Monolith_and_Dog","floor":29.0,"turns":2.0},{"damage":78.0,"enemies":"Gensokyo:Tenshi","floor":30.0,"turns":2.0},{"damage":1.0,"enemies":"Gensokyo:Chomper_and_Gloop","floor":31.0,"turns":1.0},{"damage":4.0,"enemies":"Gensokyo:Kaguya","floor":33.0,"turns":3.0},{"damage":1.0,"enemies":"Gensokyo:3_Bats","floor":35.0,"turns":1.0},{"damage":4.0,"enemies":"Gensokyo:AncientGuardian","floor":36.0,"turns":2.0},{"damage":1.0,"enemies":"Gensokyo:4_Bats","floor":37.0,"turns":1.0},{"damage":2.0,"enemies":"Gensokyo:AtlasGolem","floor":39.0,"turns":2.0},{"damage":28.0,"enemies":"Gensokyo:Kasen","floor":40.0,"turns":3.0},{"damage":26.0,"enemies":"Gensokyo:Sharpion","floor":41.0,"turns":2.0},{"damage":1,"enemies":"Gensokyo:Rafflesia","floor":44,"turns":2},{"damage":0,"enemies":"Gensokyo:Doremy","floor":46,"turns":3},{"damage":2,"enemies":"Gensokyo:Kasen","floor":48,"turns":2},{"damage":1,"enemies":"Gensokyo:Scarlet_Devils","floor":50,"turns":1},{"damage":1,"enemies":"Gensokyo:Yuyuko","floor":51,"turns":3},{"damage":3,"enemies":"Gensokyo:Yuyuko","floor":52,"turns":3},{"damage":1,"enemies":"Gensokyo:Yuyuko","floor":53,"turns":1},{"damage":58,"enemies":"Gensokyo:Yuyuko","floor":57,"turns":3},{"damage":2,"enemies":"paleoftheancients:N","floor":61,"turns":3}],"seed_played":"7540998319955550470","potions_obtained":[{"floor":1.0,"key":"PowerPotion"},{"floor":2.0,"key":"ColorlessPotion"},{"floor":16.0,"key":"Ancient Potion"},{"floor":25.0,"key":"Ancient Potion"},{"floor":31.0,"key":"CunningPotion"},{"floor":37.0,"key":"Weak Potion"}],"is_trial":false,"path_per_floor":["M","M","?","M","COS","R","M","M","T","R","$","?","R","?","R","B",null,"M","$","?","COS","M","R","E","M","T","M","R","M","E","M","R","B",null,"M","M","M","COS","M","E","M","?","T","M","R","E","R","E","R","B","B","M","M","?","$","R","M","R","$","?","B",null],"character_chosen":"THE_SILENT","items_purchased":["MostiFishMod:WinterMarkForm","AT_MibuBalloonWealth","Blade Dance","FossilizedHelix","testmod-AssaultLearning","testmod-Justice","Paper Crane","OrangePellets"],"campfire_rested":0,"item_purchase_floors":[19,19,19,55,55,59,59,59],"current_hp_per_floor":[59,59,59,59,59,59,59,59,59,59,59,59,59,59,59,59,64,39,39,39,39,30,30,56,24,24,34,34,21,17,34,34,33,61,34,32,34,34,37,9,10,10,10,37,37,40,40,41,41,41,63,69,70,70,70,70,56,56,56,56,72],"gold":2469,"neow_bonus":"THREE_ENEMY_KILL","is_daily":false,"chose_seed":false,"campfire_upgraded":11,"win_rate":0.0,"timestamp":1610008362,"path_taken":["M","?","?","M","COS","R","M","M","T","R","?","?","R","?","R","BOSS","M","$","?","COS","?","R","E","M","T","M","R","M","E","M","R","BOSS","M","M","?","COS","M","E","M","?","T","?","R","E","R","E","R","BOSS","BOSS","M","M","?","$","R","M","R","$","?","BOSS"],"items_purchased_type":["Card","Relic","Card","Relic","Relic","Relic","Relic","Relic"],"build_version":"2020-12-22","purchased_purges":3,"victory":true,"max_hp_per_floor":[66,66,66,66,66,66,66,66,66,66,66,66,66,66,66,66,66,66,66,66,66,66,66,70,70,70,70,70,70,70,70,70,70,70,70,70,70,70,70,70,70,70,70,70,70,70,70,70,70,70,70,70,70,70,70,70,84,84,84,84,85],"card_choices":[{"not_picked":["Calculated Gamble","All Out Attack"],"picked":"AT_WindFlip","floor":1.0},{"not_picked":["Cloak And Dagger","Dagger Throw","Sucker Punch","Dodge and Roll"],"picked":"Tactician","floor":2.0},{"not_picked":["Flechettes","Blur","Eviscerate","Cloak And Dagger"],"picked":"AT_ArcaneSupremacy","floor":4.0},{"not_picked":["Poisoned Stab","Dagger Spray","Backflip","AT_WomanClash"],"picked":"AT_ShadowStep","floor":7.0},{"not_picked":["Venomology","MostiFishMod:ShivMaster","Corpse Explosion","MostiFishMod:LethalBlade"],"picked":"AT_EssenceShift","floor":8.0},{"not_picked":["PiercingWail","Deadly Poison","Dagger Spray","Dodge and Roll","Dash"],"picked":"SKIP","floor":8.0},{"not_picked":["Grand Finale","Burst","MostiFishMod:SpreadingSpore","MostiFishMod:Confrontation"],"picked":"MostiFishMod:LethalBlade","floor":16.0},{"not_picked":["Underhanded Strike","Outmaneuver","Cloak And Dagger","Distraction"],"picked":"Blade Dance+1","floor":18.0},{"not_picked":["Infinite Blades","Choke","Slice","Cloak And Dagger+1"],"picked":"Escape Plan+1","floor":22.0},{"not_picked":["Bane","Underhanded Strike","PiercingWail+1","Deadly Poison"],"picked":"MostiFishMod:Listen","floor":24.0},{"not_picked":["Deadly Poison","PiercingWail","Escape Plan","Expertise"],"picked":"Concentrate+1","floor":25.0},{"not_picked":["Cloak And Dagger","Bane","Poisoned Stab","Heel Hook","Leg Sweep"],"picked":"SKIP","floor":27.0},{"not_picked":["Dodge and Roll","Quick Slash+1","Dagger Spray+1","AT_WindFlip","MostiFishMod:PreservedThorns"],"picked":"SKIP","floor":29.0},{"not_picked":["AT_Desolate+1","Backstab","Quick Slash+1","Sucker Punch"],"picked":"MostiFishMod:FrostNova","floor":30.0},{"not_picked":["AT_TinkerSharpsword","PiercingWail","AT_ArcaneSupremacy","Flying Knee"],"picked":"Tactician+1","floor":31.0},{"not_picked":["Adrenaline","Grand Finale","MostiFishMod:Wind","MostiFishMod:WinterMarkForm"],"picked":"MostiFishMod:Dislodge","floor":33.0},{"not_picked":["AT_KneejerkReflex","Backflip+1","Underhanded Strike","Infinite Blades"],"picked":"Acrobatics+1","floor":35.0},{"not_picked":["Endless Agony+1","Sucker Punch","Dagger Spray","Blade Dance","Heel Hook"],"picked":"SKIP","floor":36.0},{"not_picked":["Deadly Poison+1","Deflect","Slice","MostiFishMod:LethalBlade","Eviscerate+1"],"picked":"SKIP","floor":37.0},{"not_picked":["AT_ShadowStep","Dodge and Roll+1","Skewer+1","Slice"],"picked":"Acrobatics","floor":39.0},{"not_picked":["Quick Slash","Masterful Stab+1","Acrobatics","Slice","Blade Dance"],"picked":"SKIP","floor":40.0},{"not_picked":["Glass Knife","MostiFishMod:Wind","Night Terror","Unload"],"picked":"MostiFishMod:AdrenalineArouse","floor":41.0},{"not_picked":["Backflip+1","AT_WindFlip","Noxious Fumes","AT_ArcaneSupremacy"],"picked":"MostiFishMod:Dislodge","floor":41.0},{"not_picked":["Deflect","Setup","All Out Attack","Endless Agony"],"picked":"AT_ShadowStep+1","floor":44},{"not_picked":["AT_WindFlip","Riddle With Holes","Cloak And Dagger","Leg Sweep"],"picked":"Reflex","floor":46},{"not_picked":["Slice","Flying Knee","Poisoned Stab","Finisher"],"picked":"AT_WindFlip","floor":48},{"not_picked":["PiercingWail","Quick Slash","Riddle With Holes","All Out Attack","Blade Dance"],"picked":"SKIP","floor":52},{"not_picked":["Dagger Spray","Quick Slash","Blade Dance","Dodge and Roll+1","Endless Agony"],"picked":"SKIP","floor":53},{"not_picked":["AT_WindFlip+1","Wraith Form v2","MostiFishMod:InvigoratingSolution","PiercingWail","AT_Desolate"],"picked":"SKIP","floor":57}],"player_experience":204152,"relics_obtained":[{"floor":1.0,"key":"SynthV:TestCard"},{"floor":24.0,"key":"Centennial Puzzle"},{"floor":26.0,"key":"AT_SilverBalance"},{"floor":30.0,"key":"testmod-ConstraintPeriapt"},{"floor":40.0,"key":"Akabeko"},{"floor":43,"key":"Omamori"},{"floor":46,"key":"Anchor"},{"floor":48,"key":"testmod-Antiphasic"},{"floor":52,"key":"paleoftheancients:SoulOfTheWatcher"},{"floor":53,"key":"paleoftheancients:SoulOfTheShowman"},{"floor":57,"key":"paleoftheancients:SoulOfTheBandit"}],"event_choices":[{"damage_healed":0.0,"max_hp_gain":0.0,"max_hp_loss":0.0,"gold_gain":999.0,"event_name":"恩洛斯的盘子","player_choice":"Sell","floor":20.0,"relics_lost":["Runic Pyramid"],"gold_loss":0.0,"damage_taken":0.0},{"damage_healed":0,"gold_gain":0,"player_choice":"Swap Relic","damage_taken":0,"relics_obtained":["DaveBox"],"max_hp_gain":0,"max_hp_loss":0,"event_name":"给自己的盒子","floor":54,"relics_lost":["DaveBox"],"gold_loss":0}],"is_beta":false,"boss_relics":[{"not_picked":["Snecko Eye","NightmareShop"],"picked":"Runic Pyramid"},{"not_picked":["Calling Bell","ExusiaiGun"],"picked":"FrostBlade"}],"items_purged_floors":[19,55,59],"is_endless":false,"potions_floor_spawned":[1,2,8,16,25,31,37,39,40,44,57],"ascension_level":20}}