{"host":"ryuep8ewa00k39z9","time":1610043511,"event":{"mods":["AchievementEnabler","BaseMod","Best Route Mod","Colored Map","Colored Powertips","Displayed Cursed Tome","Highlight Path","Minty Spire (QoL Compilation)","Quick Restart","SuperFastMode"],"gold_per_floor":[18,293,308,319,319,346,346,362,362,387,387,402,172,200,200,298,298,316,329,345,362,287,313,313,313,313,342,357,357,357,375,375,477,477,493,538,52,52,0,0,28,28,100,100,110,128,128,128,128,128,128,128,3,36,36,36],"floor_reached":55,"playtime":2580,"items_purged":["Strike_B","Zap","Dualcast"],"score":1129,"play_id":"559c365a-a9f8-4b2b-85d8-5dd258f56c54","local_time":"20210107121831","is_ascension_mode":true,"campfire_choices":[{"data":"Streamline","floor":7.0,"key":"SMITH"},{"floor":15.0,"key":"REST"},{"floor":24.0,"key":"REST"},{"floor":30,"key":"REST"},{"floor":32,"key":"REST"},{"data":"Defragment","floor":40,"key":"SMITH"},{"floor":42,"key":"RECALL"},{"floor":49,"key":"REST"},{"data":"Echo Form","floor":52,"key":"SMITH"}],"circlet_count":0,"master_deck":["Defend_B+1","Undo","Cold Snap+1","Ball Lightning","Streamline+1","Defragment+1","Ball Lightning+1","Compile Driver+1","Echo Form+1","Chill","Streamline+1","Beam Cell+1","Beam Cell+1","Doom and Gloom+1","Echo Form+1","Multi-Cast","Loop+1","Conserve Battery+1","Rainbow","Recycle+1","Meteor Strike+1","Fission+1","Defragment+1","Defragment","Streamline+1","Madness","Madness","Multi-Cast"],"relics":["Cracked Core","Happy Flower","Bronze Scales","Molten Egg 2","Chemical X","Nunchaku","Runic Pyramid","Shuriken","Cables","Pear","Juzu Bracelet","Astrolabe","TungstenRod","HandDrill","Vajra","Red Mask","Mummified Hand","Calipers"],"acts_visited":["Exordium","TheCity","TheBeyond","TheEnding"],"potions_floor_usage":[27,27,33,41,46,50,50],"damage_taken":[{"damage":0.0,"enemies":"2 Louse","floor":1.0,"turns":1.0},{"damage":2.0,"enemies":"Cultist","floor":3.0,"turns":3.0},{"damage":2.0,"enemies":"Jaw Worm","floor":4.0,"turns":4.0},{"damage":16.0,"enemies":"Lagavulin","floor":6.0,"turns":6.0},{"damage":1.0,"enemies":"3 Louse","floor":8.0,"turns":3.0},{"damage":5.0,"enemies":"3 Sentries","floor":10.0,"turns":7.0},{"damage":0.0,"enemies":"Blue Slaver","floor":12.0,"turns":2.0},{"damage":9.0,"enemies":"Lagavulin","floor":14.0,"turns":6.0},{"damage":1.0,"enemies":"The Guardian","floor":16.0,"turns":9.0},{"damage":13.0,"enemies":"2 Thieves","floor":18.0,"turns":3.0},{"damage":0.0,"enemies":"Chosen","floor":19.0,"turns":4.0},{"damage":21.0,"enemies":"Snake Plant","floor":20.0,"turns":3.0},{"damage":17.0,"enemies":"Centurion and Healer","floor":21.0,"turns":4.0},{"damage":22.0,"enemies":"Book of Stabbing","floor":23.0,"turns":4.0},{"damage":21,"enemies":"Slavers","floor":27,"turns":5},{"damage":0,"enemies":"Snecko","floor":28,"turns":2},{"damage":0,"enemies":"Snake Plant","floor":31,"turns":3},{"damage":1,"enemies":"Automaton","floor":33,"turns":6},{"damage":8,"enemies":"3 Shapes","floor":35,"turns":3},{"damage":24,"enemies":"2 Orb Walkers","floor":36,"turns":5},{"damage":0,"enemies":"Giant Head","floor":41,"turns":6},{"damage":1,"enemies":"Orb Walker","floor":45,"turns":3},{"damage":0,"enemies":"Maw","floor":46,"turns":5},{"damage":16,"enemies":"Donu and Deca","floor":50,"turns":7},{"damage":80,"enemies":"Shield and Spear","floor":54,"turns":5},{"damage":37,"enemies":"The Heart","floor":55,"turns":2}],"seed_played":"6425501493323905302","potions_obtained":[{"floor":1.0,"key":"EssenceOfSteel"},{"floor":3.0,"key":"SneckoOil"},{"floor":6.0,"key":"Block Potion"},{"floor":14.0,"key":"EssenceOfSteel"},{"floor":16.0,"key":"FocusPotion"},{"floor":21.0,"key":"SpeedPotion"},{"floor":23.0,"key":"Strength Potion"},{"floor":31,"key":"ColorlessPotion"},{"floor":33,"key":"SkillPotion"},{"floor":36,"key":"DistilledChaos"},{"floor":45,"key":"PowerPotion"},{"floor":46,"key":"Swift Potion"},{"floor":54,"key":"Fire Potion"}],"is_trial":false,"path_per_floor":["M","?","M","M","?","E","R","M","T","E","?","M","$","E","R","B",null,"M","M","M","M","?","E","R","?","T","E","M","?","R","M","R","B",null,"M","?","$","?","?","R","E","R","T","?","M","M","?","?","R","B",null,"R","$","E","B"],"character_chosen":"DEFECT","items_purchased":["Chemical X","HandDrill","Vajra","Defragment"],"campfire_rested":5,"item_purchase_floors":[13,37,37,37],"current_hp_per_floor":[82,82,80,78,60,44,44,43,43,38,38,38,38,29,55,54,80,67,67,46,29,29,7,33,33,33,22,22,22,51,51,80,79,94,86,62,62,62,62,62,62,62,62,62,61,61,61,50,79,63,90,90,90,10,0,0],"gold":36,"neow_bonus":"TWENTY_PERCENT_HP_BONUS","is_daily":false,"chose_seed":false,"campfire_upgraded":3,"win_rate":0.0,"timestamp":1610043511,"path_taken":["M","?","M","?","?","E","R","M","T","E","?","M","?","E","R","BOSS","M","?","M","M","?","E","R","?","T","E","M","?","R","M","R","BOSS","M","?","$","?","?","R","E","R","T","?","M","M","?","?","R","BOSS","R","$","E","BOSS"],"items_purchased_type":["Relic","Relic","Relic","Card"],"build_version":"2020-12-22","purchased_purges":3,"victory":false,"max_hp_per_floor":[89,89,89,89,89,89,89,89,89,89,89,89,89,89,89,89,89,89,89,89,89,89,89,89,89,89,99,99,99,99,99,99,99,99,99,99,99,99,99,99,99,99,99,99,99,99,99,99,99,99,99,99,99,99,99,99],"card_choices":[{"not_picked":["Heatsinks","Sweeping Beam"],"picked":"Undo","floor":1.0},{"not_picked":["Coolheaded","Steam"],"picked":"Cold Snap","floor":3.0},{"not_picked":["Steam Power","Barrage"],"picked":"Ball Lightning","floor":4.0},{"not_picked":["Genetic Algorithm","Leap"],"picked":"Streamline","floor":6.0},{"not_picked":["Static Discharge","Streamline"],"picked":"Glacier","floor":8.0},{"not_picked":["Coolheaded","Machine Learning"],"picked":"Defragment","floor":10.0},{"not_picked":["Stack","Rebound+1"],"picked":"Ball Lightning+1","floor":12.0},{"not_picked":["Double Energy","Consume"],"picked":"Compile Driver+1","floor":14.0},{"not_picked":["Thunder Strike+1","Meteor Strike+1"],"picked":"Echo Form","floor":16.0},{"not_picked":["Beam Cell+1","Sweeping Beam+1"],"picked":"Chill","floor":18.0},{"not_picked":["Redo","Undo"],"picked":"Streamline+1","floor":19.0},{"not_picked":["Leap","Rebound+1"],"picked":"Beam Cell+1","floor":20.0},{"not_picked":["Auto Shields","Go for the Eyes+1"],"picked":"Beam Cell+1","floor":21.0},{"not_picked":["Loop","Turbo","Doom and Gloom+1"],"picked":"SKIP","floor":23.0},{"not_picked":["Coolheaded+1","Auto Shields"],"picked":"Multi-Cast","floor":27},{"not_picked":["Compile Driver+1","Sweeping Beam+1"],"picked":"Loop+1","floor":28},{"not_picked":["Static Discharge","Go for the Eyes+1"],"picked":"Conserve Battery+1","floor":31},{"not_picked":["Seek","Buffer"],"picked":"Rainbow","floor":33},{"not_picked":["Steam","Tempest"],"picked":"Defragment+1","floor":35},{"not_picked":["Auto Shields","Stack"],"picked":"Streamline+1","floor":41},{"not_picked":["Rebound+1","Ball Lightning+1","Go for the Eyes+1"],"picked":"SKIP","floor":45},{"not_picked":["Hologram","Reinforced Body","Hello World+1"],"picked":"SKIP","floor":46},{"not_picked":["Self Repair","Sweeping Beam+1"],"picked":"Multi-Cast","floor":54}],"player_experience":3925113,"relics_obtained":[{"floor":6.0,"key":"Happy Flower"},{"floor":9.0,"key":"Bronze Scales"},{"floor":10.0,"key":"Molten Egg 2"},{"floor":14.0,"key":"Nunchaku"},{"floor":23.0,"key":"Shuriken"},{"floor":26.0,"key":"Cables"},{"floor":27,"key":"Pear"},{"floor":36,"key":"TungstenRod"},{"floor":41,"key":"Mummified Hand"},{"floor":54,"key":"Calipers"}],"event_choices":[{"damage_healed":0.0,"max_hp_gain":0.0,"max_hp_loss":0.0,"gold_gain":275.0,"event_name":"Golden Shrine","player_choice":"Desecrate","floor":2.0,"gold_loss":0.0,"damage_taken":0.0,"cards_obtained":["Regret"]},{"damage_healed":0.0,"max_hp_gain":0.0,"max_hp_loss":0.0,"gold_gain":0.0,"event_name":"Shining Light","player_choice":"Entered Light","floor":5.0,"gold_loss":0.0,"damage_taken":18.0,"cards_upgraded":["Defend_B","Cold Snap"]},{"cards_removed":["Regret"],"damage_healed":0.0,"max_hp_gain":0.0,"max_hp_loss":0.0,"gold_gain":0.0,"event_name":"Living Wall","player_choice":"Forget","floor":11.0,"gold_loss":0.0,"damage_taken":0.0},{"cards_removed":["Defend_B"],"damage_healed":0.0,"max_hp_gain":0.0,"max_hp_loss":0.0,"gold_gain":0.0,"event_name":"Beggar","player_choice":"Gave Gold","floor":22.0,"gold_loss":75.0,"damage_taken":0.0},{"damage_healed":0.0,"max_hp_gain":0.0,"max_hp_loss":0.0,"gold_gain":0.0,"cards_transformed":["Strike_B","Defend_B"],"event_name":"Drug Dealer","player_choice":"Became Test Subject","floor":25.0,"gold_loss":0.0,"damage_taken":0.0,"cards_obtained":["Doom and Gloom","Echo Form"]},{"cards_removed":["Glacier"],"damage_healed":0,"gold_gain":0,"player_choice":"Gave Card","damage_taken":0,"relics_obtained":["Juzu Bracelet"],"max_hp_gain":0,"max_hp_loss":0,"event_name":"WeMeetAgain","floor":29,"gold_loss":0},{"damage_healed":0,"gold_gain":0,"player_choice":"Fight","damage_taken":0,"max_hp_gain":0,"max_hp_loss":0,"event_name":"Mysterious Sphere","floor":36,"gold_loss":0},{"damage_healed":0,"gold_gain":0,"player_choice":"Upgraded","damage_taken":0,"max_hp_gain":0,"max_hp_loss":0,"event_name":"Upgrade Shrine","floor":38,"gold_loss":0,"cards_upgraded":["Echo Form"]},{"damage_healed":0,"gold_gain":0,"player_choice":"Paid","damage_taken":0,"relics_obtained":["Red Mask"],"max_hp_gain":0,"max_hp_loss":0,"event_name":"Tomb of Lord Red Mask","floor":39,"gold_loss":52},{"damage_healed":0,"gold_gain":0,"player_choice":"Ignored","damage_taken":0,"max_hp_gain":0,"max_hp_loss":0,"event_name":"SecretPortal","floor":44,"gold_loss":0},{"damage_healed":0,"gold_gain":0,"player_choice":"Memory 1","damage_taken":0,"max_hp_gain":0,"max_hp_loss":0,"event_name":"SensoryStone","floor":47,"gold_loss":0},{"damage_healed":0,"gold_gain":0,"player_choice":"Embrace Madness","damage_taken":12,"max_hp_gain":0,"max_hp_loss":0,"event_name":"Winding Halls","floor":48,"gold_loss":0,"cards_obtained":["Madness","Madness"]}],"is_beta":false,"boss_relics":[{"not_picked":["Tiny House","Calling Bell"],"picked":"Runic Pyramid"},{"not_picked":["Velvet Choker","Nuclear Battery"],"picked":"Astrolabe"}],"items_purged_floors":[13,37,53],"is_endless":false,"potions_floor_spawned":[1,3,6,14,16,21,23,31,33,36,45,46,54],"killed_by":"The Heart","ascension_level":8}}