{"host":"bf9sa99gaumonoeu","time":1610029828,"event":{"mods":["AchievementEnabler","Act Like it!","BaseMod","Better Sensory Stone","Colored Map","Colored Powertips","Downfall","Friendly Minions","Gensokyo","GifTheSpireLib","Hallownest","Hermit","Hubris","Jorbs\u0027s Wanderer Trilogy","KinomotoSakuraMod(????)","Koishi","Lobotomy","Marisa????????","Minty Spire (QoL Compilation)","Rare Cards Sparkle","Reimu??????","Remilia??????","Replay The Spire","Shop Mod","StSLib","The Administrix","The Animator","The Blue Laboratory","The Bug Knight","The Construct","The Cursed","The Disciple","The Hierophant","The Mystic","The Necromancer","The Poker Player","The Runesmith","The Senshi","The Servant 0.9.4"],"gold_per_floor":[112,132,132,147,158,158,185,185,185,217,232,232,232,132,132,233,233,249,168,183,183,39,71,71,102,102,332,348,362,389,407,407,505,505,515,525,525,435,435,435,467,73,126,146,171,184,216,269,269,269],"floor_reached":51,"playtime":6304,"items_purged":["AdministrixMod:Strike_Administrix"],"score":996,"play_id":"973143fc-d484-4f4a-b867-acbbacf6d7a1","local_time":"20210107123028","is_ascension_mode":true,"campfire_choices":[{"data":"AdministrixMod:CastOffRegrets","floor":6,"key":"SMITH"},{"data":"AdministrixMod:WickedPunishment","floor":8,"key":"SMITH"},{"data":"AdministrixMod:Transition","floor":12,"key":"SMITH"},{"data":"AdministrixMod:RebukeDesires","floor":15,"key":"SMITH"},{"data":"AdministrixMod:BloodlessSapphire","floor":24,"key":"SMITH"},{"data":"AdministrixMod:FearOfDeath","floor":32,"key":"SMITH"},{"data":"AdministrixMod:AmassedMasks","floor":40,"key":"SMITH"},{"data":"AdministrixMod:HiddenPower","floor":49,"key":"SMITH"}],"circlet_count":0,"master_deck":["AdministrixMod:Strike_Administrix","AdministrixMod:Strike_Administrix","AdministrixMod:RedCloak","AdministrixMod:Defend_Administrix","AdministrixMod:Defend_Administrix","AdministrixMod:Defend_Administrix","AdministrixMod:Defend_Administrix","AdministrixMod:BlueCloak","AdministrixMod:WickedPunishment+1","AdministrixMod:SipOfSparks","AdministrixMod:ExtolVirtue","AdministrixMod:CastOffRegrets+1","AdministrixMod:ImmortalPurity","AdministrixMod:RebukeDesires+1","AdministrixMod:Transition+1","AdministrixMod:RegentEdict","AdministrixMod:TenDesires","AdministrixMod:FiendishCrimson","AdministrixMod:TouchOfCinnabar+1","AdministrixMod:BloodlessSapphire+1","AdministrixMod:TouchOfCinnabar+1","AdministrixMod:ImmortalPurity","AdministrixMod:AmassedMasks+1","AdministrixMod:ChooseYourEnd","AdministrixMod:FearOfDeath+1","AdministrixMod:DeathByGlamour","AdministrixMod:TouchOfCinnabar+1","AdministrixMod:HiddenPower","AdministrixMod:ChooseYourEnd+1","AdministrixMod:RisingSunPrince","AdministrixMod:HiddenPower+1"],"relics":["AdministrixMod:ConductorRitualBaton","hubris:Icosahedron","Onion Ring","construct:FoamFinger","Kunai","Painkiller Herb","PreservedInsect","ReplayTheSpireMod:TigerMarble","Ornamental Fan","Blue Doll","Chameleon Ring","AdministrixMod:PrescriptionBottle","Philosopher\u0027s Stone","Mummified Hand","hubris:Towel","Anchor","hubris:EmptyBottle","OrangePellets","Nunchaku","hubris:BottledRain","Gensokyo:Companionship","Toy Ornithopter","Mastiff:ReiMu"],"acts_visited":["Gensokyo:Gensokyo","Gensokyo:Gensokyoer","Gensokyo:Gensokyoest"],"potions_floor_usage":[7,18,25,25,30],"damage_taken":[{"damage":1,"enemies":"Gensokyo:2_Kodama","floor":1,"turns":4},{"damage":0,"enemies":"Gensokyo:3_Fairies","floor":2,"turns":4},{"damage":2,"enemies":"Gensokyo:Python","floor":4,"turns":4},{"damage":0,"enemies":"Gensokyo:LivingMonolith","floor":5,"turns":2},{"damage":7,"enemies":"Gensokyo:Cirno","floor":7,"turns":5},{"damage":7,"enemies":"Gensokyo:Aya","floor":10,"turns":6},{"damage":0,"enemies":"Gensokyo:5_Fairies","floor":11,"turns":3},{"damage":16,"enemies":"Gensokyo:Yukari","floor":16,"turns":14},{"damage":0,"enemies":"Gensokyo:Chomper","floor":18,"turns":3},{"damage":7,"enemies":"Gensokyo:AngelMirror","floor":20,"turns":3},{"damage":0,"enemies":"Gensokyo:Reisen","floor":23,"turns":5},{"damage":14,"enemies":"Gensokyo:Koishi","floor":25,"turns":5},{"damage":0,"enemies":"Gensokyo:Tenshi","floor":27,"turns":3},{"damage":8,"enemies":"Gensokyo:Slime_Group","floor":28,"turns":7},{"damage":0,"enemies":"Gensokyo:Swordslinger","floor":29,"turns":5},{"damage":0,"enemies":"Gensokyo:Koishi","floor":30,"turns":3},{"damage":3,"enemies":"Gensokyo:Mirror_and_Dog","floor":31,"turns":2},{"damage":4,"enemies":"Gensokyo:Kaguya","floor":33,"turns":11},{"damage":10,"enemies":"Gensokyo:3_Boulders","floor":35,"turns":5},{"damage":2,"enemies":"Gensokyo:3_Bats","floor":36,"turns":3},{"damage":0,"enemies":"Gensokyo:Kasen","floor":41,"turns":4},{"damage":0,"enemies":"Gensokyo:SeedOfUnknown","floor":44,"turns":2},{"damage":0,"enemies":"Gensokyo:Doremy","floor":45,"turns":2},{"damage":3,"enemies":"Gensokyo:Dusk_and_Dawn","floor":46,"turns":5},{"damage":0,"enemies":"Gensokyo:Marisa","floor":47,"turns":6},{"damage":4,"enemies":"Gensokyo:Yuyuko","floor":50,"turns":3}],"seed_played":"-3555486357750899108","potions_obtained":[{"floor":5,"key":"Toxic Potion"},{"floor":7,"key":"blueLaboratory:FruitPunch"},{"floor":10,"key":"Swift Potion"},{"floor":11,"key":"blueLaboratory:EnragingPotion"},{"floor":20,"key":"Block Potion"},{"floor":23,"key":"champ:CounterPotion"},{"floor":25,"key":"blueLaboratory:BottledHope"},{"floor":30,"key":"SkillPotion"},{"floor":41,"key":"blueLaboratory:LouseDecoction"},{"floor":44,"key":"blueLaboratory:ExaltedPotion"}],"is_trial":false,"path_per_floor":["M","M","?","M","M","R","E","R","T","E","M","R","?","$","R","B",null,"?","COS","?","?","T","E","T","E","T","E","?","?","E","?","T","B",null,"?","?","?","?","?","T","E","COS","T","?","E","?","E","T","T","B",null],"character_chosen":"TheAdministrix","items_purchased":["AdministrixMod:RegentEdict","PreservedInsect"],"campfire_rested":0,"item_purchase_floors":[14,22],"current_hp_per_floor":[64,64,64,62,62,62,55,55,55,48,48,48,48,48,48,32,65,67,67,61,61,61,65,65,53,53,57,60,67,67,64,64,67,67,67,65,52,52,52,52,63,63,63,63,67,64,67,67,67,67],"gold":269,"neow_bonus":"THREE_CARDS","is_daily":false,"chose_seed":false,"campfire_upgraded":8,"win_rate":0.0,"timestamp":1610029828,"path_taken":["M","M","?","M","M","R","E","R","T","E","M","R","?","?","R","BOSS","?","COS","?","?","T","E","T","E","T","E","?","?","E","?","T","BOSS","?","?","?","?","?","T","E","COS","T","?","E","?","E","?","T","BOSS"],"items_purchased_type":["Card","Relic"],"build_version":"2020-12-22","purchased_purges":1,"victory":true,"max_hp_per_floor":[65,65,65,65,65,65,65,65,65,65,65,65,65,65,65,65,65,67,67,67,67,67,67,67,67,67,67,67,67,67,67,67,67,67,67,67,67,67,67,67,67,67,67,67,67,67,67,67,67,67],"card_choices":[{"not_picked":["AdministrixMod:DiversionaryTactic","AdministrixMod:SealAway"],"picked":"AdministrixMod:WickedPunishment","floor":0},{"not_picked":["AdministrixMod:CenturiesAscent","AdministrixMod:NoblePath"],"picked":"AdministrixMod:SipOfSparks","floor":1},{"not_picked":["AdministrixMod:XianArts","AdministrixMod:LightOfYourLife","AdministrixMod:Convergence"],"picked":"SKIP","floor":2},{"not_picked":["AdministrixMod:Transcension","AdministrixMod:TrickOfTheLight"],"picked":"AdministrixMod:ExtolVirtue","floor":4},{"not_picked":["AdministrixMod:DiversionaryTactic","AdministrixMod:PlateOfAntiquity"],"picked":"AdministrixMod:CastOffRegrets","floor":5},{"not_picked":["AdministrixMod:Wuji","AdministrixMod:Convergence"],"picked":"AdministrixMod:ImmortalPurity","floor":7},{"not_picked":["AdministrixMod:TrickOfTheLight","AdministrixMod:PassageOfAges"],"picked":"AdministrixMod:RebukeDesires","floor":10},{"not_picked":["AdministrixMod:SeventeenArticleLaser","AdministrixMod:ArmillarySphere"],"picked":"AdministrixMod:Transition","floor":11},{"not_picked":["AdministrixMod:HaveItAll","AdministrixMod:CosmosControl"],"picked":"AdministrixMod:TenDesires","floor":16},{"not_picked":["AdministrixMod:FuneraryRites","AdministrixMod:QuietConspiracy"],"picked":"AdministrixMod:FiendishCrimson","floor":18},{"not_picked":["AdministrixMod:FeastOfDew","AdministrixMod:UnstableVigor+1"],"picked":"AdministrixMod:TouchOfCinnabar","floor":20},{"not_picked":["AdministrixMod:BegetEternity","AdministrixMod:NoblePath+1"],"picked":"AdministrixMod:BloodlessSapphire","floor":23},{"not_picked":["AdministrixMod:Wuji+1","AdministrixMod:SipOfSparks"],"picked":"AdministrixMod:TouchOfCinnabar+1","floor":25},{"not_picked":["AdministrixMod:SipOfSparks+1","AdministrixMod:RegentEdict"],"picked":"AdministrixMod:ImmortalPurity","floor":27},{"not_picked":["AdministrixMod:LifeforceNet","AdministrixMod:Mastermind"],"picked":"AdministrixMod:AmassedMasks","floor":27},{"not_picked":["AdministrixMod:NewbornDivinity","AdministrixMod:UnstableVigor","AdministrixMod:CenturiesAscent"],"picked":"SKIP","floor":28},{"not_picked":["AdministrixMod:SealAway+1","AdministrixMod:Transition"],"picked":"AdministrixMod:ChooseYourEnd","floor":29},{"not_picked":["AdministrixMod:PlateOfAntiquity","AdministrixMod:CenturiesAscent"],"picked":"AdministrixMod:FearOfDeath","floor":30},{"not_picked":["AdministrixMod:ShadowPlay","AdministrixMod:QuietConspiracy","AdministrixMod:TrickOfTheLight+1"],"picked":"SKIP","floor":31},{"not_picked":["AdministrixMod:Schism","AdministrixMod:CosmosControl"],"picked":"AdministrixMod:DeathByGlamour","floor":33},{"not_picked":["AdministrixMod:ImmortalPurity+1","AdministrixMod:PlateOfAntiquity"],"picked":"AdministrixMod:TouchOfCinnabar+1","floor":35},{"not_picked":["AdministrixMod:WickedPunishment","AdministrixMod:WifeLightning","AdministrixMod:RegentEdict+1"],"picked":"SKIP","floor":36},{"not_picked":["AdministrixMod:ShadowPlay","AdministrixMod:XianArts+1"],"picked":"AdministrixMod:HiddenPower","floor":41},{"not_picked":["AdministrixMod:DreamsMausoleum","AdministrixMod:Transcension+1"],"picked":"AdministrixMod:ChooseYourEnd+1","floor":44},{"not_picked":["AdministrixMod:JustRewards+1","AdministrixMod:PlateOfAntiquity+1"],"picked":"AdministrixMod:RisingSunPrince","floor":45},{"not_picked":["AdministrixMod:TouchOfCinnabar","AdministrixMod:Convergence"],"picked":"AdministrixMod:HiddenPower","floor":46},{"not_picked":["AdministrixMod:TouchOfCinnabar","AdministrixMod:SealAway","AdministrixMod:ShadowPlay+1"],"picked":"SKIP","floor":47}],"player_experience":847480,"relics_obtained":[{"floor":7,"key":"Onion Ring"},{"floor":9,"key":"construct:FoamFinger"},{"floor":10,"key":"Kunai"},{"floor":23,"key":"ReplayTheSpireMod:TigerMarble"},{"floor":25,"key":"Ornamental Fan"},{"floor":26,"key":"Blue Doll"},{"floor":27,"key":"Chameleon Ring"},{"floor":30,"key":"AdministrixMod:PrescriptionBottle"},{"floor":41,"key":"Anchor"},{"floor":43,"key":"Nunchaku"},{"floor":45,"key":"hubris:BottledRain"},{"floor":47,"key":"Toy Ornithopter"},{"floor":48,"key":"Mastiff:ReiMu"}],"event_choices":[],"is_beta":false,"boss_relics":[{"not_picked":["AdministrixMod:ElixirOfImmorality","Coffee Dripper"],"picked":"Painkiller Herb"},{"not_picked":["Velvet Choker","Kintsugi"],"picked":"Philosopher\u0027s Stone"}],"items_purged_floors":[14],"is_endless":false,"potions_floor_spawned":[5,7,10,11,20,23,25,30,31,41,44,45],"ascension_level":2}}