{"host":"zcz0awyw9el3eccp","time":1610051426,"event":{"mods":["AchievementEnabler","BaseMod","Colored Powertips","Googly Eyes","Minty Spire (QoL Compilation)","Quick Restart","StSLib"],"gold_per_floor":[15,26,39,39,39,39,39,52,79,79,99,116,116,141,141,242,242,262,361,361,361,361,361],"floor_reached":22,"playtime":870,"items_purged":[],"score":184,"play_id":"8f635cb7-c3b8-4819-b316-cd68d88bf9db","local_time":"20210107213026","is_ascension_mode":false,"campfire_choices":[{"floor":7,"key":"RECALL"},{"data":"FlurryOfBlows","floor":10,"key":"SMITH"},{"data":"Eruption","floor":13,"key":"SMITH"},{"data":"CrushJoints","floor":15,"key":"SMITH"}],"circlet_count":0,"master_deck":["Strike_P","Strike_P","Defend_P","Defend_P","Defend_P","Defend_P","Eruption+1","Vigilance","FlurryOfBlows+1","LikeWater","FollowUp","FollowUp","Swivel","Halt","CrushJoints+1","Ragnarok","CutThroughFate","EmptyFist","Scrawl"],"relics":["PureWater","Calipers","MealTicket","Darkstone Periapt","SlaversCollar"],"acts_visited":["Exordium","TheCity"],"potions_floor_usage":[16,16],"damage_taken":[{"damage":0,"enemies":"Cultist","floor":1,"turns":4},{"damage":0,"enemies":"Jaw Worm","floor":2,"turns":3},{"damage":0,"enemies":"2 Louse","floor":3,"turns":3},{"damage":0,"enemies":"2 Fungi Beasts","floor":8,"turns":3},{"damage":6,"enemies":"3 Louse","floor":11,"turns":4},{"damage":7,"enemies":"Blue Slaver","floor":12,"turns":4},{"damage":30,"enemies":"Gremlin Nob","floor":14,"turns":6},{"damage":41,"enemies":"The Guardian","floor":16,"turns":8},{"damage":20,"enemies":"2 Thieves","floor":18,"turns":4},{"damage":17,"enemies":"3 Byrds","floor":22,"turns":4}],"seed_played":"-6297788903378707780","potions_obtained":[{"floor":3,"key":"LiquidMemories"},{"floor":12,"key":"SkillPotion"},{"floor":14,"key":"Regen Potion"},{"floor":18,"key":"EntropicBrew"}],"is_trial":false,"path_per_floor":["M","M","M","?","?","$","R","M","T","R","M","M","R","E","R","B",null,"M","?","?","?","M"],"character_chosen":"WATCHER","items_purchased":[],"campfire_rested":0,"item_purchase_floors":[],"current_hp_per_floor":[72,72,72,69,74,77,77,77,77,77,71,64,64,34,34,8,77,57,57,43,43,26,26],"gold":361,"neow_bonus":"ONE_RARE_RELIC","is_daily":false,"chose_seed":false,"campfire_upgraded":3,"win_rate":0.0,"timestamp":1610051426,"path_taken":["M","M","M","?","?","?","R","M","T","R","M","M","R","E","R","BOSS","M","?","?","?","M"],"items_purchased_type":[],"build_version":"2020-12-22","purchased_purges":0,"victory":false,"max_hp_per_floor":[72,72,72,72,77,77,77,77,77,77,77,77,77,77,77,77,77,77,77,82,82,82,82],"card_choices":[{"not_picked":["Fasting2","FollowUp"],"picked":"FlurryOfBlows","floor":1},{"not_picked":["Evaluate","Prostrate"],"picked":"LikeWater","floor":2},{"not_picked":["CrushJoints","Halt"],"picked":"FollowUp","floor":3},{"not_picked":["InnerPeace","Prostrate"],"picked":"FollowUp","floor":8},{"not_picked":["Prostrate","BowlingBash"],"picked":"Swivel","floor":11},{"not_picked":["SignatureMove","Perseverance"],"picked":"Halt","floor":12},{"not_picked":["Pray","FlyingSleeves"],"picked":"CrushJoints","floor":14},{"not_picked":["Judgement","Scrawl"],"picked":"Ragnarok","floor":16},{"not_picked":["Fasting2","EmptyFist"],"picked":"CutThroughFate","floor":18}],"player_experience":102925,"relics_obtained":[{"floor":14,"key":"Darkstone Periapt"}],"event_choices":[{"damage_healed":0,"gold_gain":0,"player_choice":"Success","damage_taken":3,"relics_obtained":["MealTicket"],"max_hp_gain":0,"max_hp_loss":0,"event_name":"Scrap Ooze","floor":4,"gold_loss":0},{"damage_healed":0,"gold_gain":0,"player_choice":"Donut","damage_taken":0,"max_hp_gain":5,"max_hp_loss":0,"event_name":"Big Fish","floor":5,"gold_loss":0},{"damage_healed":0,"gold_gain":99,"player_choice":"Stole From Cult","damage_taken":0,"max_hp_gain":0,"max_hp_loss":0,"event_name":"Nest","floor":19,"gold_loss":0},{"damage_healed":0,"gold_gain":0,"player_choice":"Shed Blood","damage_taken":19,"max_hp_gain":5,"max_hp_loss":0,"event_name":"Forgotten Altar","floor":20,"gold_loss":0},{"damage_healed":0,"gold_gain":0,"cards_transformed":["Strike_P","Strike_P"],"player_choice":"Became Test Subject","damage_taken":0,"max_hp_gain":0,"max_hp_loss":0,"event_name":"Drug Dealer","floor":21,"gold_loss":0,"cards_obtained":["EmptyFist","Scrawl"]}],"is_beta":false,"boss_relics":[{"not_picked":["Ectoplasm","Runic Pyramid"],"picked":"SlaversCollar"}],"items_purged_floors":[],"is_endless":false,"potions_floor_spawned":[3,12,14,18],"killed_by":"3 Byrds","ascension_level":0}}