{"host":"26mrfot5w7uj2ebc","time":1610014954,"event":{"mods":["AchievementEnabler","BaseMod","Colored Map","Curses Come First","Minty Spire (QoL Compilation)","StSLib"],"gold_per_floor":[118,118,21,196,214,241,241,241,266,266,280,52,62,81,81,181,181,191,116,126,36,46,77,95,95,119,119,129,146,111,121,121,217,217,230,246,246,246],"floor_reached":37,"playtime":1058,"items_purged":["Doubt"],"score":468,"play_id":"b6e0d6cb-de95-4453-8f63-2260e4e3502d","local_time":"20210107192234","is_ascension_mode":false,"campfire_choices":[{"data":"Eruption","floor":8.0,"key":"SMITH"},{"data":"Tantrum","floor":10.0,"key":"SMITH"},{"floor":15.0,"key":"RECALL"},{"floor":25.0,"key":"REST"},{"floor":27.0,"key":"REST"},{"floor":32.0,"key":"REST"}],"circlet_count":0,"master_deck":["Eruption+1","Vigilance","Tantrum+1","Alpha","SandsOfTime","Tantrum","WreathOfFlame","Consecrate","Evaluate","Vault","EmptyBody+1","Study","InnerPeace","SpiritShield","WreathOfFlame+1","SashWhip","TalkToTheHand","Wallop","Omniscience","Wallop","Scrawl","TalkToTheHand","LessonLearned","MasterReality","Meditate","EmptyMind","FlyingSleeves","Blasphemy","BattleHymn","ForeignInfluence+1"],"relics":["PureWater","NeowsBlessing","Regal Pillow","Lantern","Dream Catcher","Fusion Hammer","Ginger","Toy Ornithopter","Pandora\u0027s Box"],"acts_visited":["Exordium","TheCity","TheBeyond"],"potions_floor_usage":[],"damage_taken":[{"damage":0.0,"enemies":"Small Slimes","floor":1.0,"turns":1.0},{"damage":0.0,"enemies":"Cultist","floor":5.0,"turns":1.0},{"damage":0.0,"enemies":"3 Sentries","floor":6.0,"turns":1.0},{"damage":0.0,"enemies":"2 Louse","floor":11.0,"turns":2.0},{"damage":0.0,"enemies":"Large Slime","floor":13.0,"turns":2.0},{"damage":0.0,"enemies":"Red Slaver","floor":14.0,"turns":2.0},{"damage":0.0,"enemies":"Slime Boss","floor":16.0,"turns":4.0},{"damage":19.0,"enemies":"2 Thieves","floor":18.0,"turns":4.0},{"damage":0.0,"enemies":"Spheric Guardian","floor":20.0,"turns":3.0},{"damage":0.0,"enemies":"Snecko","floor":22.0,"turns":3.0},{"damage":32.0,"enemies":"Slavers","floor":23.0,"turns":5.0},{"damage":16.0,"enemies":"Chosen and Byrds","floor":24.0,"turns":5.0},{"damage":26.0,"enemies":"Shelled Parasite and Fungi","floor":28.0,"turns":7.0},{"damage":0.0,"enemies":"Centurion and Healer","floor":29.0,"turns":4.0},{"damage":0.0,"enemies":"Sentry and Sphere","floor":31.0,"turns":3.0},{"damage":28.0,"enemies":"Automaton","floor":33.0,"turns":7.0},{"damage":25.0,"enemies":"Orb Walker","floor":35.0,"turns":5.0},{"damage":28,"enemies":"3 Darklings","floor":36,"turns":4},{"damage":29,"enemies":"Writhing Mass","floor":37,"turns":2}],"seed_played":"8859122887826131032","potions_obtained":[{"floor":1.0,"key":"DuplicationPotion"},{"floor":13.0,"key":"Weak Potion"},{"floor":23.0,"key":"PowerPotion"},{"floor":33.0,"key":"FearPotion"}],"is_trial":false,"path_per_floor":["M","?","$","?","M","E","?","R","T","R","M","$","M","M","R","B",null,"M","?","M","?","M","E","M","R","T","R","M","M","$","M","R","B",null,"M","M","M"],"character_chosen":"WATCHER","items_purchased":["Fruit Juice","Tantrum","WreathOfFlame","Wallop"],"campfire_rested":3,"item_purchase_floors":[3,12,12,30],"current_hp_per_floor":[72,72,72,72,72,72,72,72,72,72,72,72,72,72,72,72,72,53,53,53,53,58,26,10,48,48,77,51,51,51,51,77,49,77,52,24,0,0],"gold":246,"neow_bonus":"THREE_ENEMY_KILL","is_daily":false,"chose_seed":false,"campfire_upgraded":2,"win_rate":0.0,"timestamp":1610014954,"path_taken":["M","?","?","?","M","E","?","R","T","R","?","$","M","M","R","BOSS","M","?","M","?","M","E","M","R","T","R","?","M","$","M","R","BOSS","M","M","M"],"items_purchased_type":["Potion","Card","Card","Card"],"build_version":"2020-12-22","purchased_purges":1,"victory":false,"max_hp_per_floor":[72,72,72,72,72,72,72,72,72,72,72,72,72,72,72,72,72,72,72,72,72,77,77,77,77,77,77,77,77,77,77,77,77,77,77,77,77,77],"card_choices":[{"not_picked":["SignatureMove","JustLucky"],"picked":"Tantrum","floor":1.0},{"not_picked":["Meditate","WindmillStrike"],"picked":"Vengeance","floor":5.0},{"not_picked":["FearNoEvil","WheelKick"],"picked":"Alpha","floor":6.0},{"not_picked":["Crescendo","Halt"],"picked":"SandsOfTime","floor":11.0},{"not_picked":["PathToVictory","Sanctity"],"picked":"Consecrate","floor":13.0},{"not_picked":["Protect","FearNoEvil"],"picked":"Evaluate","floor":14.0},{"not_picked":["LessonLearned","Devotion"],"picked":"Vault","floor":16.0},{"not_picked":["Conclude+1","FlurryOfBlows"],"picked":"EmptyBody+1","floor":18.0},{"not_picked":["Evaluate","EmptyBody"],"picked":"Study","floor":20.0},{"not_picked":["Protect","ClearTheMind"],"picked":"InnerPeace","floor":22.0},{"not_picked":["FlurryOfBlows","SignatureMove"],"picked":"SpiritShield","floor":23.0},{"not_picked":["FlyingSleeves","JustLucky"],"picked":"WreathOfFlame+1","floor":24.0},{"not_picked":["ClearTheMind","BowlingBash"],"picked":"SashWhip","floor":25.0},{"not_picked":["PathToVictory","CrushJoints"],"picked":"TalkToTheHand","floor":27.0},{"not_picked":["Protect+1","Tantrum+1"],"picked":"Wallop","floor":28.0},{"not_picked":["FlurryOfBlows+1","Crescendo"],"picked":"Omniscience","floor":29.0},{"not_picked":["ForeignInfluence","EmptyBody"],"picked":"Scrawl","floor":31.0},{"not_picked":["FlyingSleeves","Tantrum"],"picked":"TalkToTheHand","floor":32.0},{"not_picked":["Brilliance","Establishment"],"picked":"LessonLearned","floor":33.0},{"not_picked":["ClearTheMind+1","JustLucky"],"picked":"BattleHymn","floor":35.0},{"not_picked":["WindmillStrike","SashWhip"],"picked":"ForeignInfluence+1","floor":36}],"player_experience":223629,"relics_obtained":[{"floor":6.0,"key":"Regal Pillow"},{"floor":9.0,"key":"Dream Catcher"},{"floor":23.0,"key":"Ginger"},{"floor":26.0,"key":"Toy Ornithopter"}],"event_choices":[{"cards_removed":["Defend_P"],"damage_healed":0.0,"max_hp_gain":0.0,"max_hp_loss":0.0,"gold_gain":0.0,"event_name":"Purifier","player_choice":"Purged","floor":2.0,"gold_loss":0.0,"damage_taken":0.0},{"damage_healed":0.0,"max_hp_gain":0.0,"max_hp_loss":0.0,"gold_gain":175.0,"event_name":"Liars Game","player_choice":"AGREE","floor":4.0,"gold_loss":0.0,"damage_taken":0.0,"cards_obtained":["Doubt"]},{"cards_removed":["Vengeance"],"damage_healed":0.0,"max_hp_gain":0.0,"max_hp_loss":0.0,"gold_gain":0.0,"event_name":"WeMeetAgain","player_choice":"Gave Card","floor":7.0,"gold_loss":0.0,"damage_taken":0.0,"relics_obtained":["Lantern"]},{"cards_removed":["Strike_P"],"damage_healed":0.0,"max_hp_gain":0.0,"max_hp_loss":0.0,"gold_gain":0.0,"event_name":"Beggar","player_choice":"Gave Gold","floor":19.0,"gold_loss":75.0,"damage_taken":0.0},{"cards_removed":["Strike_P"],"damage_healed":0.0,"max_hp_gain":0.0,"max_hp_loss":0.0,"gold_gain":0.0,"event_name":"Designer","player_choice":"Upgrade and Remove","floor":21.0,"gold_loss":90.0,"damage_taken":0.0,"cards_upgraded":["Defend_P"]}],"is_beta":false,"boss_relics":[{"not_picked":["Sozu","Runic Pyramid"],"picked":"Fusion Hammer"},{"not_picked":["Coffee Dripper","Runic Dome"],"picked":"Pandora\u0027s Box"}],"items_purged_floors":[12],"is_endless":false,"potions_floor_spawned":[1,13,23,31,33],"killed_by":"Writhing Mass","ascension_level":0}}