{"host":"svwqvw2il1zfkkg0","time":1610051473,"event":{"mods":["AchievementEnabler","BaseMod","BetterRewards","Colored Map","Colored Powertips","Custom Start","Downfall","GifTheSpireLib","Highlight Path","Hubris","Infinite Spire","Minty Spire (QoL Compilation)","Quick Restart","Replay The Spire","Shop Mod","StSLib","SuperFastMode"],"gold_per_floor":[361,116,134,134,149,181,181,191,259,293,308,94,114,125,125,225,225,244,258,258,258,272,272,285,285,285,301,301,333,351,8,8,109,109,121,138,158,168,184,217,217,244,244,256,284,303,319,319,319,319,319],"floor_reached":50,"playtime":2152,"items_purged":[],"score":597,"play_id":"03e66fe7-3a28-4685-83e6-09298d633e93","local_time":"20210107123113","is_ascension_mode":false,"campfire_choices":[{"data":"All Out Attack","floor":7,"key":"SMITH"},{"floor":15,"key":"REST"},{"data":"Blade Dance","floor":23,"key":"SMITH"},{"data":"Cloak And Dagger","floor":25,"key":"SMITH"},{"floor":28,"key":"REST"},{"data":"Cloak And Dagger","floor":32,"key":"SMITH"},{"floor":49,"key":"REST"}],"circlet_count":0,"master_deck":["Strike_G","Strike_G","Strike_G","Strike_G","Strike_G","Defend_G","Defend_G","Defend_G","Defend_G","Defend_G","Survivor","Neutralize","All Out Attack+1","Quick Slash","Flying Knee","Prepared","Finisher","Cloak And Dagger+1","A Thousand Cuts","Backstab+1","Blade Dance+1","Prepared+1","Prepared+1","Slice","Dagger Spray","Cloak And Dagger+1","Adrenaline","Dagger Throw+1","Cloak And Dagger+1","Blade Dance+1","Adrenaline","Cloak And Dagger+1","Slice+1"],"relics":["Ring of the Snake","ReplayTheSpireMod:TigerMarble","Pear","ReplayTheSpireMod:Shallot","Bag of Marbles","ChewingGum","Pantograph","MealTicket","WristBlade","infinitespire:CheckeredPen","Unceasing Top","Pet Ghost","Tiny Chest","hubris:Backtick","Gremlin Horn","Oddly Smooth Stone","InkBottle","hubris:TinFlute","Replay:Accelerometer"],"acts_visited":["Exordium","TheCity","TheBeyond"],"potions_floor_usage":[10,16,16,16,33,33,33,37,39,44,50,50,50],"damage_taken":[{"damage":1,"enemies":"Small Slimes","floor":1,"turns":4},{"damage":0,"enemies":"Cultist","floor":3,"turns":3},{"damage":0,"enemies":"infinitespire:Voidling","floor":5,"turns":3},{"damage":19,"enemies":"3 Sentries","floor":6,"turns":8},{"damage":3,"enemies":"Large Slime","floor":8,"turns":5},{"damage":12,"enemies":"Lagavulin","floor":10,"turns":5},{"damage":0,"enemies":"Looter","floor":11,"turns":2},{"damage":0,"enemies":"3 Louse","floor":13,"turns":2},{"damage":7,"enemies":"Gremlin Gang","floor":14,"turns":2},{"damage":4,"enemies":"The Guardian","floor":16,"turns":5},{"damage":2,"enemies":"2 Thieves","floor":18,"turns":3},{"damage":16,"enemies":"Spheric Guardian","floor":19,"turns":4},{"damage":0,"enemies":"3 Cultists","floor":22,"turns":3},{"damage":0,"enemies":"Snake Plant","floor":24,"turns":1},{"damage":3,"enemies":"Cultist and Chosen","floor":27,"turns":2},{"damage":0,"enemies":"Book of Stabbing","floor":29,"turns":2},{"damage":6,"enemies":"Snecko","floor":30,"turns":3},{"damage":0,"enemies":"hubris:MusketHawk","floor":33,"turns":1},{"damage":0,"enemies":"Orb Walker","floor":35,"turns":1},{"damage":0,"enemies":"3 Darklings","floor":36,"turns":1},{"damage":14,"enemies":"Maw","floor":37,"turns":5},{"damage":0,"enemies":"Writhing Mass","floor":38,"turns":1},{"damage":13,"enemies":"Spire Growth","floor":39,"turns":2},{"damage":4,"enemies":"R_Hoarder","floor":40,"turns":5},{"damage":12,"enemies":"Giant Head","floor":42,"turns":4},{"damage":0,"enemies":"Jaw Worm Horde","floor":44,"turns":1},{"damage":0,"enemies":"Nemesis","floor":45,"turns":1},{"damage":0,"enemies":"Transient","floor":46,"turns":5},{"damage":0,"enemies":"4 Shapes","floor":47,"turns":1},{"damage":78,"enemies":"hubris:GrandSnecko","floor":50,"turns":9}],"seed_played":"-5711165231677475073","potions_obtained":[{"floor":4,"key":"Cursed Concoction"},{"floor":4,"key":"EssenceOfSteel"},{"floor":4,"key":"CultistPotion"},{"floor":10,"key":"Poison Potion"},{"floor":11,"key":"LifebloodPotion"},{"floor":18,"key":"Strength Potion"},{"floor":24,"key":"ColorlessPotion"},{"floor":29,"key":"infinitespire:BlackPotion"},{"floor":33,"key":"Energy Potion"},{"floor":39,"key":"Fruit Juice"},{"floor":40,"key":"Explosive Potion"},{"floor":42,"key":"champ:CounterPotion"},{"floor":44,"key":"ColorlessPotion"},{"floor":45,"key":"hexamod:EctoCoolerPotion"}],"is_trial":false,"path_per_floor":["M","$","M","?","M","E","R","M","T","E","M","$","M","M","R","B",null,"M","M","?","AVR","M","R","M","R","T","M","R","E","M","$","R","B",null,"M","M","M","M","M","E","?","E","T","M","E","M","M","?","R","B"],"character_chosen":"THE_SILENT","items_purchased":["ReplayTheSpireMod:TigerMarble","Quick Slash","Flying Knee","A Thousand Cuts","Backstab+1","Pet Ghost","Tiny Chest","Cloak And Dagger"],"campfire_rested":3,"item_purchase_floors":[2,2,2,12,12,31,31,31],"current_hp_per_floor":[62,62,62,62,62,53,53,50,50,38,38,38,38,31,52,48,73,71,55,55,55,55,55,55,55,55,52,73,73,67,73,73,73,73,73,73,59,59,59,55,55,43,43,43,43,47,47,47,70,0,0],"gold":319,"neow_bonus":"TWO_FIFTY_GOLD","is_daily":false,"chose_seed":false,"campfire_upgraded":4,"win_rate":0.0,"timestamp":1610051473,"path_taken":["M","$","M","?","M","E","R","M","T","E","?","$","?","M","R","BOSS","M","M","?","AVR","M","R","M","R","T","M","R","E","M","$","R","BOSS","M","M","M","M","M","E","?","E","T","?","E","M","M","?","R","BOSS"],"items_purchased_type":["Relic","Card","Card","Card","Card","Relic","Relic","Card"],"build_version":"2020-12-22","purchased_purges":0,"victory":false,"max_hp_per_floor":[63,63,63,63,63,73,73,73,73,73,73,73,73,73,73,73,73,73,73,73,73,73,73,73,73,73,73,73,73,73,73,73,73,73,73,73,73,73,78,78,78,78,78,78,78,78,78,78,78,78,78],"card_choices":[{"not_picked":["Deflect","Replay:Poison Smokescreen"],"picked":"All Out Attack","floor":1},{"not_picked":["Quick Slash","Predator"],"picked":"Prepared","floor":3},{"not_picked":["Bane","Hidden Blade","Tactician"],"picked":"SKIP","floor":5},{"not_picked":["Quick Slash","Poisoned Stab"],"picked":"Finisher","floor":6},{"not_picked":["hubris:Counter","Acrobatics"],"picked":"Cloak And Dagger","floor":8},{"not_picked":["Reflex","Deadly Poison","Flying Knee"],"picked":"SKIP","floor":10},{"not_picked":["Noxious Fumes","ReplayTheSpireMod:Tripwire","Concentrate"],"picked":"SKIP","floor":11},{"not_picked":["Concentrate","Deflect","Well Laid Plans"],"picked":"SKIP","floor":13},{"not_picked":["Grand Finale","Outmaneuver","Quick Slash"],"picked":"SKIP","floor":14},{"not_picked":["Caltrops","Dagger Throw"],"picked":"Blade Dance","floor":18},{"not_picked":["Expertise","Acrobatics"],"picked":"Prepared+1","floor":19},{"not_picked":["PiercingWail+1","Bane"],"picked":"Prepared+1","floor":22},{"not_picked":["ReplayTheSpireMod:Necrosis","hubris:Sniper"],"picked":"Slice","floor":24},{"not_picked":["Deflect","Distraction+1"],"picked":"Dagger Spray","floor":27},{"not_picked":["Deflect","Hidden Blade+1","Fluid Movement"],"picked":"SKIP","floor":29},{"not_picked":["Phantasmal Killer","Flechettes","Blur"],"picked":"SKIP","floor":30},{"not_picked":["Corpse Explosion","Burst"],"picked":"Adrenaline","floor":33},{"not_picked":["hubris:SlightOfHand","Reflex","Caltrops"],"picked":"SKIP","floor":35},{"not_picked":["Dodge and Roll","hubris:SlightOfHand"],"picked":"Dagger Throw+1","floor":36},{"not_picked":["Deflect","Crippling Poison+1","Prepared"],"picked":"SKIP","floor":37},{"not_picked":["Flying Knee","Hidden Blade+1","Bane"],"picked":"SKIP","floor":38},{"not_picked":["Predator+1","Noxious Fumes"],"picked":"Cloak And Dagger+1","floor":39},{"not_picked":["Tools of the Trade","Dagger Spray"],"picked":"Blade Dance+1","floor":40},{"not_picked":["Outmaneuver+1","Acrobatics","Quick Slash+1"],"picked":"SKIP","floor":42},{"not_picked":["Grand Finale","Poisoned Stab+1","Dodge and Roll"],"picked":"SKIP","floor":44},{"not_picked":["ReplayTheSpireMod:Necrosis","Riddle With Holes","Terror"],"picked":"SKIP","floor":45},{"not_picked":["Infinite Blades+1","Distraction+1"],"picked":"Cloak And Dagger+1","floor":46},{"not_picked":["ReplayTheSpireMod:Speed Training+1","Hidden Blade"],"picked":"Slice+1","floor":47}],"player_experience":462026,"relics_obtained":[{"floor":6,"key":"Pear"},{"floor":9,"key":"ReplayTheSpireMod:Shallot"},{"floor":10,"key":"Bag of Marbles"},{"floor":26,"key":"infinitespire:CheckeredPen"},{"floor":29,"key":"Unceasing Top"},{"floor":40,"key":"Oddly Smooth Stone"},{"floor":42,"key":"InkBottle"},{"floor":43,"key":"hubris:TinFlute"},{"floor":45,"key":"Replay:Accelerometer"}],"event_choices":[{"damage_healed":0,"gold_gain":0,"player_choice":"Got Potions","damage_taken":0,"max_hp_gain":0,"max_hp_loss":0,"event_name":"Lab","floor":4,"gold_loss":0},{"damage_healed":0,"gold_gain":0,"player_choice":"Copied","damage_taken":0,"max_hp_gain":0,"max_hp_loss":0,"event_name":"Duplicator","floor":41,"gold_loss":0,"cards_obtained":["Adrenaline"]},{"damage_healed":0,"gold_gain":0,"player_choice":"Memory 1","damage_taken":0,"max_hp_gain":0,"max_hp_loss":0,"event_name":"SensoryStone","floor":48,"gold_loss":0}],"is_beta":false,"boss_relics":[{"not_picked":["Honey Jar","hubris:BlackHole"],"picked":"ChewingGum"},{"not_picked":["hubris:VirtuousBlindfold","Cursed Key"],"picked":"hubris:Backtick"}],"items_purged_floors":[],"is_endless":false,"potions_floor_spawned":[3,5,10,11,14,18,24,29,33,39,40,42,44,45],"killed_by":"hubris:GrandSnecko","ascension_level":0}}