{"host":"hve1dyh1ly81yl9f","time":1610039192,"event":{"mods":["BaseMod","Colored Map","DeckTracker","Highlight Path","Keyboard Shortcuts","Minty Spire (QoL Compilation)","Permanent Neow","Quick Restart","StSLib","SuperFastMode"],"gold_per_floor":[366,383,45,61,61,73,400,412,412,445,445,463,473,503,503,603,603,614,632,351,368,368,402,326,326,326],"floor_reached":25,"playtime":973,"items_purged":["Decay","Defend_R","Defend_R"],"score":306,"play_id":"1af01316-eb47-4322-9a45-ae62684a9155","local_time":"20210108020632","is_ascension_mode":true,"campfire_choices":[{"floor":11,"key":"REST"},{"floor":15,"key":"REST"}],"circlet_count":0,"master_deck":["Strike_R","Strike_R","Strike_R+1","Strike_R+1","Strike_R","Defend_R","Bash","Evolve","Power Through","Fire Breathing","Feel No Pain","Evolve","Wild Strike","Feed","Wild Strike+1","Reckless Charge"],"relics":["Burning Blood","Membership Card","Pen Nib","Old Coin","Dream Catcher","Bronze Scales","Blue Candle","Cursed Key","Whetstone","Magic Flower","Smiling Mask"],"acts_visited":["Exordium","TheCity"],"potions_floor_usage":[7,10,14,23,25],"damage_taken":[{"damage":2,"enemies":"Small Slimes","floor":1,"turns":3},{"damage":0,"enemies":"2 Louse","floor":2,"turns":3},{"damage":12,"enemies":"Jaw Worm","floor":4,"turns":4},{"damage":25,"enemies":"Gremlin Gang","floor":6,"turns":5},{"damage":29,"enemies":"Gremlin Nob","floor":7,"turns":6},{"damage":16,"enemies":"Blue Slaver","floor":8,"turns":4},{"damage":5,"enemies":"Lagavulin","floor":10,"turns":7},{"damage":30,"enemies":"3 Louse","floor":12,"turns":4},{"damage":6,"enemies":"Looter","floor":13,"turns":3},{"damage":12,"enemies":"3 Sentries","floor":14,"turns":4},{"damage":30,"enemies":"Slime Boss","floor":16,"turns":6},{"damage":12,"enemies":"Chosen","floor":18,"turns":5},{"damage":16,"enemies":"Spheric Guardian","floor":19,"turns":5},{"damage":28,"enemies":"Snake Plant","floor":21,"turns":3},{"damage":57,"enemies":"Gremlin Leader","floor":23,"turns":6},{"damage":36,"enemies":"Book of Stabbing","floor":25,"turns":3}],"seed_played":"3835406844758110366","potions_obtained":[{"floor":6,"key":"Dexterity Potion"},{"floor":8,"key":"HeartOfIron"},{"floor":10,"key":"Strength Potion"},{"floor":16,"key":"Dexterity Potion"},{"floor":19,"key":"Fire Potion"}],"is_trial":false,"path_per_floor":["M","M","$","M","?","M","E","M","T","E","R","M","M","E","R","B",null,"M","M","$","M","?","E","$","E"],"character_chosen":"IRONCLAD","items_purchased":["Membership Card","Power Through","Fire Breathing","Pen Nib","Whetstone","Magic Flower","BloodPotion"],"campfire_rested":2,"item_purchase_floors":[3,3,3,3,20,20,24],"current_hp_per_floor":[80,80,80,74,67,48,25,15,15,16,40,16,16,10,34,10,63,57,50,50,31,58,10,10,0,0],"gold":326,"neow_bonus":"TWO_FIFTY_GOLD","is_daily":false,"chose_seed":false,"campfire_upgraded":0,"win_rate":0.0,"timestamp":1610039192,"path_taken":["M","M","$","M","?","M","E","M","T","E","R","M","M","E","R","BOSS","M","M","$","M","?","E","$","E"],"items_purchased_type":["Relic","Card","Card","Relic","Relic","Relic","Potion"],"build_version":"2020-12-22","purchased_purges":3,"victory":false,"max_hp_per_floor":[80,80,80,80,80,80,80,80,80,80,80,80,80,80,80,80,80,80,83,83,83,83,83,83,83,83],"card_choices":[{"not_picked":["True Grit","Headbutt"],"picked":"Evolve","floor":1},{"not_picked":["Havoc","Headbutt","Sword Boomerang"],"picked":"SKIP","floor":2},{"not_picked":["Iron Wave","Shrug It Off"],"picked":"Feel No Pain","floor":4},{"not_picked":["Pummel","Warcry"],"picked":"Evolve","floor":6},{"not_picked":["Shrug It Off","Combust","Uppercut"],"picked":"SKIP","floor":7},{"not_picked":["Burning Pact","Shrug It Off","Carnage"],"picked":"SKIP","floor":8},{"not_picked":["Inflame","True Grit","Brutality"],"picked":"SKIP","floor":10},{"not_picked":["Cleave","Dual Wield","Hemokinesis"],"picked":"SKIP","floor":12},{"not_picked":["Clash","Rage","Pommel Strike"],"picked":"SKIP","floor":13},{"not_picked":["Heavy Blade","Dropkick"],"picked":"Wild Strike","floor":14},{"not_picked":["Berserk","Offering"],"picked":"Feed","floor":16},{"not_picked":["Seeing Red","Clothesline","Warcry"],"picked":"SKIP","floor":18},{"not_picked":["Seeing Red","Blood for Blood"],"picked":"Wild Strike+1","floor":19},{"not_picked":["Sentinel","Pommel Strike+1","Anger"],"picked":"SKIP","floor":21},{"not_picked":["Perfected Strike+1","Pummel+1"],"picked":"Reckless Charge","floor":23}],"player_experience":294463,"relics_obtained":[{"floor":7,"key":"Old Coin"},{"floor":9,"key":"Dream Catcher"},{"floor":10,"key":"Bronze Scales"},{"floor":14,"key":"Blue Candle"},{"floor":23,"key":"Smiling Mask"}],"event_choices":[{"cards_removed":["Defend_R"],"damage_healed":0,"gold_gain":0,"player_choice":"Card Removal","damage_taken":7,"max_hp_gain":0,"max_hp_loss":0,"event_name":"Golden Wing","floor":5,"gold_loss":0},{"damage_healed":27,"gold_gain":0,"player_choice":"Heal","damage_taken":0,"max_hp_gain":0,"max_hp_loss":0,"event_name":"The Library","floor":22,"gold_loss":0}],"is_beta":false,"boss_relics":[{"not_picked":["Runic Dome","Busted Crown"],"picked":"Cursed Key"}],"items_purged_floors":[3,20,24],"is_endless":false,"potions_floor_spawned":[6,8,10,16,19],"killed_by":"Book of Stabbing","ascension_level":5}}