{"host":"qzblds3hycbe0oxf","time":1610029744,"event":{"mods":["2.2 Compatiblity","AchievementEnabler","BaseMod","Colored Map","DeckTracker","Highlight Path","Minty Spire (QoL Compilation)","Random Character Button","Rare Cards Sparkle"],"gold_per_floor":[113,113,124,124,199,233,17,17,42,70,70,70,83,122,131,241,313,336,345,345,345,278,287,287,321,321,341,375,384,408,33,33,139,198,219,219,242,45,45,86,95,130,130,150,209,209,235,254,263,263],"floor_reached":51,"playtime":3174,"items_purged":[],"score":903,"play_id":"b885ed24-622e-464d-b331-25db7e6208d6","local_time":"20210107152904","is_ascension_mode":true,"campfire_choices":[{"floor":8.0,"key":"REST"},{"floor":11.0,"key":"REST"},{"floor":15.0,"key":"REST"},{"floor":23.0,"key":"REST"},{"floor":29.0,"key":"REST"},{"data":"Rainbow","floor":32.0,"key":"SMITH"},{"floor":41.0,"key":"REST"},{"floor":49,"key":"REST"}],"circlet_count":0,"master_deck":["Zap","Dualcast","Sunder+1","Darkness+1","Hologram","Static Discharge","Turbo","Ball Lightning","Loop","Melter","Cold Snap","Leap","Rainbow+1","Recycle","Thunder Strike","Redo","Sweeping Beam","Sunder","Creative AI","Chill","White Noise+1","RitualDagger","Self Repair","BootSequence","Ball Lightning","Steam+1","Sweeping Beam","Electrodynamics","Fusion","Self Repair","Core Surge","Conserve Battery","Compile Driver+1","Genetic Algorithm+1","Glacier+1","Consume+1","Reinforced Body","Conserve Battery+1","BootSequence+1","Hello World+1","Leap","Defragment"],"relics":["Cracked Core","Dream Catcher","Gremlin Horn","Happy Flower","Nunchaku","Ornamental Fan","Omamori","CeramicFish","Pandora\u0027s Box","Eternal Feather","PreservedInsect","Shuriken","Tiny Chest","Gambling Chip","Tiny House","Potion Belt","Ancient Tea Set","Thread and Needle","Bag of Marbles","Molten Egg 2","StoneCalendar"],"acts_visited":["Exordium","TheCity","TheBeyond"],"potions_floor_usage":[42,42,45,50,50],"damage_taken":[{"damage":0.0,"enemies":"Cultist","floor":1.0,"turns":3.0},{"damage":0.0,"enemies":"2 Louse","floor":3.0,"turns":1.0},{"damage":26.0,"enemies":"3 Sentries","floor":6.0,"turns":6.0},{"damage":16.0,"enemies":"Lagavulin","floor":10.0,"turns":6.0},{"damage":4.0,"enemies":"Jaw Worm","floor":13.0,"turns":3.0},{"damage":15.0,"enemies":"Gremlin Nob","floor":14.0,"turns":4.0},{"damage":33.0,"enemies":"Slime Boss","floor":16.0,"turns":6.0},{"damage":0.0,"enemies":"Spheric Guardian","floor":18.0,"turns":1.0},{"damage":27.0,"enemies":"Book of Stabbing","floor":25.0,"turns":5.0},{"damage":6.0,"enemies":"3 Byrds","floor":27.0,"turns":5.0},{"damage":20.0,"enemies":"Slavers","floor":28.0,"turns":4.0},{"damage":14.0,"enemies":"Snake Plant","floor":30.0,"turns":3.0},{"damage":49.0,"enemies":"Champ","floor":33.0,"turns":10.0},{"damage":26.0,"enemies":"3 Darklings","floor":35.0,"turns":4.0},{"damage":30.0,"enemies":"3 Shapes","floor":37.0,"turns":5.0},{"damage":15.0,"enemies":"Reptomancer","floor":40.0,"turns":5.0},{"damage":41,"enemies":"Nemesis","floor":42,"turns":7},{"damage":0,"enemies":"3 Darklings","floor":44,"turns":3},{"damage":26,"enemies":"Mind Bloom Boss Battle","floor":45,"turns":8},{"damage":1,"enemies":"4 Shapes","floor":47,"turns":4},{"damage":42,"enemies":"Transient","floor":48,"turns":5},{"damage":69,"enemies":"Time Eater","floor":50,"turns":10}],"seed_played":"5215247811268732250","potions_obtained":[{"floor":6.0,"key":"FearPotion"},{"floor":14.0,"key":"FocusPotion"},{"floor":16.0,"key":"Fruit Juice"},{"floor":28.0,"key":"FocusPotion"},{"floor":30.0,"key":"Regen Potion"},{"floor":34.0,"key":"CultistPotion"},{"floor":35.0,"key":"EssenceOfSteel"},{"floor":37.0,"key":"LiquidMemories"},{"floor":40.0,"key":"PowerPotion"},{"floor":42,"key":"SkillPotion"}],"is_trial":false,"path_per_floor":["M","?","M","$","?","E","$","R","T","E","R","?","M","E","R","B",null,"M","?","?","?","$","R","T","E","T","M","E","R","M","$","R","B",null,"M","?","M","$","T","E","R","E","T","M","?","?","M","M","R","B",null],"character_chosen":"DEFECT","items_purchased":["Static Discharge","Happy Flower","Self Repair","Gambling Chip","Self Repair","Potion Belt","Fire Potion"],"campfire_rested":7,"item_purchase_floors":[7,7,22,31,31,38,38],"current_hp_per_floor":[75,75,75,75,64,38,38,60,60,44,66,66,62,47,69,36,80,80,74,59,59,59,84,84,64,64,65,45,85,71,71,85,36,90,71,71,55,55,55,54,90,63,63,70,58,58,71,29,80,26],"gold":263,"neow_bonus":"RANDOM_COMMON_RELIC","is_daily":false,"chose_seed":false,"campfire_upgraded":1,"win_rate":0.0,"timestamp":1610029744,"path_taken":["M","?","M","$","?","E","?","R","T","E","R","?","?","E","R","BOSS","M","?","?","?","$","R","?","E","T","M","E","R","?","$","R","BOSS","M","?","?","$","?","E","R","E","T","M","?","?","?","M","R","BOSS"],"items_purchased_type":["Card","Relic","Card","Relic","Card","Relic","Potion"],"build_version":"2020-12-22","purchased_purges":0,"victory":true,"max_hp_per_floor":[75,75,75,75,75,75,75,75,75,75,75,75,75,75,75,75,80,80,80,85,85,85,85,85,85,85,85,85,85,85,85,85,85,90,90,90,90,90,90,90,90,90,90,90,90,90,90,90,90,90],"card_choices":[{"not_picked":["Leap","Rip and Tear"],"picked":"Sunder","floor":1.0},{"not_picked":["Gash","Streamline"],"picked":"Darkness","floor":3.0},{"not_picked":["Go for the Eyes","Blizzard"],"picked":"Hologram","floor":6.0},{"not_picked":["Scrape","Hello World"],"picked":"Turbo","floor":8.0},{"not_picked":["Double Energy","Cold Snap"],"picked":"Ball Lightning","floor":10.0},{"not_picked":["Beam Cell","Barrage"],"picked":"Loop","floor":11.0},{"not_picked":["Reboot","Streamline"],"picked":"Melter","floor":13.0},{"not_picked":["Beam Cell","Conserve Battery"],"picked":"Cold Snap","floor":14.0},{"not_picked":["Heatsinks","Turbo"],"picked":"Leap","floor":15.0},{"not_picked":["Core Surge","Meteor Strike"],"picked":"Rainbow","floor":16.0},{"not_picked":["Sweeping Beam","Gash"],"picked":"White Noise+1","floor":18.0},{"not_picked":["Ball Lightning+1","Redo+1"],"picked":"BootSequence","floor":23.0},{"not_picked":["Gash+1","BootSequence"],"picked":"Ball Lightning","floor":25.0},{"not_picked":["Chill","Heatsinks"],"picked":"Steam","floor":27.0},{"not_picked":["BootSequence","Melter"],"picked":"Sweeping Beam","floor":28.0},{"not_picked":["Compile Driver+1","Auto Shields"],"picked":"Electrodynamics","floor":29.0},{"not_picked":["Ball Lightning","Hologram"],"picked":"Fusion","floor":30.0},{"not_picked":["Creative AI","Meteor Strike"],"picked":"Core Surge","floor":33.0},{"not_picked":["Go for the Eyes","Coolheaded"],"picked":"Conserve Battery","floor":34.0},{"not_picked":["Electrodynamics","Stack"],"picked":"Compile Driver+1","floor":35.0},{"not_picked":["Stack","Ball Lightning+1"],"picked":"Genetic Algorithm+1","floor":37.0},{"not_picked":["Go for the Eyes","All For One"],"picked":"Glacier+1","floor":40.0},{"not_picked":["Rebound+1","Fusion+1"],"picked":"Consume+1","floor":41.0},{"not_picked":["Melter+1","Sweeping Beam"],"picked":"Reinforced Body","floor":42},{"not_picked":["Hologram+1","Leap"],"picked":"Conserve Battery+1","floor":44},{"not_picked":["Skim+1","Steam"],"picked":"BootSequence+1","floor":45},{"not_picked":["Barrage+1","Streamline+1"],"picked":"Hello World+1","floor":47},{"not_picked":["Sweeping Beam+1","Rebound+1"],"picked":"Leap","floor":48},{"not_picked":["Coolheaded+1","Thunder Strike+1"],"picked":"Defragment","floor":49}],"player_experience":173239,"relics_obtained":[{"floor":6.0,"key":"Gremlin Horn"},{"floor":9.0,"key":"Nunchaku"},{"floor":10.0,"key":"Ornamental Fan"},{"floor":14.0,"key":"CeramicFish"},{"floor":24.0,"key":"Eternal Feather"},{"floor":25.0,"key":"PreservedInsect"},{"floor":26.0,"key":"Shuriken"},{"floor":28.0,"key":"Tiny Chest"},{"floor":39.0,"key":"Ancient Tea Set"},{"floor":40.0,"key":"Thread and Needle"},{"floor":42,"key":"Bag of Marbles"},{"floor":43,"key":"Molten Egg 2"},{"floor":45,"key":"StoneCalendar"}],"event_choices":[{"damage_healed":0.0,"max_hp_gain":0.0,"max_hp_loss":0.0,"gold_gain":0.0,"event_name":"Living Wall","player_choice":"Grow","floor":2.0,"gold_loss":0.0,"damage_taken":0.0,"cards_upgraded":["Sunder"]},{"damage_healed":0.0,"max_hp_gain":0.0,"max_hp_loss":0.0,"gold_gain":75.0,"event_name":"World of Goop","player_choice":"Gather Gold","floor":5.0,"gold_loss":0.0,"damage_taken":11.0},{"damage_healed":0.0,"max_hp_gain":0.0,"max_hp_loss":0.0,"gold_gain":0.0,"event_name":"WeMeetAgain","player_choice":"Gave Potion","floor":12.0,"gold_loss":0.0,"damage_taken":0.0,"relics_obtained":["Omamori"]},{"damage_healed":0.0,"max_hp_gain":0.0,"max_hp_loss":0.0,"gold_gain":0.0,"event_name":"Nest","player_choice":"Joined the Cult","floor":19.0,"gold_loss":0.0,"damage_taken":6.0,"cards_obtained":["RitualDagger"]},{"damage_healed":0.0,"max_hp_gain":5.0,"max_hp_loss":0.0,"gold_gain":0.0,"event_name":"Forgotten Altar","player_choice":"Shed Blood","floor":20.0,"gold_loss":0.0,"damage_taken":20.0},{"cards_removed":["Gash"],"damage_healed":0.0,"max_hp_gain":0.0,"max_hp_loss":0.0,"gold_gain":0.0,"event_name":"Back to Basics","player_choice":"Elegance","floor":21.0,"gold_loss":0.0,"damage_taken":0.0},{"damage_healed":0.0,"max_hp_gain":0.0,"max_hp_loss":0.0,"gold_gain":0.0,"event_name":"Upgrade Shrine","player_choice":"Upgraded","floor":36.0,"gold_loss":0.0,"damage_taken":0.0,"cards_upgraded":["Darkness"]},{"damage_healed":0,"gold_gain":0,"player_choice":"Fight","damage_taken":0,"max_hp_gain":0,"max_hp_loss":0,"event_name":"MindBloom","floor":45,"gold_loss":0},{"damage_healed":0,"gold_gain":0,"player_choice":"Ignored","damage_taken":0,"max_hp_gain":0,"max_hp_loss":0,"event_name":"SecretPortal","floor":46,"gold_loss":0}],"is_beta":false,"boss_relics":[{"not_picked":["Runic Dome","Runic Pyramid"],"picked":"Pandora\u0027s Box"},{"not_picked":["Busted Crown","Snecko Eye"],"picked":"Tiny House"}],"items_purged_floors":[],"is_endless":false,"potions_floor_spawned":[6,14,16,28,30,35,37,40,42],"ascension_level":2}}