{"host":"ig7tc0uedzltt2sr","time":1610003073,"event":{"mods":["BaseMod","Better Twitch Integration","Block Reminder","Colored Map","Colored Powertips","Communication Mod","Current Relic Mod","GifTheSpireLib","HexUI Lib","Minty Spire (QoL Compilation)","Quick Restart","Random Character Button","Rare Cards Sparkle","Relic Sorter","Relic Stats","Slay the Relics Exporter","StSLib","SuperFastMode","Synergy Search","Twitch Decklist","Twitch Utils","everything is the same but u backflip on backflip","slay the spire mod where everything is the same but ironclad has a cowboy hat"],"gold_per_floor":[115,132,132,145,145,145,157,74,74,74,94,94,94,94],"floor_reached":13,"playtime":99,"items_purged":[],"score":75,"play_id":"50fb4bbf-daf8-495d-989d-de0affed6d01","local_time":"20210106230433","is_ascension_mode":false,"campfire_choices":[{"floor":6,"key":"RECALL"},{"floor":10,"key":"REST"}],"circlet_count":0,"master_deck":["Strike_R","Strike_R","Strike_R","Strike_R","Strike_R","Defend_R","Defend_R","Defend_R","Defend_R","Bash","Inflame","Rupture","Rage","Metallicize","Discovery","Body Slam","Regret"],"relics":["Burning Blood","Shuriken","Singing Bowl"],"acts_visited":["Exordium"],"potions_floor_usage":[],"damage_taken":[{"damage":26,"enemies":"Cultist","floor":1,"turns":8},{"damage":42,"enemies":"Jaw Worm","floor":2,"turns":12},{"damage":8,"enemies":"2 Louse","floor":4,"turns":3},{"damage":24,"enemies":"2 Fungi Beasts","floor":7,"turns":8},{"damage":9,"enemies":"Blue Slaver","floor":11,"turns":4},{"damage":36,"enemies":"Gremlin Nob","floor":13,"turns":5}],"seed_played":"-446275312856440817","potions_obtained":[{"floor":2,"key":"SkillPotion"},{"floor":7,"key":"BlessingOfTheForge"},{"floor":11,"key":"LiquidBronze"}],"is_trial":false,"path_per_floor":["M","M","$","M","$","R","M","$","T","R","M","?","E"],"character_chosen":"IRONCLAD","items_purchased":["Discovery"],"campfire_rested":1,"item_purchase_floors":[8],"current_hp_per_floor":[68,32,32,30,30,30,12,12,12,38,35,35,0,0],"gold":94,"neow_bonus":"TEN_PERCENT_HP_BONUS","is_daily":false,"chose_seed":false,"campfire_upgraded":0,"win_rate":0.0,"timestamp":1610003073,"path_taken":["M","M","$","M","?","R","M","?","T","R","M","?","E"],"items_purchased_type":["Card"],"build_version":"2020-12-22","purchased_purges":0,"victory":false,"max_hp_per_floor":[88,88,88,88,88,88,88,88,88,88,88,88,88,88],"relic_stats":{"Singing Bowl":0,"counters":[6,40],"Shuriken":[2],"obtain_stats":[{"Singing Bowl":12,"Shuriken":9,"Burning Blood":0},{"Singing Bowl":5,"Shuriken":4,"Burning Blood":0},{"Singing Bowl":35,"Shuriken":31,"Burning Blood":0}],"Burning Blood":30},"card_choices":[{"not_picked":["Wild Strike","Body Slam"],"picked":"Inflame","floor":1},{"not_picked":["Wild Strike","Clash"],"picked":"Rupture","floor":2},{"not_picked":["Ghostly Armor","Searing Blow"],"picked":"Rage","floor":4},{"not_picked":["Armaments","Sword Boomerang"],"picked":"Metallicize","floor":7},{"not_picked":["Inflame","Iron Wave"],"picked":"Body Slam","floor":11}],"player_experience":1452196,"relics_obtained":[{"floor":9,"key":"Shuriken"}],"event_choices":[{"damage_healed":0,"gold_gain":0,"player_choice":"Box","damage_taken":0,"relics_obtained":["Singing Bowl"],"max_hp_gain":0,"max_hp_loss":0,"event_name":"Big Fish","floor":12,"gold_loss":0,"cards_obtained":["Regret"]}],"is_beta":false,"boss_relics":[],"items_purged_floors":[],"is_endless":false,"potions_floor_spawned":[2,7,11],"killed_by":"Gremlin Nob","ascension_level":0}}