{"host":"11728qvdvolffudn","time":1610043299,"event":{"mods":["BaseMod","Block Reminder","Colored Powertips","Curses Come First","Custom Start","Displayed Cursed Tome","Highlight Path","Minty Spire (QoL Compilation)","Permanent Neow","Quick Restart","Rare Cards Sparkle","Relic Stats","StSLib"],"gold_per_floor":[118,131,56,66,80,113,124,46,46,46,29,29,0,17,17,17,17],"floor_reached":16,"playtime":1381,"items_purged":["Strike_B"],"score":104,"play_id":"cae4a509-2ece-42cb-9984-604c48c50769","local_time":"20210107181459","is_ascension_mode":false,"campfire_choices":[{"floor":12,"key":"RECALL"},{"floor":15,"key":"REST"}],"circlet_count":0,"master_deck":["Strike_B","Strike_B","Strike_B","Defend_B","Defend_B","Defend_B","Defend_B","Zap","Dualcast","Bandage Up","Cold Snap","Coolheaded","Fusion","Consume+1","Darkness","Darkness"],"relics":["Cracked Core","Orichalcum"],"acts_visited":["Exordium"],"potions_floor_usage":[6,14,14,16],"damage_taken":[{"damage":2,"enemies":"2 Louse","floor":1,"turns":3},{"damage":0,"enemies":"Cultist","floor":2,"turns":4},{"damage":5,"enemies":"Jaw Worm","floor":4,"turns":4},{"damage":14,"enemies":"Gremlin Gang","floor":5,"turns":7},{"damage":47,"enemies":"3 Sentries","floor":6,"turns":16},{"damage":1,"enemies":"Exordium Wildlife","floor":7,"turns":8},{"damage":9,"enemies":"Exordium Thugs","floor":11,"turns":4},{"damage":4,"enemies":"Looter","floor":13,"turns":4},{"damage":0,"enemies":"Large Slime","floor":14,"turns":5},{"damage":56,"enemies":"Slime Boss","floor":16,"turns":10}],"seed_played":"19295358869333117","potions_obtained":[{"floor":1,"key":"GamblersBrew"},{"floor":5,"key":"Block Potion"},{"floor":7,"key":"GamblersBrew"},{"floor":14,"key":"Fruit Juice"}],"is_trial":false,"path_per_floor":["M","M","$","M","M","E","M","$","T","?","M","R","M","M","R","B"],"character_chosen":"DEFECT","items_purchased":["Consume"],"campfire_rested":1,"item_purchase_floors":[8],"current_hp_per_floor":[75,75,75,74,61,18,21,21,21,21,16,16,16,25,49,0,0],"gold":17,"neow_bonus":"RANDOM_COLORLESS","is_daily":false,"chose_seed":false,"campfire_upgraded":0,"win_rate":0.0,"timestamp":1610043299,"path_taken":["M","M","$","M","M","E","M","$","T","?","?","R","M","M","R","BOSS"],"items_purchased_type":["Card"],"build_version":"2020-12-22","purchased_purges":1,"victory":false,"max_hp_per_floor":[75,75,75,75,75,75,75,75,75,75,75,75,75,80,80,80,80],"relic_stats":{"counters":[10,65],"Orichalcum":[78],"obtain_stats":[{"Orichalcum":6,"Cracked Core":0},{"Orichalcum":5,"Cracked Core":0},{"Orichalcum":34,"Cracked Core":0}]},"card_choices":[{"not_picked":["Finesse","Flash of Steel"],"picked":"Bandage Up","floor":0},{"not_picked":["Turbo","Hologram"],"picked":"Cold Snap","floor":1},{"not_picked":["Stack","Machine Learning"],"picked":"Coolheaded","floor":2},{"not_picked":["Sunder","Steam","Rebound"],"picked":"SKIP","floor":4},{"not_picked":["Genetic Algorithm","Cold Snap","Hologram"],"picked":"SKIP","floor":5},{"not_picked":["Blizzard","Rebound"],"picked":"Fusion","floor":6},{"not_picked":["Double Energy","Conserve Battery","Streamline"],"picked":"SKIP","floor":7},{"not_picked":["Stack","Chaos"],"picked":"Darkness","floor":11},{"not_picked":["Stack","Beam Cell"],"picked":"Darkness","floor":13},{"not_picked":["Auto Shields","Consume","Reprogram"],"picked":"SKIP","floor":14}],"player_experience":84958,"relics_obtained":[{"floor":6,"key":"Orichalcum"}],"event_choices":[{"damage_healed":0,"gold_gain":0,"player_choice":"Upgraded","damage_taken":0,"max_hp_gain":0,"max_hp_loss":0,"event_name":"Upgrade Shrine","floor":10,"gold_loss":0,"cards_upgraded":["Consume"]}],"is_beta":false,"boss_relics":[],"items_purged_floors":[3],"is_endless":false,"potions_floor_spawned":[1,5,7,14],"killed_by":"Slime Boss","ascension_level":0}}