{"host":"f5gffvlv6a66yqkd","time":1610006347,"event":{"mods":["2.2 Compatiblity","BaseMod","Colored Map","DeckTracker","Keyboard Shortcuts","Minty Spire (QoL Compilation)","Permanent Neow","Quick Restart","Relic Stats","StSLib","SuperFastMode"],"gold_per_floor":[14,14,34,34,54,54,79,79,128,0,0,0,0,0,0,77,77,97,7,7,7,57,57,85,85,140,166,198,209,228,14,14,85,85,104,116,66,116,116,116,116,133,133,133,149,149,161,172,172,172,172,172,172,14,40,40],"floor_reached":57,"playtime":2193,"items_purged":["Strike_P","Perseverance","Protect+1","Sanctity"],"score":2768,"play_id":"0c199d1c-0bf5-4407-8b71-15a8ea012e83","local_time":"20210107165907","is_ascension_mode":true,"campfire_choices":[{"data":"Eruption","floor":6.0,"key":"SMITH"},{"data":"Ragnarok","floor":8.0,"key":"SMITH"},{"data":"Wallop","floor":15.0,"key":"SMITH"},{"data":"Scrawl","floor":23.0,"key":"SMITH"},{"data":"MentalFortress","floor":25.0,"key":"SMITH"},{"data":"TalkToTheHand","floor":32.0,"key":"SMITH"},{"data":"MentalFortress","floor":40.0,"key":"SMITH"},{"floor":44.0,"key":"RECALL"},{"data":"Madness","floor":46.0,"key":"SMITH"},{"data":"Madness","floor":49.0,"key":"SMITH"},{"data":"DeusExMachina","floor":53.0,"key":"SMITH"}],"circlet_count":0,"master_deck":["AscendersBane","Eruption+1","Vigilance","Ragnarok+1","Consecrate","Wallop+1","EmptyFist","Scrawl+1","TalkToTheHand+1","MentalFortress+1","DeusExMachina+1","MentalFortress+1","Madness+1","Madness+1","EmptyMind","DeusExMachina"],"relics":["PureWater","MealTicket","Pandora\u0027s Box","Bag of Marbles","Smiling Mask","Ornamental Fan","Red Mask","Membership Card","Runic Pyramid","Incense Burner","Bag of Preparation","Bottled Flame"],"acts_visited":["Exordium","TheCity","TheBeyond","TheEnding"],"potions_floor_usage":[56,56],"damage_taken":[{"damage":0.0,"enemies":"Small Slimes","floor":1.0,"turns":2.0},{"damage":11.0,"enemies":"Jaw Worm","floor":3.0,"turns":3.0},{"damage":0.0,"enemies":"Cultist","floor":5.0,"turns":2.0},{"damage":18.0,"enemies":"Lagavulin","floor":7.0,"turns":5.0},{"damage":3.0,"enemies":"The Guardian","floor":16.0,"turns":7.0},{"damage":0.0,"enemies":"Spheric Guardian","floor":18.0,"turns":2.0},{"damage":0.0,"enemies":"Gremlin Leader","floor":24.0,"turns":2.0},{"damage":32.0,"enemies":"Book of Stabbing","floor":27.0,"turns":5.0},{"damage":4.0,"enemies":"Masked Bandits","floor":28.0,"turns":3.0},{"damage":0.0,"enemies":"Shell Parasite","floor":29.0,"turns":6.0},{"damage":0.0,"enemies":"Chosen and Byrds","floor":30.0,"turns":4.0},{"damage":5.0,"enemies":"Champ","floor":33.0,"turns":12.0},{"damage":8.0,"enemies":"3 Darklings","floor":35.0,"turns":4.0},{"damage":4.0,"enemies":"3 Shapes","floor":36.0,"turns":2.0},{"damage":16.0,"enemies":"2 Orb Walkers","floor":38.0,"turns":3.0},{"damage":0.0,"enemies":"3 Darklings","floor":42.0,"turns":3.0},{"damage":0.0,"enemies":"Transient","floor":45.0,"turns":6.0},{"damage":0.0,"enemies":"4 Shapes","floor":47.0,"turns":4.0},{"damage":0.0,"enemies":"Sphere and 2 Shapes","floor":48.0,"turns":3.0},{"damage":0.0,"enemies":"Time Eater","floor":50.0,"turns":9.0},{"damage":0.0,"enemies":"Awakened One","floor":51.0,"turns":7.0},{"damage":9.0,"enemies":"Shield and Spear","floor":55.0,"turns":6.0},{"damage":2,"enemies":"The Heart","floor":56,"turns":9}],"seed_played":"2664353470667823738","potions_obtained":[{"floor":7.0,"key":"LiquidMemories"},{"floor":16.0,"key":"SpeedPotion"},{"floor":24.0,"key":"Explosive Potion"},{"floor":27.0,"key":"Ancient Potion"},{"floor":33.0,"key":"Explosive Potion"},{"floor":35.0,"key":"Regen Potion"},{"floor":45.0,"key":"AttackPotion"},{"floor":47.0,"key":"SteroidPotion"}],"is_trial":false,"path_per_floor":["M","?","M","?","M","R","E","R","T","$","?","$","?","$","R","B",null,"M","$","?","$","?","R","E","R","T","E","?","M","M","$","R","B",null,"M","M","$","?","?","R","?","M","T","R","M","R","M","M","R","B","B",null,"R","$","E","B",null],"character_chosen":"WATCHER","items_purchased":["EmptyFist","MentalFortress","Membership Card","EmptyMind","BlessingOfTheForge","DuplicationPotion"],"campfire_rested":0,"item_purchase_floors":[10,19,31,54,54,54],"current_hp_per_floor":[61,61,50,50,50,50,32,32,32,47,47,62,55,68,68,65,67,67,68,68,68,68,68,68,68,68,36,32,32,32,47,47,42,62,54,50,65,49,49,49,37,37,37,37,37,37,37,37,37,52,52,64,64,68,59,57],"gold":40,"neow_bonus":"TRANSFORM_TWO_CARDS","is_daily":false,"chose_seed":false,"campfire_upgraded":10,"win_rate":0.0,"timestamp":1610006347,"path_taken":["M","?","M","?","?","R","E","R","T","$","?","$","?","?","R","BOSS","M","$","?","$","?","R","E","R","T","E","?","M","M","?","R","BOSS","M","M","$","?","?","R","?","?","T","R","M","R","M","M","R","BOSS","BOSS","R","$","E","BOSS"],"items_purchased_type":["Card","Card","Relic","Card","Potion","Potion"],"build_version":"2020-12-22","purchased_purges":4,"victory":true,"max_hp_per_floor":[68,68,68,68,68,68,68,68,68,68,68,68,68,68,68,68,68,68,68,68,68,68,68,68,68,68,68,68,68,68,68,68,68,68,68,68,68,68,68,68,68,68,68,68,68,68,68,68,68,68,68,68,68,68,68,68],"relic_stats":{"counters":[23,109],"Ornamental Fan":[236],"MealTicket":78,"Pandora\u0027s Box":["SignatureMove","TalkToTheHand","SignatureMove"],"Bag of Preparation":[14],"Smiling Mask":38,"obtain_stats":[{"Bottled Flame":55,"Ornamental Fan":27,"MealTicket":7,"Pandora\u0027s Box":17,"Bag of Marbles":24,"Red Mask":28,"Incense Burner":38,"Bag of Preparation":43,"Membership Card":31,"PureWater":0,"Smiling Mask":26,"Runic Pyramid":34},{"Bottled Flame":22,"Ornamental Fan":8,"MealTicket":4,"Pandora\u0027s Box":5,"Bag of Marbles":7,"Red Mask":9,"Incense Burner":15,"Bag of Preparation":16,"Membership Card":11,"PureWater":0,"Smiling Mask":7,"Runic Pyramid":12},{"Bottled Flame":100,"Ornamental Fan":28,"MealTicket":12,"Pandora\u0027s Box":19,"Bag of Marbles":23,"Red Mask":31,"Incense Burner":62,"Bag of Preparation":65,"Membership Card":41,"PureWater":0,"Smiling Mask":23,"Runic Pyramid":53}]},"card_choices":[{"not_picked":["JustLucky","CrushJoints","Crescendo"],"picked":"SKIP","floor":1.0},{"not_picked":["SashWhip","Protect"],"picked":"Consecrate","floor":3.0},{"not_picked":["Crescendo","FlurryOfBlows"],"picked":"Wallop","floor":5.0},{"not_picked":["Sanctity","JustLucky","FollowUp"],"picked":"SKIP","floor":7.0},{"not_picked":["ConjureBlade","LessonLearned"],"picked":"Scrawl","floor":16.0},{"not_picked":["Prostrate","DeceiveReality"],"picked":"Protect+1","floor":18.0},{"not_picked":["Protect","BattleHymn","Prostrate"],"picked":"SKIP","floor":24.0},{"not_picked":["FlyingSleeves","Study","Fasting2"],"picked":"SKIP","floor":27.0},{"not_picked":["BowlingBash","Crescendo","Consecrate"],"picked":"SKIP","floor":29.0},{"not_picked":["Weave","FlurryOfBlows","FollowUp"],"picked":"SKIP","floor":30.0},{"not_picked":["Omniscience","LessonLearned"],"picked":"DeusExMachina","floor":33.0},{"not_picked":["FollowUp","BowlingBash+1","EmptyFist"],"picked":"SKIP","floor":35.0},{"not_picked":["Indignation","SashWhip"],"picked":"MentalFortress","floor":36.0},{"not_picked":["Protect","JustLucky","MentalFortress"],"picked":"SKIP","floor":42.0},{"not_picked":["Halt","EmptyBody","Conclude"],"picked":"SKIP","floor":45.0},{"not_picked":["Evaluate","FlurryOfBlows","Crescendo"],"picked":"SKIP","floor":47.0},{"not_picked":["CrushJoints","ThirdEye","FollowUp"],"picked":"SKIP","floor":48.0},{"not_picked":["FlyingSleeves+1","WaveOfTheHand+1"],"picked":"DeusExMachina","floor":55.0}],"player_experience":1521082,"relics_obtained":[{"floor":7.0,"key":"MealTicket"},{"floor":24.0,"key":"Bag of Marbles"},{"floor":26.0,"key":"Smiling Mask"},{"floor":27.0,"key":"Ornamental Fan"},{"floor":28.0,"key":"Red Mask"},{"floor":38.0,"key":"Incense Burner"},{"floor":43.0,"key":"Bag of Preparation"},{"floor":55.0,"key":"Bottled Flame"}],"event_choices":[{"cards_removed":["Strike_P"],"damage_healed":0.0,"max_hp_gain":0.0,"max_hp_loss":0.0,"gold_gain":0.0,"event_name":"Living Wall","player_choice":"Forget","floor":2.0,"gold_loss":0.0,"damage_taken":0.0},{"damage_healed":0.0,"max_hp_gain":0.0,"max_hp_loss":0.0,"gold_gain":0.0,"event_name":"Match and Keep!","player_choice":"0 cards matched","floor":4.0,"gold_loss":0.0,"damage_taken":0.0,"cards_obtained":[]},{"damage_healed":0.0,"max_hp_gain":0.0,"max_hp_loss":0.0,"gold_gain":0.0,"event_name":"Liars Game","player_choice":"Ignored","floor":11.0,"gold_loss":0.0,"damage_taken":0.0},{"cards_removed":["Strike_P"],"damage_healed":0.0,"max_hp_gain":0.0,"max_hp_loss":0.0,"gold_gain":0.0,"event_name":"Golden Wing","player_choice":"Card Removal","floor":13.0,"gold_loss":0.0,"damage_taken":7.0},{"damage_healed":0.0,"max_hp_gain":0.0,"max_hp_loss":0.0,"gold_gain":0.0,"cards_transformed":["SignatureMove","SignatureMove"],"event_name":"Drug Dealer","player_choice":"Became Test Subject","floor":20.0,"gold_loss":0.0,"damage_taken":0.0,"cards_obtained":["Perseverance","Sanctity"]},{"damage_healed":0.0,"max_hp_gain":0.0,"max_hp_loss":0.0,"gold_gain":50.0,"event_name":"Nest","player_choice":"Stole From Cult","floor":22.0,"gold_loss":0.0,"damage_taken":0.0},{"damage_healed":0.0,"max_hp_gain":0.0,"max_hp_loss":0.0,"gold_gain":0.0,"event_name":"Masked Bandits","player_choice":"Fought Bandits","floor":28.0,"gold_loss":0.0,"damage_taken":0.0},{"damage_healed":0.0,"max_hp_gain":0.0,"max_hp_loss":0.0,"gold_gain":0.0,"event_name":"Mysterious Sphere","player_choice":"Fight","floor":38.0,"gold_loss":0.0,"damage_taken":0.0},{"cards_removed":["BattleHymn"],"damage_healed":0.0,"max_hp_gain":0.0,"max_hp_loss":0.0,"gold_gain":0.0,"event_name":"Falling","player_choice":"Removed Power","floor":39.0,"gold_loss":0.0,"damage_taken":0.0},{"damage_healed":0.0,"max_hp_gain":0.0,"max_hp_loss":0.0,"gold_gain":0.0,"event_name":"Winding Halls","player_choice":"Embrace Madness","floor":41.0,"gold_loss":0.0,"damage_taken":12.0,"cards_obtained":["Madness","Madness"]}],"is_beta":false,"boss_relics":[{"not_picked":["Black Star","Philosopher\u0027s Stone"],"picked":"Pandora\u0027s Box"},{"not_picked":["Runic Dome","Tiny House"],"picked":"Runic Pyramid"}],"items_purged_floors":[10,31,37,54],"is_endless":false,"potions_floor_spawned":[7,16,24,27,29,33,35,45,47,55],"ascension_level":20}}