{"host":"ig7tc0uedzltt2sr","time":1610056126,"event":{"mods":["BaseMod","Better Twitch Integration","Block Reminder","Colored Map","Colored Powertips","Communication Mod","Current Relic Mod","GifTheSpireLib","HexUI Lib","Minty Spire (QoL Compilation)","Quick Restart","Random Character Button","Rare Cards Sparkle","Relic Sorter","Relic Stats","Slay the Relics Exporter","StSLib","SuperFastMode","Synergy Search","Twitch Decklist","Twitch Utils","everything is the same but u backflip on backflip","slay the spire mod where everything is the same but ironclad has a cowboy hat"],"gold_per_floor":[118,118,133,150,168,168,184,184,211,221,221,396,353,368,368,368,368],"floor_reached":16,"playtime":92,"items_purged":[],"score":94,"play_id":"29299a5e-1532-4287-8fe5-eb5f525e26e3","local_time":"20210107134846","is_ascension_mode":false,"campfire_choices":[{"floor":6,"key":"RECALL"},{"floor":8,"key":"REST"},{"floor":15,"key":"REST"}],"circlet_count":0,"master_deck":["Strike_R","Strike_R","Strike_R","Strike_R","Strike_R","Defend_R","Defend_R","Defend_R","Defend_R","Bash","Searing Blow","Decay","Flame Barrier","Shockwave","Pummel","Shockwave","Doubt","Combust"],"relics":["Burning Blood","NeowsBlessing"],"acts_visited":["Exordium"],"potions_floor_usage":[],"damage_taken":[{"damage":12,"enemies":"Small Slimes","floor":1,"turns":3},{"damage":0,"enemies":"Cultist","floor":3,"turns":1},{"damage":0,"enemies":"Jaw Worm","floor":4,"turns":1},{"damage":0,"enemies":"3 Louse","floor":5,"turns":2},{"damage":17,"enemies":"Looter","floor":7,"turns":4},{"damage":42,"enemies":"Lots of Slimes","floor":10,"turns":13},{"damage":21,"enemies":"Blue Slaver","floor":14,"turns":5},{"damage":63,"enemies":"Slime Boss","floor":16,"turns":9}],"seed_played":"-283103662647908998","potions_obtained":[{"floor":4,"key":"Fire Potion"},{"floor":5,"key":"FearPotion"},{"floor":10,"key":"Explosive Potion"},{"floor":14,"key":"PowerPotion"}],"is_trial":false,"path_per_floor":["M","?","M","M","M","R","M","R","T","M","$","?","?","M","R","B"],"character_chosen":"IRONCLAD","items_purchased":[],"campfire_rested":2,"item_purchase_floors":[],"current_hp_per_floor":[74,74,80,80,80,80,69,80,80,44,44,44,44,29,53,0,0],"gold":368,"neow_bonus":"THREE_ENEMY_KILL","is_daily":false,"chose_seed":false,"campfire_upgraded":0,"win_rate":0.0,"timestamp":1610056126,"path_taken":["M","?","?","M","M","R","M","R","T","M","$","?","?","M","R","BOSS"],"items_purchased_type":[],"build_version":"2020-12-22","purchased_purges":0,"victory":false,"max_hp_per_floor":[80,80,80,80,80,80,80,80,80,80,80,80,80,80,80,80,80],"relic_stats":{"counters":[8,38],"obtain_stats":[{"NeowsBlessing":0,"Burning Blood":0},{"NeowsBlessing":0,"Burning Blood":0},{"NeowsBlessing":0,"Burning Blood":0}],"Burning Blood":30},"card_choices":[{"not_picked":["Headbutt","Body Slam"],"picked":"Searing Blow","floor":1},{"not_picked":["Iron Wave","Rage","Warcry"],"picked":"SKIP","floor":3},{"not_picked":["True Grit","Headbutt"],"picked":"Flame Barrier","floor":4},{"not_picked":["Fire Breathing","Perfected Strike"],"picked":"Shockwave","floor":5},{"not_picked":["Disarm","Shrug It Off"],"picked":"Pummel","floor":7},{"not_picked":["Clash","Wild Strike"],"picked":"Shockwave","floor":10},{"not_picked":["Heavy Blade","Headbutt"],"picked":"Combust","floor":14}],"player_experience":1456179,"relics_obtained":[],"event_choices":[{"damage_healed":0,"gold_gain":0,"player_choice":"Cursed","damage_taken":0,"max_hp_gain":0,"max_hp_loss":0,"event_name":"Wheel of Change","floor":2,"gold_loss":0,"cards_obtained":["Decay"]},{"damage_healed":0,"gold_gain":175,"player_choice":"AGREE","damage_taken":0,"max_hp_gain":0,"max_hp_loss":0,"event_name":"Liars Game","floor":12,"gold_loss":0,"cards_obtained":["Doubt"]},{"damage_healed":0,"gold_gain":0,"player_choice":"Left Gold","damage_taken":0,"max_hp_gain":0,"max_hp_loss":0,"event_name":"World of Goop","floor":13,"gold_loss":43}],"is_beta":false,"boss_relics":[],"items_purged_floors":[],"is_endless":false,"potions_floor_spawned":[4,5,10,14],"killed_by":"Slime Boss","ascension_level":0}}