{"host":"g8a0qo0vjtg6u5wv","time":1610055832,"event":{"mods":["BaseMod","Colored Map","Custom Start","KOR Keyword Fix","Minty Spire (QoL Compilation)","StSLib","SuperFastMode","The Jungle"],"gold_per_floor":[117,117,134,153,253,253,282,293,363,373,373,390,390,410,410,410,410],"floor_reached":16,"playtime":417,"items_purged":[],"score":177,"play_id":"74959cf7-5fa0-492b-83d4-5b8514880442","local_time":"20210108064352","is_ascension_mode":true,"campfire_choices":[{"data":"Armaments","floor":6.0,"key":"SMITH"},{"floor":11.0,"key":"REST"},{"data":"Berserk","floor":13.0,"key":"SMITH"},{"data":"Evolve","floor":15.0,"key":"SMITH"}],"circlet_count":0,"master_deck":["AscendersBane","Strike_R","Strike_R","Strike_R","Strike_R","Defend_R","Defend_R","Defend_R","Defend_R","Bash","Limit Break","Armaments+1","Feel No Pain","Shrug It Off","Anger","Cleave","Clothesline","Battle Trance","Berserk+1","Evolve+1"],"relics":["Burning Blood","Ice Cream","Matryoshka"],"acts_visited":["Exordium"],"potions_floor_usage":[16,16],"damage_taken":[{"damage":15.0,"enemies":"Small Slimes","floor":1.0,"turns":3.0},{"damage":10.0,"enemies":"Cultist","floor":3.0,"turns":4.0},{"damage":4.0,"enemies":"Jaw Worm","floor":4.0,"turns":6.0},{"damage":38.0,"enemies":"Lagavulin","floor":7.0,"turns":9.0},{"damage":24.0,"enemies":"Exordium Wildlife","floor":8.0,"turns":6.0},{"damage":5.0,"enemies":"Red Slaver","floor":10.0,"turns":5.0},{"damage":3.0,"enemies":"3 Louse","floor":12.0,"turns":4.0},{"damage":20.0,"enemies":"Lots of Slimes","floor":14.0,"turns":5.0},{"damage":18,"enemies":"The Guardian","floor":16,"turns":7}],"seed_played":"8531619080907909320","potions_obtained":[{"floor":1.0,"key":"FearPotion"},{"floor":4.0,"key":"GamblersBrew"},{"floor":8.0,"key":"Strength Potion"}],"is_trial":false,"path_per_floor":["M","?","M","M","?","R","E","M","T","M","R","M","R","M","R","B"],"character_chosen":"IRONCLAD","items_purchased":[],"campfire_rested":1,"item_purchase_floors":[],"current_hp_per_floor":[59,59,55,57,57,57,25,7,7,8,30,33,33,19,19,1,1],"gold":410,"neow_bonus":"ONE_RANDOM_RARE_CARD","is_daily":false,"chose_seed":false,"campfire_upgraded":3,"win_rate":0.0,"timestamp":1610055832,"path_taken":["M","?","M","?","?","R","E","?","T","?","R","M","R","M","R","BOSS"],"items_purchased_type":[],"build_version":"2020-12-22","purchased_purges":0,"victory":false,"max_hp_per_floor":[75,75,75,75,75,75,75,75,75,75,75,75,75,75,75,75,75],"card_choices":[{"not_picked":["Fire Breathing","Burning Pact"],"picked":"Armaments","floor":1.0},{"not_picked":["Metallicize","True Grit"],"picked":"Shrug It Off","floor":3.0},{"not_picked":["Clothesline","Sever Soul"],"picked":"Anger","floor":4.0},{"not_picked":["Heavy Blade","Twin Strike"],"picked":"Cleave","floor":7.0},{"not_picked":["Sentinel","Rampage"],"picked":"Clothesline","floor":8.0},{"not_picked":["Heavy Blade","Pommel Strike"],"picked":"Battle Trance","floor":10.0},{"not_picked":["True Grit","Clash"],"picked":"Berserk","floor":12.0},{"not_picked":["Rupture","Armaments"],"picked":"Evolve","floor":14.0}],"player_experience":549109,"relics_obtained":[{"floor":7.0,"key":"Ice Cream"},{"floor":9.0,"key":"Matryoshka"}],"event_choices":[{"damage_healed":0.0,"max_hp_gain":0.0,"max_hp_loss":0.0,"gold_gain":0.0,"cards_transformed":["Strike_R"],"event_name":"Transmorgrifier","player_choice":"Transformed","floor":2.0,"gold_loss":0.0,"damage_taken":0.0,"cards_obtained":["Feel No Pain"]},{"damage_healed":0.0,"max_hp_gain":0.0,"max_hp_loss":0.0,"gold_gain":100.0,"event_name":"Golden Shrine","player_choice":"Pray","floor":5.0,"gold_loss":0.0,"damage_taken":0.0}],"is_beta":false,"boss_relics":[],"items_purged_floors":[],"is_endless":false,"potions_floor_spawned":[1,4,8],"killed_by":"The Guardian","ascension_level":14}}