{"host":"dl7h25vjpuplx29g","time":1610024684,"event":{"mods":["BaseMod","Colored Map","Minty Spire (QoL Compilation)"],"gold_per_floor":[118,43,62,62,79,79,108,125,125,143,68,87,121,121,121,198,198,212,222,40,52,52,52,79,79,79],"floor_reached":25,"playtime":1776,"items_purged":["Strike_R"],"score":408,"play_id":"739a1fe7-3cfe-4bd2-8ab6-5cfd5c9bd88c","local_time":"20210107220444","is_ascension_mode":true,"campfire_choices":[{"data":"Carnage","floor":6,"key":"SMITH"},{"data":"Bash","floor":15,"key":"SMITH"},{"floor":23,"key":"REST"}],"circlet_count":0,"master_deck":["AscendersBane","Strike_R","Strike_R","Defend_R","Defend_R","Defend_R","Bash+1","Battle Trance","Headbutt","Carnage+1","Burning Pact","Clothesline","Thunderclap","Heavy Blade","Fire Breathing","Limit Break","Whirlwind","Apotheosis","True Grit","Reaper"],"relics":["Burning Blood","FaceOfCleric","Pantograph","Tiny Chest","Sozu","Nloth\u0027s Gift","Red Skull"],"acts_visited":["Exordium","TheCity"],"potions_floor_usage":[13,21],"damage_taken":[{"damage":7,"enemies":"Small Slimes","floor":1,"turns":5},{"damage":1,"enemies":"Cultist","floor":3,"turns":3},{"damage":7,"enemies":"Jaw Worm","floor":5,"turns":3},{"damage":8,"enemies":"Gremlin Nob","floor":7,"turns":3},{"damage":7,"enemies":"3 Louse","floor":8,"turns":4},{"damage":5,"enemies":"Red Slaver","floor":10,"turns":4},{"damage":6,"enemies":"Looter","floor":12,"turns":2},{"damage":20,"enemies":"3 Sentries","floor":13,"turns":5},{"damage":59,"enemies":"The Guardian","floor":16,"turns":9},{"damage":31,"enemies":"2 Thieves","floor":18,"turns":3},{"damage":17,"enemies":"Shell Parasite","floor":19,"turns":4},{"damage":24,"enemies":"Snake Plant","floor":21,"turns":3},{"damage":31,"enemies":"Gremlin Leader","floor":24,"turns":7},{"damage":19,"enemies":"Centurion and Healer","floor":25,"turns":2}],"seed_played":"-1421783249578671310","potions_obtained":[{"floor":1,"key":"Fire Potion"},{"floor":3,"key":"PowerPotion"},{"floor":13,"key":"DistilledChaos"}],"is_trial":false,"path_per_floor":["M","?","M","?","M","R","E","M","T","M","$","M","E","?","R","B",null,"M","M","$","M","?","R","E","M"],"character_chosen":"IRONCLAD","items_purchased":["Apotheosis"],"campfire_rested":1,"item_purchase_floors":[20],"current_hp_per_floor":[67,67,72,72,72,72,71,71,71,73,73,74,61,61,61,29,69,45,35,35,18,18,43,19,0,0],"gold":79,"neow_bonus":"REMOVE_CARD","is_daily":false,"chose_seed":false,"campfire_upgraded":2,"win_rate":0.0,"timestamp":1610024684,"path_taken":["M","?","M","?","M","R","E","M","T","M","$","?","E","?","R","BOSS","M","M","$","M","?","R","E","?"],"items_purchased_type":["Card"],"build_version":"2020-12-22","purchased_purges":1,"victory":false,"max_hp_per_floor":[75,75,75,75,76,76,77,78,78,79,79,80,81,81,81,82,82,83,84,84,85,85,85,86,86,86],"card_choices":[{"not_picked":["Iron Wave","Sentinel"],"picked":"Battle Trance","floor":1},{"not_picked":["Body Slam","Combust"],"picked":"Headbutt","floor":3},{"not_picked":["Feel No Pain","Heavy Blade"],"picked":"Carnage","floor":5},{"not_picked":["Fire Breathing","Perfected Strike"],"picked":"Burning Pact","floor":7},{"not_picked":["Thunderclap","Heavy Blade","Spot Weakness"],"picked":"Clothesline","floor":8},{"not_picked":["Dual Wield","Flex","Warcry"],"picked":"Thunderclap","floor":10},{"not_picked":["True Grit","Twin Strike","Armaments"],"picked":"Heavy Blade","floor":12},{"not_picked":["Carnage","Twin Strike","Flex"],"picked":"Fire Breathing","floor":13},{"not_picked":["Bludgeon","Exhume","Berserk"],"picked":"Limit Break","floor":16},{"not_picked":["Thunderclap","Perfected Strike","Havoc"],"picked":"Whirlwind","floor":18},{"not_picked":["Blood for Blood","Clothesline","Bloodletting","Rupture"],"picked":"SKIP","floor":19},{"not_picked":["Thunderclap","Clash","Rupture+1"],"picked":"True Grit","floor":21},{"not_picked":["Bludgeon","Havoc"],"picked":"Reaper","floor":24}],"player_experience":1524621,"relics_obtained":[{"floor":7,"key":"Question Card"},{"floor":9,"key":"Pantograph"},{"floor":13,"key":"Tiny Chest"},{"floor":24,"key":"Red Skull"}],"event_choices":[{"cards_removed":["Strike_R"],"damage_healed":0,"gold_gain":0,"player_choice":"Card Removal","damage_taken":0,"max_hp_gain":0,"max_hp_loss":0,"event_name":"The Cleric","floor":2,"gold_loss":75},{"damage_healed":0,"gold_gain":0,"player_choice":"Trade","damage_taken":0,"relics_obtained":["FaceOfCleric"],"max_hp_gain":0,"max_hp_loss":0,"event_name":"FaceTrader","floor":4,"gold_loss":0},{"cards_removed":["Strike_R"],"damage_healed":0,"gold_gain":0,"player_choice":"Forget","damage_taken":0,"max_hp_gain":0,"max_hp_loss":0,"event_name":"Living Wall","floor":14,"gold_loss":0},{"damage_healed":0,"gold_gain":0,"player_choice":"Traded Relic","damage_taken":0,"relics_obtained":["Nloth\u0027s Gift"],"max_hp_gain":0,"max_hp_loss":0,"event_name":"N\u0027loth","floor":22,"relics_lost":["Question Card"],"gold_loss":0}],"is_beta":false,"boss_relics":[{"not_picked":["Pandora\u0027s Box","Tiny House"],"picked":"Sozu"}],"items_purged_floors":[11],"is_endless":false,"potions_floor_spawned":[1,3,13,19,24],"killed_by":"Centurion and Healer","ascension_level":15}}