{"host":"ig7tc0uedzltt2sr","time":1610005280,"event":{"mods":["BaseMod","Better Twitch Integration","Block Reminder","Colored Map","Colored Powertips","Communication Mod","Current Relic Mod","GifTheSpireLib","HexUI Lib","Minty Spire (QoL Compilation)","Quick Restart","Random Character Button","Rare Cards Sparkle","Relic Sorter","Relic Stats","Slay the Relics Exporter","StSLib","SuperFastMode","Synergy Search","Twitch Decklist","Twitch Utils","everything is the same but u backflip on backflip","slay the spire mod where everything is the same but ironclad has a cowboy hat"],"gold_per_floor":[110,128,140,140,154,183,183,197,273,273,273,273,273,298,298,298,298],"floor_reached":16,"playtime":152,"items_purged":[],"score":110,"play_id":"05aa7c37-4ba5-4afa-b0a7-ffc44d850c54","local_time":"20210106234120","is_ascension_mode":false,"campfire_choices":[{"floor":7,"key":"REST"},{"floor":10,"key":"RECALL"},{"data":"Defend_R","floor":13,"key":"SMITH"},{"data":"Hemokinesis","floor":15,"key":"SMITH"}],"circlet_count":0,"master_deck":["Strike_R","Strike_R","Strike_R","Strike_R","Strike_R","Defend_R+1","Defend_R","Defend_R","Defend_R","Bash","Rampage","Hemokinesis+1","Headbutt","Reckless Charge","Brutality"],"relics":["Burning Blood","TungstenRod","Toxic Egg 2","Prayer Wheel"],"acts_visited":["Exordium"],"potions_floor_usage":[],"damage_taken":[{"damage":7,"enemies":"Small Slimes","floor":1,"turns":8},{"damage":3,"enemies":"Jaw Worm","floor":2,"turns":6},{"damage":5,"enemies":"2 Louse","floor":3,"turns":5},{"damage":24,"enemies":"Large Slime","floor":5,"turns":6},{"damage":59,"enemies":"3 Sentries","floor":6,"turns":10},{"damage":4,"enemies":"3 Louse","floor":8,"turns":3},{"damage":29,"enemies":"Lagavulin","floor":14,"turns":9},{"damage":29,"enemies":"Hexaghost","floor":16,"turns":9}],"seed_played":"-6640461920702764430","potions_obtained":[{"floor":1,"key":"Dexterity Potion"},{"floor":5,"key":"AttackPotion"},{"floor":6,"key":"DuplicationPotion"},{"floor":8,"key":"Strength Potion"}],"is_trial":false,"path_per_floor":["M","M","M","$","M","E","R","M","T","R","?","?","R","E","R","B"],"character_chosen":"IRONCLAD","items_purchased":[],"campfire_rested":1,"item_purchase_floors":[],"current_hp_per_floor":[87,88,88,88,70,17,43,45,45,45,45,50,50,27,27,0,0],"gold":298,"neow_bonus":"TEN_PERCENT_HP_BONUS","is_daily":false,"chose_seed":false,"campfire_upgraded":2,"win_rate":0.0,"timestamp":1610005280,"path_taken":["M","M","M","$","M","E","R","M","T","R","?","?","R","E","R","BOSS"],"items_purchased_type":[],"build_version":"2020-12-22","purchased_purges":0,"victory":false,"max_hp_per_floor":[88,88,88,88,88,88,88,88,88,88,88,93,93,93,93,93,93],"relic_stats":{"counters":[8,56],"Prayer Wheel":0,"obtain_stats":[{"Prayer Wheel":14,"Toxic Egg 2":9,"Burning Blood":0,"TungstenRod":6},{"Prayer Wheel":7,"Toxic Egg 2":6,"Burning Blood":0,"TungstenRod":5},{"Prayer Wheel":47,"Toxic Egg 2":38,"Burning Blood":0,"TungstenRod":35}],"Burning Blood":39,"TungstenRod":39},"card_choices":[{"not_picked":["Pommel Strike","Sword Boomerang"],"picked":"Rampage","floor":1},{"not_picked":["Cleave","True Grit"],"picked":"Hemokinesis","floor":2},{"not_picked":["Iron Wave","Twin Strike"],"picked":"Headbutt","floor":3},{"not_picked":["Ghostly Armor","Perfected Strike"],"picked":"Reckless Charge","floor":5},{"not_picked":["Headbutt","Clothesline"],"picked":"Brutality","floor":6},{"not_picked":["Carnage","Shockwave","Feel No Pain"],"picked":"SKIP","floor":8},{"not_picked":["Iron Wave","Headbutt","Sword Boomerang"],"picked":"SKIP","floor":14}],"player_experience":1453842,"relics_obtained":[{"floor":6,"key":"TungstenRod"},{"floor":9,"key":"Toxic Egg 2"},{"floor":14,"key":"Prayer Wheel"}],"event_choices":[{"damage_healed":0,"gold_gain":0,"player_choice":"Searched \u00270\u0027 times","damage_taken":0,"max_hp_gain":0,"max_hp_loss":0,"event_name":"Dead Adventurer","floor":11,"gold_loss":0},{"damage_healed":0,"gold_gain":0,"player_choice":"Donut","damage_taken":0,"max_hp_gain":5,"max_hp_loss":0,"event_name":"Big Fish","floor":12,"gold_loss":0}],"is_beta":false,"boss_relics":[],"items_purged_floors":[],"is_endless":false,"potions_floor_spawned":[1,5,6,8],"killed_by":"Hexaghost","ascension_level":0}}