{"host":"ur405gpummdrt5xj","time":1610044663,"event":{"mods":["BaseMod","Colored Map","Highlight Path","Minty Spire (QoL Compilation)","Quick Restart"],"gold_per_floor":[112,127,0,13,13,46,46,80,106,106,124,124,124,202,202,328,328,342,312,327,341,365,405,405,440,467,467,467,467,467],"floor_reached":29,"playtime":1646,"items_purged":["Strike_B"],"score":325,"play_id":"298ab8de-0ad4-40cc-8ff8-7b3a7b0ed694","local_time":"20210107103743","is_ascension_mode":true,"campfire_choices":[{"data":"Dualcast","floor":7.0,"key":"SMITH"},{"floor":13.0,"key":"REST"},{"floor":15.0,"key":"REST"},{"data":"Self Repair","floor":24,"key":"SMITH"},{"floor":27,"key":"REST"}],"circlet_count":0,"master_deck":["Strike_B","Strike_B","Defend_B","Defend_B","Defend_B","Defend_B","Zap+1","Dualcast+1","Static Discharge","Turbo","Streamline","Injury","Streamline","Conserve Battery","Multi-Cast","Self Repair+1","Writhe"],"relics":["Cracked Core","Golden Idol","Bronze Scales","Oddly Smooth Stone","Toy Ornithopter","Orichalcum","Velvet Choker","Frozen Egg 2","Bottled Flame","Centennial Puzzle","Pen Nib"],"acts_visited":["Exordium","TheCity"],"potions_floor_usage":[21,22,23,25],"damage_taken":[{"damage":7.0,"enemies":"Jaw Worm","floor":1.0,"turns":3.0},{"damage":0.0,"enemies":"Small Slimes","floor":2.0,"turns":2.0},{"damage":6.0,"enemies":"2 Louse","floor":4.0,"turns":3.0},{"damage":42.0,"enemies":"Lagavulin","floor":6.0,"turns":6.0},{"damage":15.0,"enemies":"3 Sentries","floor":8.0,"turns":5.0},{"damage":0.0,"enemies":"Exordium Wildlife","floor":11.0,"turns":3.0},{"damage":22.0,"enemies":"Gremlin Nob","floor":14.0,"turns":4.0},{"damage":30,"enemies":"Slime Boss","floor":16,"turns":10},{"damage":6,"enemies":"3 Byrds","floor":18,"turns":2},{"damage":20,"enemies":"2 Thieves","floor":20,"turns":3},{"damage":19,"enemies":"Sentry and Sphere","floor":21,"turns":5},{"damage":24,"enemies":"Centurion and Healer","floor":22,"turns":4},{"damage":20,"enemies":"Gremlin Leader","floor":23,"turns":9},{"damage":44,"enemies":"Book of Stabbing","floor":25,"turns":5},{"damage":46,"enemies":"Gremlin Leader","floor":29,"turns":5}],"seed_played":"7673100855215526723","potions_obtained":[{"floor":1.0,"key":"PowerPotion"},{"floor":2.0,"key":"Dexterity Potion"},{"floor":6.0,"key":"Swift Potion"},{"floor":16,"key":"PotionOfCapacity"},{"floor":19,"key":"Regen Potion"},{"floor":19,"key":"Block Potion"},{"floor":21,"key":"EssenceOfSteel"},{"floor":23,"key":"PowerPotion"}],"is_trial":false,"path_per_floor":["M","M","$","M","?","E","R","E","T","?","M","?","R","?","R","B",null,"M","?","M","M","M","E","R","E","T","R","?","E"],"character_chosen":"DEFECT","items_purchased":["Turbo"],"campfire_rested":3,"item_purchase_floors":[3],"current_hp_per_floor":[68,68,68,62,62,20,20,5,5,5,10,15,39,17,41,11,80,74,74,61,54,42,48,48,19,19,43,43,0,0],"gold":467,"neow_bonus":"REMOVE_CARD","is_daily":false,"chose_seed":false,"campfire_upgraded":2,"win_rate":0.0,"timestamp":1610044663,"path_taken":["M","M","$","M","?","E","R","E","T","?","M","?","R","?","R","BOSS","M","?","M","?","M","E","R","E","T","R","?","E"],"items_purchased_type":["Card"],"build_version":"2020-12-22","purchased_purges":1,"victory":false,"max_hp_per_floor":[75,75,75,75,75,75,75,75,75,75,75,80,80,80,80,80,80,80,80,80,80,80,80,80,80,80,80,80,80,80],"card_choices":[{"not_picked":["Darkness","Rip and Tear","Sweeping Beam"],"picked":"SKIP","floor":1.0},{"not_picked":["Cold Snap","Conserve Battery"],"picked":"Static Discharge","floor":2.0},{"not_picked":["Reprogram","White Noise"],"picked":"Streamline","floor":4.0},{"not_picked":["Hyperbeam","Leap"],"picked":"Streamline","floor":6.0},{"not_picked":["Rip and Tear","Go for the Eyes"],"picked":"Conserve Battery","floor":8.0},{"not_picked":["Gash","Compile Driver","Beam Cell"],"picked":"SKIP","floor":11.0},{"not_picked":["Hyperbeam","Core Surge"],"picked":"Multi-Cast","floor":16},{"not_picked":["Storm","Aggregate"],"picked":"Self Repair","floor":18},{"not_picked":["Hologram","Sunder+1","Chaos"],"picked":"SKIP","floor":20},{"not_picked":["Hologram","Sunder+1","Chaos"],"picked":"SKIP","floor":20},{"not_picked":["Streamline+1","Loop+1","Sweeping Beam+1"],"picked":"SKIP","floor":21},{"not_picked":["Streamline","Steam","Hologram"],"picked":"SKIP","floor":22},{"not_picked":["Steam","Redo","Reprogram"],"picked":"SKIP","floor":23},{"not_picked":["Ball Lightning","Multi-Cast","Go for the Eyes"],"picked":"SKIP","floor":25}],"player_experience":521082,"relics_obtained":[{"floor":6.0,"key":"Bronze Scales"},{"floor":8.0,"key":"Oddly Smooth Stone"},{"floor":9.0,"key":"Toy Ornithopter"},{"floor":14.0,"key":"Orichalcum"},{"floor":23,"key":"Frozen Egg 2"},{"floor":25,"key":"Bottled Flame"},{"floor":26,"key":"Centennial Puzzle"}],"event_choices":[{"damage_healed":0.0,"max_hp_gain":0.0,"max_hp_loss":0.0,"gold_gain":0.0,"event_name":"Golden Idol","player_choice":"Take Wound","floor":5.0,"gold_loss":0.0,"damage_taken":0.0,"relics_obtained":["Golden Idol"],"cards_obtained":["Injury"]},{"damage_healed":0.0,"max_hp_gain":0.0,"max_hp_loss":0.0,"gold_gain":0.0,"event_name":"Living Wall","player_choice":"Grow","floor":10.0,"gold_loss":0.0,"damage_taken":0.0,"cards_upgraded":["Zap"]},{"damage_healed":0.0,"max_hp_gain":5.0,"max_hp_loss":0.0,"gold_gain":0.0,"event_name":"Big Fish","player_choice":"Donut","floor":12.0,"gold_loss":0.0,"damage_taken":0.0},{"damage_healed":0.0,"max_hp_gain":0.0,"max_hp_loss":0.0,"gold_gain":0.0,"event_name":"Dead Adventurer","player_choice":"Searched \u00271\u0027 times","floor":14.0,"gold_loss":0.0,"damage_taken":0.0},{"damage_healed":0,"gold_gain":0,"player_choice":"Bought 2 Potions","damage_taken":0,"max_hp_gain":0,"max_hp_loss":0,"event_name":"The Woman in Blue","floor":19,"gold_loss":0},{"damage_healed":0,"gold_gain":0,"player_choice":"Opened","damage_taken":0,"relics_obtained":["Pen Nib"],"max_hp_gain":0,"max_hp_loss":0,"event_name":"The Mausoleum","floor":28,"gold_loss":0,"cards_obtained":["Writhe"]}],"is_beta":false,"boss_relics":[{"not_picked":["Tiny House","SlaversCollar"],"picked":"Velvet Choker"}],"items_purged_floors":[3],"is_endless":false,"potions_floor_spawned":[1,2,6,16,21,23],"killed_by":"Gremlin Leader","ascension_level":4}}