{"host":"5dk97cf2ubw2v967","time":1610011640,"event":{"mods":["AlwaysNeverKeys","BaseMod","Better Altar","Better Vampires","Block Reminder","Colored Powertips","Downfall","Googly Eyes","Highlight Path","Minty Spire (QoL Compilation)","Permanent Neow","Potion Indicator Mod","Quick Restart","Relic Filter","Relic Stats","Say the Spire","Spicy Shops","StSLib","Waifu the Spire","everything is the same but u backflip on backflip"],"gold_per_floor":[99,119,119,119,119,119,119,119],"floor_reached":6,"playtime":317,"items_purged":[],"score":64,"play_id":"ffc58b8d-3fc3-49db-9f46-660b1e0de6a1","local_time":"20210107092720","is_ascension_mode":true,"campfire_choices":[{"floor":1,"key":"RECALL"}],"circlet_count":0,"master_deck":["AscendersBane","Guardian:Strike_Guardian","Guardian:Strike_Guardian","Guardian:Strike_Guardian","Guardian:Defend_Guardian","Guardian:Defend_Guardian","Guardian:Defend_Guardian","Guardian:Defend_Guardian","Guardian:CurlUp","Guardian:TwinSlam","Guardian:StasisField","Guardian:Harden","Regret"],"relics":["Guardian:ModeShifter","Omamori","downfall:ShatteredFragment"],"acts_visited":["Exordium"],"potions_floor_usage":[],"damage_taken":[{"damage":0,"enemies":"Small Slimes","floor":2,"turns":5},{"damage":30,"enemies":"Lagavulin","floor":6,"turns":9}],"seed_played":"-1704266060900806616","potions_obtained":[],"is_trial":false,"path_per_floor":["R","M","?","?","?","E"],"character_chosen":"GUARDIAN","items_purchased":[],"campfire_rested":0,"item_purchase_floors":[],"current_hp_per_floor":[65,65,65,65,41,11,11,11],"gold":119,"neow_bonus":"ONE_RANDOM_RARE_CARD","is_daily":false,"chose_seed":false,"campfire_upgraded":0,"win_rate":0.0,"timestamp":1610011640,"path_taken":["R","M","?","?","?","E"],"items_purchased_type":[],"build_version":"2020-12-22","purchased_purges":0,"victory":false,"max_hp_per_floor":[72,72,72,72,72,72,72,72],"relic_stats":{"counters":[2,14],"obtain_stats":[{"downfall:ShatteredFragment":5,"Guardian:ModeShifter":0,"Omamori":3},{"downfall:ShatteredFragment":1,"Guardian:ModeShifter":0,"Omamori":1},{"downfall:ShatteredFragment":5,"Guardian:ModeShifter":0,"Omamori":5}]},"card_choices":[{"not_picked":["Guardian:RollAttack","Guardian:BronzeOrb"],"picked":"Guardian:Harden","floor":2}],"player_experience":1322942,"relics_obtained":[],"event_choices":[{"damage_healed":0,"gold_gain":0,"player_choice":"Box","damage_taken":0,"relics_obtained":["Omamori"],"max_hp_gain":0,"max_hp_loss":0,"event_name":"Big Fish","floor":3,"gold_loss":0,"cards_obtained":["Regret"]}],"is_beta":false,"boss_relics":[],"items_purged_floors":[],"is_endless":false,"potions_floor_spawned":[],"killed_by":"Lagavulin","ascension_level":20}}