{"host":"ymknu7vcxiutstwp","time":1610033174,"event":{"mods":["AchievementEnabler","BaseMod","Colored Powertips","Highlight Path","Minty Spire (QoL Compilation)","Relic Stats","StSLib"],"gold_per_floor":[109,109,109,122,135,168,168,187,187,202,202,218,248,69,69,166,166,177,177,190,190,190,190,224,23,23,38,38,54,54,54,54,54,54],"floor_reached":33,"playtime":3060,"items_purged":[],"score":413,"play_id":"7cc78a10-0f6b-401a-93a5-4910a0dea26c","local_time":"20210107152614","is_ascension_mode":true,"campfire_choices":[{"floor":7.0,"key":"REST"},{"floor":11.0,"key":"REST"},{"floor":15.0,"key":"REST"},{"data":"Neutralize","floor":23.0,"key":"SMITH"},{"floor":30.0,"key":"REST"},{"data":"Accuracy","floor":32.0,"key":"SMITH"}],"circlet_count":0,"master_deck":["AscendersBane","Strike_G+1","Strike_G+1","Strike_G","Defend_G","Defend_G","Defend_G","Defend_G","Defend_G","Survivor","Neutralize+1","Infinite Blades","Backstab","Dash","Envenom","Noxious Fumes","Backflip","Leg Sweep","Deadly Poison","Flying Knee","After Image","Dagger Spray+1","Choke","PiercingWail+1","Adrenaline","Accuracy+1","Outmaneuver+1","Blade Dance"],"relics":["SacredBark","Question Card","Mercury Hourglass","Kunai","Blood Vial","SlaversCollar","Peace Pipe","Meat on the Bone","Ninja Scroll"],"acts_visited":[],"potions_floor_usage":[],"damage_taken":[{"damage":1.0,"enemies":"Cultist","floor":1.0,"turns":5.0},{"damage":6.0,"enemies":"Jaw Worm","floor":4.0,"turns":4.0},{"damage":3.0,"enemies":"2 Louse","floor":5.0,"turns":2.0},{"damage":22.0,"enemies":"3 Sentries","floor":6.0,"turns":10.0},{"damage":9.0,"enemies":"Red Slaver","floor":8.0,"turns":3.0},{"damage":0.0,"enemies":"Exordium Wildlife","floor":10.0,"turns":3.0},{"damage":5.0,"enemies":"Lots of Slimes","floor":12.0,"turns":3.0},{"damage":17.0,"enemies":"Gremlin Nob","floor":13.0,"turns":5.0},{"damage":12.0,"enemies":"Slime Boss","floor":16.0,"turns":9.0},{"damage":27.0,"enemies":"Spheric Guardian","floor":18.0,"turns":6.0},{"damage":0.0,"enemies":"Shell Parasite","floor":20.0,"turns":4.0},{"damage":22.0,"enemies":"Gremlin Leader","floor":24.0,"turns":5.0},{"damage":26.0,"enemies":"Sentry and Sphere","floor":27.0,"turns":8.0},{"damage":30.0,"enemies":"Snake Plant","floor":29.0,"turns":5.0},{"damage":77,"enemies":"Automaton","floor":33,"turns":6}],"seed_played":"-8528576659120358013","potions_obtained":[{"floor":4.0,"key":"Swift Potion"},{"floor":10.0,"key":"Block Potion"},{"floor":12.0,"key":"GamblersBrew"},{"floor":16.0,"key":"PowerPotion"},{"floor":18.0,"key":"DistilledChaos"},{"floor":29.0,"key":"Energy Potion"}],"is_trial":false,"path_per_floor":["M","?","?","M","M","E","R","M","T","M","R","M","E","$","R","B",null,"M","?","M","?","?","R","E","$","T","M","?","M","R","T","R","B"],"character_chosen":"THE_SILENT","items_purchased":["Blood Vial","Flying Knee","Regen Potion","SkillPotion","Accuracy"],"campfire_rested":4,"item_purchase_floors":[14,14,25,25,25],"current_hp_per_floor":[62,48,48,42,39,17,38,29,29,29,50,45,28,28,49,39,62,37,37,39,62,62,62,42,42,42,30,30,41,62,62,62,0,0],"gold":54,"neow_bonus":"BOSS_RELIC","is_daily":false,"chose_seed":false,"campfire_upgraded":2,"win_rate":0.0,"timestamp":1610033174,"path_taken":["M","?","?","M","M","E","R","M","T","M","R","M","E","$","R","BOSS","M","?","M","?","?","R","E","$","T","?","?","M","R","?","R","BOSS"],"items_purchased_type":["Relic","Card","Potion","Potion","Card"],"build_version":"2020-12-22","purchased_purges":0,"victory":false,"max_hp_per_floor":[70,70,70,70,70,70,70,70,70,70,70,70,70,70,70,70,70,70,70,70,70,70,70,70,70,70,70,70,70,70,70,70,70,70],"relic_stats":{"Blood Vial":8,"Peace Pipe":0,"counters":[4,24],"Kunai":[5],"Question Card":4,"obtain_stats":[{"Blood Vial":0,"Peace Pipe":24,"SlaversCollar":0,"Ninja Scroll":31,"SacredBark":0,"Kunai":0,"Question Card":0,"Mercury Hourglass":0,"Meat on the Bone":26},{"Blood Vial":0,"Peace Pipe":1,"SlaversCollar":0,"Ninja Scroll":3,"SacredBark":0,"Kunai":0,"Question Card":0,"Mercury Hourglass":0,"Meat on the Bone":1},{"Blood Vial":0,"Peace Pipe":5,"SlaversCollar":0,"Ninja Scroll":18,"SacredBark":0,"Kunai":0,"Question Card":0,"Mercury Hourglass":0,"Meat on the Bone":5}],"Mercury Hourglass":[87],"Meat on the Bone":24},"card_choices":[{"not_picked":["Acrobatics","Outmaneuver"],"picked":"Infinite Blades","floor":1.0},{"not_picked":["Prepared","Slice"],"picked":"Backstab","floor":4.0},{"not_picked":["Deadly Poison","Acrobatics"],"picked":"Dash","floor":5.0},{"not_picked":["Poisoned Stab","Sucker Punch"],"picked":"Envenom","floor":6.0},{"not_picked":["Dash","Underhanded Strike","Skewer"],"picked":"Noxious Fumes","floor":8.0},{"not_picked":["Quick Slash","Dagger Spray","Grand Finale"],"picked":"Backflip","floor":10.0},{"not_picked":["Finisher","Blur","Backflip"],"picked":"Leg Sweep","floor":12.0},{"not_picked":["Dagger Throw","Dodge and Roll","Choke"],"picked":"Deadly Poison","floor":13.0},{"not_picked":["Glass Knife","Doppelganger","A Thousand Cuts"],"picked":"After Image","floor":16.0},{"not_picked":["Slice+1","Bane","Cloak And Dagger"],"picked":"Dagger Spray+1","floor":18.0},{"not_picked":["Accuracy","Outmaneuver","Infinite Blades+1"],"picked":"PiercingWail+1","floor":20.0},{"not_picked":["Poisoned Stab","Deflect+1","Tactician"],"picked":"Adrenaline","floor":24.0},{"not_picked":["Poisoned Stab+1","Reflex","Bane+1"],"picked":"Outmaneuver+1","floor":27.0},{"not_picked":["Eviscerate","Night Terror","Bane"],"picked":"Blade Dance","floor":29.0}],"player_experience":633614,"relics_obtained":[{"floor":6.0,"key":"Question Card"},{"floor":9.0,"key":"Mercury Hourglass"},{"floor":13.0,"key":"Kunai"},{"floor":24.0,"key":"Peace Pipe"},{"floor":26.0,"key":"Meat on the Bone"},{"floor":31.0,"key":"Ninja Scroll"}],"event_choices":[{"damage_healed":0.0,"max_hp_gain":0.0,"max_hp_loss":0.0,"gold_gain":0.0,"event_name":"Shining Light","player_choice":"Entered Light","floor":2.0,"gold_loss":0.0,"damage_taken":14.0,"cards_upgraded":["Strike_G","Strike_G"]},{"damage_healed":0.0,"max_hp_gain":0.0,"max_hp_loss":0.0,"gold_gain":0.0,"event_name":"Golden Wing","player_choice":"Ignored","floor":3.0,"gold_loss":0.0,"damage_taken":0.0},{"damage_healed":0.0,"max_hp_gain":0.0,"max_hp_loss":0.0,"gold_gain":0.0,"cards_transformed":["Strike_G"],"event_name":"Transmorgrifier","player_choice":"Transformed","floor":19.0,"gold_loss":0.0,"damage_taken":0.0,"cards_obtained":["Choke"]},{"damage_healed":23.0,"max_hp_gain":0.0,"max_hp_loss":0.0,"gold_gain":0.0,"event_name":"The Library","player_choice":"Heal","floor":21.0,"gold_loss":0.0,"damage_taken":0.0},{"cards_removed":["Strike_G"],"damage_healed":0.0,"max_hp_gain":0.0,"max_hp_loss":0.0,"gold_gain":0.0,"event_name":"Purifier","player_choice":"Purged","floor":22.0,"gold_loss":0.0,"damage_taken":0.0},{"damage_healed":0.0,"max_hp_gain":0.0,"max_hp_loss":0.0,"gold_gain":0.0,"event_name":"Ghosts","player_choice":"Ignored","floor":28.0,"gold_loss":0.0,"damage_taken":0.0}],"is_beta":false,"boss_relics":[{"not_picked":["Snecko Eye","Ectoplasm"],"picked":"SlaversCollar"}],"items_purged_floors":[],"is_endless":false,"potions_floor_spawned":[4,10,12,16,18,29],"killed_by":"Automaton","ascension_level":10}}