{"host":"odz7g4gpgch153rb","time":1610058755,"event":{"mods":["AchievementEnabler","BaseMod","Better Match","Better Third Choice","BetterRewards","GifTheSpireLib","Infinite Spire","Jedi Mod","Minty Spire (QoL Compilation)","Quick Restart","Replay The Spire","Spikes Relics","StSLib","Stuff the Spire","The Blue Laboratory","Trackpad"],"gold_per_floor":[111,164,164,164,164,192,192,210,235,249,249,268,294,26,26,100,100,113,113,132,132,132,132,157,157,183,215,215,215,226,226,226,318,318,351,351,425,471,514,514,564,564,564,564,226,226,226,226,253,253,253,253,253],"floor_reached":52,"playtime":2608,"items_purged":["Strike_B","Strike_B","Strike_B"],"score":1448,"play_id":"e5996f8d-9a19-40d9-ba38-0948d3218220","local_time":"20210107173235","is_ascension_mode":true,"campfire_choices":[{"data":"StuffTheSpire:Innocence","floor":7,"key":"SMITH"},{"data":"Zap","floor":11,"key":"SMITH"},{"data":"Dualcast","floor":15,"key":"SMITH"},{"data":"ReplayTheSpireMod:Chaos Vortex","floor":23,"key":"SMITH"},{"data":"StuffTheSpire:ForEach","floor":25,"key":"SMITH"},{"data":"jedi:markofdeath","floor":29,"key":"SMITH"},{"floor":32,"key":"REST"},{"floor":36,"key":"DIG"},{"floor":42,"key":"DIG"},{"data":"FIFO Queue","floor":46,"key":"SMITH"},{"data":"Ball Lightning","floor":50,"key":"SMITH"}],"circlet_count":0,"master_deck":["AscendersBane","Defend_B+1","Defend_B+1","Defend_B+1","Defend_B+1","Zap+1","Dualcast+1","Streamline+1","StuffTheSpire:Innocence+1","jedi:markofdeath+1","Cold Snap+1","Leap+1","Cold Snap","StuffTheSpire:ForEach+1","Leap+1","Ball Lightning+1","ReplayTheSpireMod:Chaos Vortex+1","Ball Lightning+1","ReplayTheSpireMod:Chaos Vortex+1","Seek","Conserve Battery+1","infinitespire:Menacing+1","FIFO Queue+1"],"relics":["Cracked Core","NeowsBlessing","jedi:arcanewood","jedi:laserpointer","Pen Nib","Nuclear Battery","Regal Pillow","Whetstone","Replay:Accelerometer","War Paint","Replay:Multitool","infinitespire:EvilPickle","Black Star","Simple Rune","HornCleat","StuffTheSpire:Tea","Toxic Egg 2","DataDisk"],"acts_visited":["Exordium","TheCity","TheBeyond"],"potions_floor_usage":[13,13,16,33,38,52,52],"damage_taken":[{"damage":0,"enemies":"Jaw Worm","floor":1,"turns":1},{"damage":0,"enemies":"Gremlin Nob","floor":6,"turns":1},{"damage":0,"enemies":"Small Slimes","floor":8,"turns":1},{"damage":0,"enemies":"Cultist","floor":10,"turns":2},{"damage":0,"enemies":"Exordium Wildlife","floor":12,"turns":3},{"damage":17,"enemies":"3 Sentries","floor":13,"turns":8},{"damage":16,"enemies":"The Guardian","floor":16,"turns":11},{"damage":12,"enemies":"Chosen","floor":18,"turns":5},{"damage":6,"enemies":"Spheric Guardian","floor":20,"turns":5},{"damage":1,"enemies":"Book of Stabbing","floor":24,"turns":6},{"damage":10,"enemies":"Slavers","floor":27,"turns":7},{"damage":8,"enemies":"Snake Plant","floor":30,"turns":4},{"damage":18,"enemies":"Pondfish","floor":33,"turns":15},{"damage":11,"enemies":"3 Shapes","floor":35,"turns":4},{"damage":13,"enemies":"3 Darklings","floor":38,"turns":8},{"damage":0,"enemies":"Writhing Mass","floor":39,"turns":4},{"damage":0,"enemies":"Sphere and 2 Shapes","floor":41,"turns":7},{"damage":2,"enemies":"3 Darklings","floor":49,"turns":5},{"damage":89,"enemies":"Donu and Deca","floor":52,"turns":9}],"seed_played":"2788013474774139537","potions_obtained":[{"floor":1,"key":"LifebloodPotion"},{"floor":6,"key":"blueLaboratory:LouseDecoction"},{"floor":27,"key":"blueLaboratory:CreativityPotion"},{"floor":30,"key":"LifebloodPotion"},{"floor":33,"key":"LiquidMemories"},{"floor":38,"key":"Swift Potion"}],"is_trial":false,"path_per_floor":["M","?","?","?","?","E","R","M","T","M","R","M","E","$","R","B",null,"M","?","M","T","AVR","R","E","R","T","E","?","R","M","?","R","B",null,"M","R","T","M","M","R","M","R","T","?","$","R","PTL","PTL","M","R","R","B"],"character_chosen":"DEFECT","items_purchased":["Leap","Cold Snap","LifebloodPotion","DataDisk","FIFO Queue"],"campfire_rested":1,"item_purchase_floors":[14,14,14,45,45],"current_hp_per_floor":[64,64,69,59,59,59,59,59,59,59,59,59,42,42,42,26,64,52,52,46,46,46,46,45,45,45,35,35,35,27,27,64,46,69,58,58,58,45,45,76,76,76,76,56,56,56,56,56,54,54,76,0,0],"gold":253,"neow_bonus":"THREE_ENEMY_KILL","is_daily":false,"chose_seed":false,"campfire_upgraded":8,"win_rate":0.0,"timestamp":1610058755,"path_taken":["M","?","?","?","?","E","R","M","T","M","R","M","E","$","R","BOSS","M","?","M","?","AVR","R","E","R","T","E","?","R","?","?","R","BOSS","M","?","?","M","M","R","?","R","T","?","$","R","PTL","PTL","?","?","R","BOSS"],"items_purchased_type":["Card","Card","Potion","Relic","Card"],"build_version":"2020-12-22","purchased_purges":3,"victory":false,"max_hp_per_floor":[71,71,76,76,76,76,76,76,76,76,76,76,76,76,76,76,76,76,76,76,76,76,76,76,76,76,76,76,76,76,76,76,76,76,76,76,76,76,76,76,76,76,76,76,76,76,76,76,76,76,76,76,76],"card_choices":[{"not_picked":["Redo","jedi:blockon"],"picked":"Streamline","floor":1},{"not_picked":["Turbo","Panic Button"],"picked":"jedi:markofdeath","floor":6},{"not_picked":["Blizzard","jedi:blockon"],"picked":"Cold Snap","floor":8},{"not_picked":["Coolheaded","StuffTheSpire:Plugnplay","Double Energy"],"picked":"SKIP","floor":10},{"not_picked":["Compile Driver","Rip and Tear","BasicCrystalCard"],"picked":"SKIP","floor":12},{"not_picked":["Compile Driver","Buffer","Go for the Eyes"],"picked":"SKIP","floor":13},{"not_picked":["Machine Learning","jedi:BurstDark"],"picked":"StuffTheSpire:ForEach","floor":16},{"not_picked":["Crystallizer+1","Gash"],"picked":"Leap+1","floor":18},{"not_picked":["jedi:BurstLightning","Compile Driver"],"picked":"Ball Lightning+1","floor":20},{"not_picked":["FTL","Genetic Algorithm","jedi:BurstLightning+1"],"picked":"SKIP","floor":24},{"not_picked":["Double Energy+1","Capacitor","jedi:blockon"],"picked":"SKIP","floor":27},{"not_picked":["Capacitor","StuffTheSpire:Rend"],"picked":"Ball Lightning","floor":30},{"not_picked":["Mirror Shield","Meteor Strike"],"picked":"Seek","floor":33},{"not_picked":["Gash","Reinforced Body","Rebound"],"picked":"SKIP","floor":35},{"not_picked":["ReplayTheSpireMod:System Scan+1","Beam Cell"],"picked":"Conserve Battery","floor":38},{"not_picked":["Stack+1","Barrage+1","ReplayTheSpireMod:System Scan"],"picked":"SKIP","floor":39},{"not_picked":["Coolheaded","StuffTheSpire:Plugnplay","Barrage+1"],"picked":"SKIP","floor":41},{"not_picked":["infinitespire:TheBestDefense","infinitespire:FinalStrike"],"picked":"infinitespire:Menacing","floor":44},{"not_picked":["Compile Driver","StuffTheSpire:CleanHardDrive+1","Go for the Eyes"],"picked":"SKIP","floor":49}],"player_experience":1001589,"relics_obtained":[{"floor":6,"key":"jedi:arcanewood"},{"floor":9,"key":"jedi:laserpointer"},{"floor":13,"key":"Pen Nib"},{"floor":21,"key":"Regal Pillow"},{"floor":24,"key":"Replay:Accelerometer"},{"floor":26,"key":"War Paint"},{"floor":27,"key":"Replay:Multitool"},{"floor":36,"key":"Simple Rune"},{"floor":37,"key":"HornCleat"},{"floor":42,"key":"StuffTheSpire:Tea"},{"floor":43,"key":"Toxic Egg 2"}],"event_choices":[{"damage_healed":0,"gold_gain":53,"player_choice":"Gained Gold","damage_taken":0,"max_hp_gain":0,"max_hp_loss":0,"event_name":"Golden Wing","floor":2,"gold_loss":0},{"damage_healed":0,"gold_gain":0,"player_choice":"Donut","damage_taken":0,"max_hp_gain":5,"max_hp_loss":0,"event_name":"Big Fish","floor":3,"gold_loss":0},{"damage_healed":0,"gold_gain":0,"player_choice":"Copied","damage_taken":0,"max_hp_gain":0,"max_hp_loss":0,"event_name":"Duplicator","floor":31,"gold_loss":0,"cards_obtained":["ReplayTheSpireMod:Chaos Vortex"]}],"is_beta":false,"boss_relics":[{"not_picked":["trackpad:Trackpad","trackpad:Coffee"],"picked":"Nuclear Battery"},{"not_picked":["Replay:Wanted Poster","Astrolabe"],"picked":"Black Star"}],"items_purged_floors":[14,22,45],"is_endless":false,"potions_floor_spawned":[1,6,27,30,33,38,49],"killed_by":"Donu and Deca","ascension_level":17}}