{"host":"exhp4inpfmbngj23","time":1610043322,"event":{"mods":["Abigail Mod","BaseMod","Beaked The Cultist","Friendly Minions","Gremlin Mod","Kiyohime????","Minty Spire (QoL Compilation)","StSLib","The Alterego"],"gold_per_floor":[115,115,89,89,112,151,116,116,116,116,130,130,473,489,489,612,612,626,296,296,296,296,296,296],"floor_reached":23,"playtime":1290,"items_purged":[],"score":242,"play_id":"bb114717-83b3-4ffc-804b-2d6b45b874d7","local_time":"20210107101522","is_ascension_mode":true,"campfire_choices":[{"data":"alterego_mod:TrashNCrash","floor":10,"key":"SMITH"},{"data":"alterego_mod:Punishment","floor":12,"key":"SMITH"},{"floor":15,"key":"REST"}],"circlet_count":0,"master_deck":["alterego_mod:Strike+1","alterego_mod:Strike+1","alterego_mod:Strike+1","alterego_mod:Strike+1","alterego_mod:Defend+1","alterego_mod:Defend+1","alterego_mod:Defend+1","alterego_mod:Defend+1","alterego_mod:Impale","alterego_mod:BigMeatyClaws","alterego_mod:BrynhildrsRune","alterego_mod:Rip","alterego_mod:TrashNCrash+1","alterego_mod:GachaTicket","alterego_mod:Valentines","alterego_mod:MagicResistance","alterego_mod:RingBreak","alterego_mod:Punishment+1","alterego_mod:1TonWallop","alterego_mod:BustOut","alterego_mod:ChallengeComplete","alterego_mod:Weigh","alterego_mod:Undulate+1","alterego_mod:DiscoLights","alterego_mod:Mirror"],"relics":["alterego_mod:MasochisticConstitution","NeowsBlessing","Golden Idol","Oddly Smooth Stone","Du-Vu Doll","Old Coin","Empty Cage","Toy Ornithopter","Nunchaku"],"acts_visited":["Exordium","TheCity"],"potions_floor_usage":[16,16,23],"damage_taken":[{"damage":0,"enemies":"2 Louse","floor":1,"turns":1},{"damage":0,"enemies":"Jaw Worm","floor":5,"turns":1},{"damage":0,"enemies":"Gremlin Nob","floor":6,"turns":1},{"damage":12,"enemies":"Small Slimes","floor":11,"turns":4},{"damage":25,"enemies":"Lagavulin","floor":13,"turns":6},{"damage":34,"enemies":"Exordium Wildlife","floor":14,"turns":7},{"damage":46,"enemies":"Hexaghost","floor":16,"turns":9},{"damage":19,"enemies":"Chosen","floor":18,"turns":5},{"damage":80,"enemies":"Gremlin Leader","floor":23,"turns":6}],"seed_played":"78756297363487548","potions_obtained":[{"floor":5,"key":"SmokeBomb"},{"floor":11,"key":"SteroidPotion"},{"floor":14,"key":"ColorlessPotion"},{"floor":16,"key":"AttackPotion"}],"is_trial":false,"path_per_floor":["M","?","$","?","M","E","?","?","T","R","M","R","E","M","R","B",null,"M","$","?","?","?","E"],"character_chosen":"The_Alterego","items_purchased":["alterego_mod:TrashNCrash","alterego_mod:DiscoLights","Toy Ornithopter","Nunchaku"],"campfire_rested":1,"item_purchase_floors":[3,19,19,19],"current_hp_per_floor":[70,53,53,53,53,53,70,70,70,70,59,59,35,2,23,2,74,56,56,56,56,56,0,0],"gold":296,"neow_bonus":"THREE_ENEMY_KILL","is_daily":false,"chose_seed":false,"campfire_upgraded":2,"win_rate":0.0,"timestamp":1610043322,"path_taken":["M","?","$","?","M","E","?","?","T","R","M","R","E","M","R","BOSS","M","$","?","?","?","E"],"items_purchased_type":["Card","Card","Relic","Relic"],"build_version":"2020-12-22","purchased_purges":0,"victory":false,"max_hp_per_floor":[70,70,70,70,70,70,70,70,70,70,71,71,72,73,73,74,74,75,75,75,75,75,75,75],"card_choices":[{"not_picked":["alterego_mod:MagicResistance","alterego_mod:Jiggle"],"picked":"alterego_mod:Rip","floor":1},{"not_picked":["alterego_mod:BustOut","alterego_mod:RidiculouslyBig"],"picked":"alterego_mod:Rip","floor":5},{"not_picked":["alterego_mod:SuperDuperMasochism","alterego_mod:Cycle"],"picked":"alterego_mod:GachaTicket","floor":6},{"not_picked":["alterego_mod:Support","alterego_mod:Lingerie"],"picked":"alterego_mod:1TonWallop","floor":11},{"not_picked":["alterego_mod:PerceptionDisorder","alterego_mod:Maid"],"picked":"alterego_mod:BustOut","floor":13},{"not_picked":["alterego_mod:Skirt","alterego_mod:TrashNCrash"],"picked":"alterego_mod:ChallengeComplete","floor":14},{"not_picked":["alterego_mod:STier","alterego_mod:PainIsPleasure"],"picked":"alterego_mod:Weigh","floor":16},{"not_picked":["alterego_mod:Jiggle+1","alterego_mod:Birthday"],"picked":"alterego_mod:Undulate+1","floor":18}],"player_experience":1907904,"relics_obtained":[{"floor":6,"key":"Oddly Smooth Stone"},{"floor":9,"key":"Du-Vu Doll"},{"floor":13,"key":"Old Coin"}],"event_choices":[{"damage_healed":0,"gold_gain":0,"player_choice":"Take Damage","damage_taken":17,"relics_obtained":["Golden Idol"],"max_hp_gain":0,"max_hp_loss":0,"event_name":"Golden Idol","floor":2,"gold_loss":0},{"damage_healed":0,"gold_gain":0,"player_choice":"Ignored","damage_taken":0,"max_hp_gain":0,"max_hp_loss":0,"event_name":"Golden Wing","floor":4,"gold_loss":0},{"damage_healed":17,"gold_gain":0,"player_choice":"Healed","damage_taken":0,"max_hp_gain":0,"max_hp_loss":0,"event_name":"The Cleric","floor":7,"gold_loss":35},{"damage_healed":0,"gold_gain":0,"player_choice":"Read","damage_taken":0,"max_hp_gain":0,"max_hp_loss":0,"event_name":"The Library","floor":20,"gold_loss":0,"cards_obtained":["alterego_mod:Mirror"]},{"damage_healed":0,"gold_gain":0,"player_choice":"Ignored","damage_taken":0,"max_hp_gain":0,"max_hp_loss":0,"event_name":"Ghosts","floor":21,"gold_loss":0},{"damage_healed":0,"gold_gain":0,"player_choice":"Simplicity","damage_taken":0,"max_hp_gain":0,"max_hp_loss":0,"event_name":"Back to Basics","floor":22,"gold_loss":0,"cards_upgraded":["alterego_mod:Strike","alterego_mod:Strike","alterego_mod:Strike","alterego_mod:Strike","alterego_mod:Defend","alterego_mod:Defend","alterego_mod:Defend","alterego_mod:Defend"]}],"is_beta":false,"boss_relics":[{"not_picked":["beaked:MawFillet","Ectoplasm"],"picked":"Empty Cage"}],"items_purged_floors":[],"is_endless":false,"potions_floor_spawned":[5,11,14,16],"killed_by":"Gremlin Leader","ascension_level":2}}