{"host":"l84l8xigz5v5foa2","time":1610008487,"event":{"mods":["2.2 Compatiblity","AchievementEnabler","BaseMod","Better Note","Better Vampires","Card Filter","Colored Map","DeckTracker","Downfall","Gremlin Skip","Highlight Path","Keyboard Shortcuts","Minty Spire (QoL Compilation)","Permanent Neow","Quick Restart","Relic Filter","Relic Stats","StSLib","SuperFastMode","Transform Curses","Unknown Chances"],"gold_per_floor":[99,109,126,226,226,226,250,250,269,302,402,416,416,57,69,141,141,141,154,154,154,164,89,141,241,256,274,124,143,143,176,189,263,263,263,279,279,304,314,314,314,314,326,324,324,112,145,165,183,183,183,214,22,22,22],"floor_reached":56,"playtime":5698,"items_purged":["Guardian:Strike_Guardian","Guardian:Defend_Guardian","Guardian:Defend_Guardian"],"score":2419,"play_id":"81d202a2-a6ba-4d8c-87a3-ecce8f97678f","local_time":"20210107173447","is_ascension_mode":true,"campfire_choices":[{"data":"Guardian:CurlUp","floor":1.0,"key":"SMITH"},{"floor":6.0,"key":"RECALL"},{"data":"Guardian:FuturePlans","floor":13.0,"key":"SMITH"},{"data":"Guardian:MultiBeam","floor":18.0,"key":"SMITH"},{"data":"Guardian:VentSteam","floor":23.0,"key":"SMITH"},{"data":"Guardian:DonusPower","floor":28.0,"key":"SMITH"},{"data":"Guardian:TemporalShield","floor":30.0,"key":"SMITH"},{"data":"Guardian:ExploitGems","floor":35.0,"key":"SMITH"},{"data":"Guardian:SentryBeam","floor":40.0,"key":"SMITH"},{"data":"Guardian:FastForward","floor":42.0,"key":"SMITH"},{"data":"Guardian:TimeCapacitor","floor":45.0,"key":"SMITH"},{"data":"Guardian:Suspension","floor":54,"key":"SMITH"}],"circlet_count":0,"master_deck":["AscendersBane","Guardian:Defend_Guardian","Guardian:Defend_Guardian","Guardian:CurlUp+1","Guardian:TwinSlam+1","Guardian:Recover","Guardian:Reroute","Guardian:DecasProtection+1","Guardian:FuturePlans+1","Guardian:DonusPower+1","Guardian:MultiBeam+1","Guardian:PrimingBeam","Guardian:GemFinder","Guardian:BronzeOrb","Guardian:VentSteam+1","Guardian:RollAttack","Guardian:ChargeUp","Guardian:TemporalShield+1","Guardian:SentryBeam+1","Guardian:ExploitGems+1","Guardian:StasisField","Guardian:FastForward+1","Guardian:TemporalShield+1","Guardian:TimeCapacitor+1","Guardian:PrismaticBeam","Guardian:PolyBeam","Guardian:Clone","Guardian:Suspension+1","Guardian:EvasiveProtocol"],"relics":["Guardian:ModeShifter","Akabeko","Bronze Scales","Guardian:BottledAnomaly","sneckomod:SneckoTalon","downfall:HeartBlessingGreen","Ancient Tea Set","downfall:HeartBlessingBlue","downfall:HeartBlessingRed","Ornamental Fan","Cursed Key","Lizard Tail","Bottled Flame","Letter Opener"],"acts_visited":["TheCity","TheBeyond","TheEnding"],"potions_floor_usage":[47,48,49,55],"damage_taken":[{"damage":0.0,"enemies":"2 Louse","floor":2.0,"turns":3.0},{"damage":3.0,"enemies":"Jaw Worm","floor":3.0,"turns":5.0},{"damage":1.0,"enemies":"Small Slimes","floor":9.0,"turns":3.0},{"damage":30.0,"enemies":"Gremlin Nob","floor":10.0,"turns":5.0},{"damage":21.0,"enemies":"downfall:Heads","floor":11.0,"turns":7.0},{"damage":3.0,"enemies":"Blue Slaver","floor":12.0,"turns":2.0},{"damage":0.0,"enemies":"downfall:FleeingMerchant","floor":14.0,"turns":4.0},{"damage":2.0,"enemies":"3 Louse","floor":15.0,"turns":2.0},{"damage":7.0,"enemies":"downfall:Silent","floor":16.0,"turns":5.0},{"damage":0.0,"enemies":"Chosen","floor":19.0,"turns":4.0},{"damage":0.0,"enemies":"Centurion and Healer","floor":22.0,"turns":4.0},{"damage":9.0,"enemies":"downfall:Augmenter","floor":25.0,"turns":5.0},{"damage":3.0,"enemies":"Cultist and Chosen","floor":26.0,"turns":4.0},{"damage":0.0,"enemies":"Chosen and Byrds","floor":27.0,"turns":4.0},{"damage":2.0,"enemies":"Sentry and Sphere","floor":29.0,"turns":4.0},{"damage":0.0,"enemies":"Book of Stabbing","floor":31.0,"turns":4.0},{"damage":2.0,"enemies":"Centurion and Healer","floor":32.0,"turns":3.0},{"damage":0.0,"enemies":"downfall:Ironclad","floor":33.0,"turns":7.0},{"damage":0.0,"enemies":"3 Shapes","floor":36.0,"turns":4.0},{"damage":0.0,"enemies":"Mind Bloom Boss Battle","floor":38.0,"turns":5.0},{"damage":0.0,"enemies":"Orb Walker","floor":39.0,"turns":3.0},{"damage":0.0,"enemies":"3 Darklings","floor":43.0,"turns":3.0},{"damage":0.0,"enemies":"downfall:FleeingMerchant","floor":44.0,"turns":4.0},{"damage":0,"enemies":"Reptomancer","floor":47,"turns":5},{"damage":0,"enemies":"Writhing Mass","floor":48,"turns":6},{"damage":6,"enemies":"Spire Growth","floor":49,"turns":4},{"damage":0,"enemies":"downfall:Defect","floor":50,"turns":9},{"damage":0,"enemies":"downfall:CharBossMerchant","floor":52,"turns":5},{"damage":9,"enemies":"downfall:NeowBoss","floor":55,"turns":13}],"seed_played":"6241345522468871617","potions_obtained":[{"floor":3.0,"key":"Guardian:DefensiveModePotion"},{"floor":10.0,"key":"SpeedPotion"},{"floor":19.0,"key":"CultistPotion"},{"floor":25.0,"key":"EntropicBrew"},{"floor":27.0,"key":"Guardian:AcceleratePotion"},{"floor":36.0,"key":"Weak Potion"},{"floor":43.0,"key":"ColorlessPotion"},{"floor":48,"key":"Weak Potion"},{"floor":52,"key":"Block Potion"}],"is_trial":false,"path_per_floor":["R","M","M","?","?","R","T","?","M","E","?","M","R","$","M","B",null,"R","M","?","T","M","R","T","?","M","M","R","M","R","E","M","B",null,"R","M","?","?","M","R","T","R","M","$","R","$","E","M","M","B",null,"E","$","R","B",null],"character_chosen":"GUARDIAN","items_purchased":["Guardian:PrimingBeam","Guardian:BottledAnomaly","BlessingOfTheForge","Guardian:TimeCapacitor","Guardian:Gem_Cyan","Guardian:PrismaticBeam","Guardian:PolyBeam","Guardian:Suspension","ColorlessPotion","Guardian:EvasiveProtocol"],"campfire_rested":0,"item_purchase_floors":[14,14,14,44,44,44,46,53,53,53],"current_hp_per_floor":[65,65,62,62,67,67,67,67,66,36,15,12,12,12,10,3,59,59,59,59,59,59,59,59,50,47,47,57,55,55,55,53,53,79,79,79,79,79,79,79,79,79,79,79,79,79,79,79,73,73,84,84,84,84,75],"gold":22,"neow_bonus":"UPGRADE_CARD","is_daily":false,"chose_seed":false,"campfire_upgraded":11,"win_rate":0.0,"timestamp":1610008487,"path_taken":["R","M","M","?","?","R","T","?","M","E","?","M","R","$","M","BOSS","R","M","?","?","M","R","T","?","M","M","R","M","R","E","M","BOSS","R","M","?","?","M","R","T","R","M","$","R","$","E","M","M","BOSS","E","$","R","BOSS"],"items_purchased_type":["Card","Relic","Potion","Card","Card","Card","Card","Card","Potion","Card"],"build_version":"2020-12-22","purchased_purges":3,"victory":true,"max_hp_per_floor":[72,72,72,72,77,77,77,77,77,77,77,77,77,77,77,77,77,77,77,77,77,77,77,77,77,77,77,87,87,87,87,87,87,87,87,87,87,87,87,87,87,87,87,87,87,87,87,87,87,87,87,87,87,87,87],"relic_stats":{"Lizard Tail":0,"counters":[29,136],"Ornamental Fan":[188],"Bronze Scales":[312],"Letter Opener":[100],"Cursed Key":0,"obtain_stats":[{"downfall:HeartBlessingRed":28,"Guardian:ModeShifter":0,"downfall:HeartBlessingGreen":23,"Letter Opener":52,"sneckomod:SneckoTalon":17,"Ancient Tea Set":24,"Cursed Key":34,"Akabeko":7,"Lizard Tail":38,"Bottled Flame":47,"downfall:HeartBlessingBlue":28,"Ornamental Fan":31,"Bronze Scales":10,"Guardian:BottledAnomaly":14},{"downfall:HeartBlessingRed":14,"Guardian:ModeShifter":0,"downfall:HeartBlessingGreen":11,"Letter Opener":28,"sneckomod:SneckoTalon":9,"Ancient Tea Set":11,"Cursed Key":18,"Akabeko":2,"Lizard Tail":20,"Bottled Flame":24,"downfall:HeartBlessingBlue":14,"Ornamental Fan":16,"Bronze Scales":4,"Guardian:BottledAnomaly":7},{"downfall:HeartBlessingRed":57,"Guardian:ModeShifter":0,"downfall:HeartBlessingGreen":44,"Letter Opener":123,"sneckomod:SneckoTalon":36,"Ancient Tea Set":44,"Cursed Key":75,"Akabeko":8,"Lizard Tail":84,"Bottled Flame":99,"downfall:HeartBlessingBlue":57,"Ornamental Fan":65,"Bronze Scales":16,"Guardian:BottledAnomaly":29}]},"card_choices":[{"not_picked":["Guardian:PrismaticBeam","Guardian:ChargeCore"],"picked":"Guardian:Recover","floor":2.0},{"not_picked":["Guardian:CrystalBeam","Guardian:TemporalShield"],"picked":"Guardian:Reroute","floor":3.0},{"not_picked":["Guardian:PrimingBeam","Guardian:ShieldCharger","Guardian:ChargeCore"],"picked":"SKIP","floor":9.0},{"not_picked":["Guardian:TimeCapacitor","Guardian:TemporalStrike"],"picked":"Guardian:DecasProtection","floor":10.0},{"not_picked":["Guardian:PrismaticBarrier","Guardian:CrystalBeam"],"picked":"Guardian:DonusPower","floor":11.0},{"not_picked":["Guardian:Gem_Purple","Guardian:SpikerProtocol"],"picked":"Guardian:Gem_Yellow","floor":12.0},{"not_picked":["Guardian:FloatingOrbs","Guardian:Suspension"],"picked":"Guardian:MultiBeam","floor":14.0},{"not_picked":["Guardian:Gem_Lightblue","Guardian:Gem_Green"],"picked":"Guardian:Gem_Blue","floor":15.0},{"not_picked":["Guardian:HyperBeam_Guardian","Guardian:FastForward"],"picked":"Guardian:GemFinder","floor":16.0},{"not_picked":["Guardian:Gem_Lightblue","Guardian:Gem_Green"],"picked":"Guardian:Gem_Cyan","floor":19.0},{"not_picked":["Guardian:ChargeCore","Guardian:SpikerProtocol"],"picked":"Guardian:BronzeOrb","floor":19.0},{"not_picked":["Guardian:Gem_Red","Guardian:Gem_Lightblue"],"picked":"Guardian:Gem_Green","floor":22.0},{"not_picked":["Guardian:DecasProtection","Guardian:Recover"],"picked":"Guardian:VentSteam","floor":22.0},{"not_picked":["Guardian:SpikerProtocol+1","Guardian:ChargeCore"],"picked":"Guardian:Gem_Fragmented","floor":25.0},{"not_picked":["Guardian:Gem_Red","Guardian:Gem_Lightblue"],"picked":"Guardian:Gem_Cyan","floor":26.0},{"not_picked":["Guardian:Gem_Lightblue","Guardian:WalkerClaw","Guardian:ShieldCharger"],"picked":"SKIP","floor":26.0},{"not_picked":["Guardian:ChargeCore","Guardian:Reroute"],"picked":"Guardian:Gem_Yellow","floor":27.0},{"not_picked":["Guardian:Gem_Green","Guardian:Gem_Lightblue"],"picked":"Guardian:Gem_Cyan","floor":27.0},{"not_picked":["Guardian:Gem_Synthetic","Guardian:ChargeCore"],"picked":"Guardian:TemporalShield","floor":29.0},{"not_picked":["Guardian:CrystalBeam","Guardian:GuardianWhirl"],"picked":"Guardian:SentryBeam","floor":31.0},{"not_picked":["Guardian:Recover","Guardian:WalkerClaw"],"picked":"Guardian:ExploitGems","floor":32.0},{"not_picked":["Guardian:Gem_Lightblue","Guardian:Gem_Red"],"picked":"Guardian:Gem_Cyan","floor":32.0},{"not_picked":["Guardian:FierceBash","Guardian:StasisStrike"],"picked":"Guardian:StasisField","floor":33.0},{"not_picked":["Guardian:Gem_Red","Guardian:Gem_Lightblue"],"picked":"Guardian:Gem_Cyan","floor":33.0},{"not_picked":["Guardian:Clone","Guardian:Incinerate"],"picked":"Guardian:FastForward","floor":36.0},{"not_picked":["Guardian:Gem_Green","Guardian:Gem_Red"],"picked":"Guardian:Gem_Cyan","floor":36.0},{"not_picked":["Guardian:Planning","Guardian:PiercingHide"],"picked":"Guardian:TemporalShield+1","floor":39.0},{"not_picked":["Guardian:CrystalBeam","Guardian:ConstructionForm","Guardian:SentryBeam"],"picked":"SKIP","floor":43.0},{"not_picked":["Guardian:Incinerate","Guardian:Repulse","Guardian:RollAttack"],"picked":"SKIP","floor":44.0},{"not_picked":["Guardian:Gem_Lightblue","Guardian:Gem_Green"],"picked":"Guardian:Gem_Cyan","floor":47},{"not_picked":["Guardian:Gem_Red","Guardian:Planning","Guardian:Incinerate"],"picked":"SKIP","floor":47},{"not_picked":["Guardian:ChargeCore","Guardian:CrystalBeam"],"picked":"Guardian:Gem_Blue","floor":48},{"not_picked":["Guardian:Gem_Lightblue","Guardian:Gem_Green"],"picked":"Guardian:Gem_Cyan","floor":48},{"not_picked":["Guardian:CrystalBeam","Guardian:EvasiveProtocol"],"picked":"Guardian:Clone","floor":49},{"not_picked":["Guardian:VentSteam","Guardian:TimeCapacitor+1","Guardian:Gem_Cyan"],"picked":"SKIP","floor":52}],"player_experience":2945926,"relics_obtained":[{"floor":7.0,"key":"Akabeko"},{"floor":10.0,"key":"Bronze Scales"},{"floor":24.0,"key":"Ancient Tea Set"},{"floor":31.0,"key":"Ornamental Fan"},{"floor":38.0,"key":"Lizard Tail"},{"floor":47,"key":"Bottled Flame"},{"floor":52,"key":"Letter Opener"}],"event_choices":[{"damage_healed":0.0,"max_hp_gain":5.0,"max_hp_loss":0.0,"gold_gain":0.0,"event_name":"Big Fish","player_choice":"Donut","floor":5.0,"gold_loss":0.0,"damage_taken":0.0},{"damage_healed":0.0,"max_hp_gain":0.0,"max_hp_loss":0.0,"gold_gain":0.0,"event_name":"Ghosts","player_choice":"Ignored","floor":20.0,"gold_loss":0.0,"damage_taken":0.0}],"is_beta":false,"boss_relics":[{"not_picked":["Empty Cage","Busted Crown"],"picked":"sneckomod:SneckoTalon"},{"not_picked":["Astrolabe","Guardian:StasisSlotReductionRelic"],"picked":"Cursed Key"}],"items_purged_floors":[14,44,46],"is_endless":false,"potions_floor_spawned":[3,10,19,25,27,29,36,38,43,48,52],"ascension_level":20}}