{"host":"iyinq9z1nwwa1sts","time":1610014280,"event":{"mods":["BaseMod","Colored Map","Downfall","Minty Spire (QoL Compilation)","Replay The Spire","StSLib"],"gold_per_floor":[99,144,189,189,234,336,411,501,546,636,681,726,726,2,47,347,347,452,497,497,542,587,860,860,950,995,845,870,870,903,128,173,473,473,473,473,518,563,608,698,748,793,793,838,883,973,1018,1018,1063,1063],"floor_reached":51,"playtime":3979,"items_purged":[],"score":1070,"play_id":"61d16121-0bc1-43e9-9c84-84bcc2ea67a4","local_time":"20210107181120","daily_mods":["Cursed Run","Diverse","Midas"],"is_ascension_mode":false,"campfire_choices":[{"floor":1.0,"key":"RECALL"},{"floor":13.0,"key":"REST"},{"floor":27.0,"key":"REST"},{"floor":29.0,"key":"REST"},{"floor":35.0,"key":"REST"}],"circlet_count":0,"master_deck":["Strike_R+1","Strike_R+1","Strike_R+1","Strike_R+1","Strike_R+1","Defend_R+1","Defend_R+1","Defend_R+1","Defend_R+1","Bash+1","champ:FanOfKnives+1","champ:RapidStrikes+1","FlurryOfBlows+1","champ:GladiatorsShout+1","Parasite","Slimebound:Repurpose+1","EmptyBody+1","BootSequence+1","Infernal Blade+1","Sweeping Beam+1","PathToVictory+1","Cleave+1","Slimebound:DuplicatedForm+1","expansioncontent:DashGenerateEvil+1","sneckomod:SnakeSap+1","Juggernaut+1","sneckomod:Unknown0Cost+1","ReplayTheSpireMod:Scrap Shanks+1","Slimebound:SamplingLick+1","ReplayTheSpireMod:Splinters","Cleave+1","Slimebound:Schlurp+1","Languid","champ:Devastate+1","Dark Embrace+1","Double Energy+1","Sickly","Footwork+1","Guardian:Gem_Purple","Auto Shields+1","ReplayTheSpireMod:Corrosion Curse+1","Slimebound:Recycling+1","WindmillStrike+1","Replay:SS_forest_5+1","Replay:AtTheReady+1","Replay:UnknownCurse","Corruption+1","champ:FaceSlap+1","sneckomod:QuickBite+1","Aggregate+1","Machine Learning","hexamod:GhostLash+1","hexamod:Haunted","BootSequence+1","Amnesia","Dual Wield+1","SashWhip+1","Searing Blow+1","Guardian:FuturePlans+1","Replay:Hysterical Blindness"],"relics":["Cursed Key","Darkstone Periapt","Du-Vu Doll","Dream Catcher","Meat on the Bone","Vajra","Replay:Rubber Ducky","Toy Ornithopter","Medical Kit","Bronze Scales","Mark of Pain","Oddly Smooth Stone","StrikeDummy","Pet Ghost","Lantern","Red Mask","Mummified Hand","Toolbox","Black Star","Happy Flower","Garlic","ReplayTheSpireMod:Spearhead","ReplayTheSpireMod:Ring of Collecting","ReplayTheSpireMod:Ring of Exchange","Shovel","War Paint"],"acts_visited":["Exordium","TheCity","TheBeyond"],"potions_floor_usage":[],"damage_taken":[{"damage":5.0,"enemies":"Small Slimes","floor":2.0,"turns":3.0},{"damage":1.0,"enemies":"2 Louse","floor":3.0,"turns":2.0},{"damage":6.0,"enemies":"Cultist","floor":5.0,"turns":3.0},{"damage":25.0,"enemies":"Gremlin Nob","floor":6.0,"turns":4.0},{"damage":13.0,"enemies":"Gremlin Nob","floor":8.0,"turns":4.0},{"damage":0.0,"enemies":"2 Fungi Beasts","floor":9.0,"turns":1.0},{"damage":22.0,"enemies":"Lagavulin","floor":10.0,"turns":6.0},{"damage":7.0,"enemies":"Blue Slaver","floor":11.0,"turns":3.0},{"damage":9.0,"enemies":"Exordium Wildlife","floor":12.0,"turns":3.0},{"damage":0.0,"enemies":"downfall:FleeingMerchant","floor":14.0,"turns":4.0},{"damage":0.0,"enemies":"3 Louse","floor":15.0,"turns":1.0},{"damage":18.0,"enemies":"downfall:Silent","floor":16.0,"turns":5.0},{"damage":15.0,"enemies":"Chosen","floor":19.0,"turns":3.0},{"damage":33.0,"enemies":"Centurion and Healer","floor":21.0,"turns":4.0},{"damage":24.0,"enemies":"Snake Plant","floor":22.0,"turns":3.0},{"damage":27.0,"enemies":"Book of Stabbing","floor":25.0,"turns":4.0},{"damage":18.0,"enemies":"Chosen and Byrds","floor":26.0,"turns":3.0},{"damage":2.0,"enemies":"Masked Bandits","floor":30.0,"turns":1.0},{"damage":0.0,"enemies":"downfall:FleeingMerchant","floor":31.0,"turns":4.0},{"damage":0.0,"enemies":"Cultist and Chosen","floor":32.0,"turns":4.0},{"damage":58.0,"enemies":"downfall:Watcher","floor":33.0,"turns":7.0},{"damage":3.0,"enemies":"3 Shapes","floor":37.0,"turns":3.0},{"damage":0.0,"enemies":"3 Darklings","floor":38.0,"turns":3.0},{"damage":0.0,"enemies":"4 Shapes","floor":39.0,"turns":2.0},{"damage":2.0,"enemies":"Nemesis","floor":40.0,"turns":3.0},{"damage":15.0,"enemies":"Transient","floor":42.0,"turns":5.0},{"damage":0.0,"enemies":"3 Darklings","floor":44.0,"turns":2.0},{"damage":35.0,"enemies":"Sphere and 2 Shapes","floor":45.0,"turns":5.0},{"damage":18.0,"enemies":"Giant Head","floor":46.0,"turns":6.0},{"damage":3.0,"enemies":"Writhing Mass","floor":47.0,"turns":2.0},{"damage":0,"enemies":"Spire Growth","floor":49,"turns":2},{"damage":29,"enemies":"downfall:Ironclad","floor":50,"turns":6}],"seed_played":"-5218424555718163201","potions_obtained":[{"floor":3.0,"key":"Ancient Potion"},{"floor":5.0,"key":"SkillPotion"},{"floor":8.0,"key":"Explosive Potion"},{"floor":9.0,"key":"ColorlessPotion"},{"floor":10.0,"key":"Slimebound:ThreeZeroPotion"},{"floor":12.0,"key":"DistilledChaos"},{"floor":21.0,"key":"BlessingOfTheForge"},{"floor":25.0,"key":"DuplicationPotion"},{"floor":26.0,"key":"Slimebound:ThreeZeroPotion"},{"floor":30.0,"key":"hexamod:EctoCoolerPotion"},{"floor":38.0,"key":"Energy Potion"},{"floor":39.0,"key":"Explosive Potion"},{"floor":42.0,"key":"Explosive Potion"},{"floor":46.0,"key":"champ:CounterPotion"},{"floor":47.0,"key":"Block Potion"}],"is_trial":false,"path_per_floor":["R_BF","M","M","?","M","?","T","E","M","E","M","M","R","$","M","B",null,"R_BF","M","?","M","M","?","T","E","M","R","T","R","?","$","M","B",null,"R","?","M","M","M","E","T","M","?","M","M","E","M","?","M","B",null],"character_chosen":"IRONCLAD","items_purchased":["Slimebound:DuplicatedForm","expansioncontent:DashGenerateEvil","Toy Ornithopter","Medical Kit","Bronze Scales","Mummified Hand","Toolbox","ReplayTheSpireMod:Corrosion Curse","Slimebound:Recycling","WindmillStrike","Replay:SS_forest_5"],"campfire_rested":4,"item_purchase_floors":[14,14,14,14,14,31,31,31,31,31,31],"current_hp_per_floor":[80,75,74,71,65,40,46,45,45,35,40,43,68,68,68,84,92,92,92,92,74,65,71,77,73,73,114,120,120,118,118,118,118,126,126,126,123,123,123,121,127,127,133,138,103,100,97,148,148,125],"gold":1063,"neow_bonus":"","is_daily":true,"chose_seed":false,"campfire_upgraded":0,"win_rate":0.0,"timestamp":1610014280,"path_taken":["R_BF","M","M","?","M","?","T","E","M","E","M","M","R","$","M","BOSS","R_BF","M","?","?","M","?","T","E","M","R","?","R","?","$","M","BOSS","R","?","M","M","M","E","T","M","?","M","M","E","M","?","M","BOSS"],"items_purchased_type":["Card","Card","Relic","Relic","Relic","Relic","Relic","Card","Card","Card","Card"],"build_version":"2020-12-22","purchased_purges":0,"victory":true,"max_hp_per_floor":[80,80,80,80,80,80,86,86,86,86,86,86,86,86,86,92,92,92,92,92,92,92,98,104,104,104,114,120,120,120,120,120,126,126,126,126,126,126,126,126,132,132,138,138,138,138,138,148,148,154],"card_choices":[{"not_picked":["Slimebound:SplitBruiser","Clothesline"],"picked":"champ:FanOfKnives","floor":2.0},{"not_picked":["hexamod:FourthSeal","champ:GladiatorsShout"],"picked":"champ:RapidStrikes","floor":3.0},{"not_picked":["Replay:Poison Smokescreen","Outmaneuver"],"picked":"FlurryOfBlows","floor":5.0},{"not_picked":["hexamod:GhostflameBarrier","Slimebound:FinishingTackle"],"picked":"champ:GladiatorsShout","floor":6.0},{"not_picked":["Ball Lightning","Slimebound:SplitLeeching"],"picked":"Slimebound:Repurpose","floor":8.0},{"not_picked":["Evaluate","FollowUp"],"picked":"EmptyBody","floor":9.0},{"not_picked":["Coolheaded","hexamod:BacktrackSmack"],"picked":"BootSequence","floor":10.0},{"not_picked":["Rebound","Well Laid Plans"],"picked":"Infernal Blade","floor":11.0},{"not_picked":["Halt","BasicCrystalCard"],"picked":"Sweeping Beam","floor":12.0},{"not_picked":["BasicCrystalCard","Dagger Throw"],"picked":"PathToVictory","floor":13.0},{"not_picked":["hexamod:SwordOfDarkness","Hidden Blade"],"picked":"Cleave","floor":14.0},{"not_picked":["Guardian:StasisEngine","Perfected Strike"],"picked":"sneckomod:SnakeSap","floor":15.0},{"not_picked":["champ:VampiricStrike","Reboot"],"picked":"Juggernaut","floor":16.0},{"not_picked":["Pommel Strike","Guardian:Gem_Lightblue"],"picked":"sneckomod:Unknown0Cost","floor":19.0},{"not_picked":["Slimebound:LeechEnergy","Tactician+1"],"picked":"ReplayTheSpireMod:Scrap Shanks","floor":21.0},{"not_picked":["Riddle With Holes","Abandon"],"picked":"Slimebound:SamplingLick","floor":22.0},{"not_picked":["EmptyBody","Guardian:ShieldSpikes"],"picked":"Cleave","floor":23.0},{"not_picked":["Sentinel+1","Stack+1"],"picked":"Slimebound:Schlurp+1","floor":23.0},{"not_picked":["champ:Lariat","hexamod:SpectersWail"],"picked":"champ:Devastate","floor":25.0},{"not_picked":["Guardian:PrismaticBeam+1","champ:TornadoPunch"],"picked":"Dark Embrace","floor":26.0},{"not_picked":["Fasting2","All Out Attack"],"picked":"Double Energy+1","floor":27.0},{"not_picked":["hexamod:FastForward","Guardian:ShieldSpikes"],"picked":"Footwork","floor":29.0},{"not_picked":["Coolheaded","hexamod:NightmareGuise"],"picked":"Guardian:Gem_Purple","floor":30.0},{"not_picked":["PathToVictory","Self Repair"],"picked":"Auto Shields","floor":31.0},{"not_picked":["Blade Dance","sneckomod:SoulCleanse"],"picked":"Replay:AtTheReady","floor":32.0},{"not_picked":["Machine Learning","Slimebound:WasteNot"],"picked":"Corruption","floor":33.0},{"not_picked":["hexamod:AdvancingGuard+1","Guardian:Gem_Green"],"picked":"champ:FaceSlap+1","floor":35.0},{"not_picked":["Blade Dance","champ:RisingSlash"],"picked":"sneckomod:QuickBite+1","floor":37.0},{"not_picked":["Dodge and Roll+1","Slimebound:GoopSpray"],"picked":"Aggregate+1","floor":38.0},{"not_picked":["ReplayTheSpireMod:Calculation Training","True Grit+1"],"picked":"Machine Learning","floor":39.0},{"not_picked":["TalkToTheHand","hexamod:AdvancingGuard+1"],"picked":"hexamod:GhostLash+1","floor":40.0},{"not_picked":["Backstab","Hologram"],"picked":"BootSequence+1","floor":42.0},{"not_picked":["Guardian:VentSteam","Consecrate+1"],"picked":"Dual Wield","floor":44.0},{"not_picked":["FollowUp","Armaments"],"picked":"Devotion","floor":45.0},{"not_picked":["Guardian:PiercingHide","Backflip+1"],"picked":"SashWhip+1","floor":46.0},{"not_picked":["ThirdEye","Guardian:Reroute"],"picked":"Searing Blow+1","floor":47.0},{"not_picked":["hexamod:ThirdSeal","Perseverance"],"picked":"Guardian:FuturePlans+1","floor":49}],"player_experience":119160,"relics_obtained":[{"floor":6.0,"key":"Meat on the Bone"},{"floor":8.0,"key":"Vajra"},{"floor":10.0,"key":"Replay:Rubber Ducky"},{"floor":23.0,"key":"Oddly Smooth Stone"},{"floor":24.0,"key":"StrikeDummy"},{"floor":25.0,"key":"Pet Ghost"},{"floor":28.0,"key":"Lantern"},{"floor":30.0,"key":"Red Mask"},{"floor":40.0,"key":"Happy Flower"},{"floor":40.0,"key":"Garlic"},{"floor":41.0,"key":"ReplayTheSpireMod:Spearhead"},{"floor":43.0,"key":"ReplayTheSpireMod:Ring of Collecting"},{"floor":43.0,"key":"ReplayTheSpireMod:Ring of Exchange"},{"floor":46.0,"key":"Shovel"},{"floor":46.0,"key":"War Paint"}],"event_choices":[{"damage_healed":0.0,"max_hp_gain":0.0,"max_hp_loss":0.0,"gold_gain":0.0,"event_name":"Scrap Ooze","player_choice":"Success","floor":4.0,"gold_loss":0.0,"damage_taken":3.0,"relics_obtained":["Dream Catcher"]},{"cards_removed":["Shame"],"damage_healed":0.0,"max_hp_gain":0.0,"max_hp_loss":0.0,"gold_gain":0.0,"event_name":"Purifier","player_choice":"Purged","floor":20.0,"gold_loss":0.0,"damage_taken":0.0},{"damage_healed":0.0,"max_hp_gain":0.0,"max_hp_loss":0.0,"gold_gain":0.0,"event_name":"Masked Bandits","player_choice":"Fought Bandits","floor":30.0,"gold_loss":0.0,"damage_taken":0.0},{"cards_removed":["Devotion"],"damage_healed":41,"gold_gain":0,"player_choice":"Offered Rare","damage_taken":0,"max_hp_gain":10,"max_hp_loss":0,"event_name":"Bonfire Elementals","floor":48,"gold_loss":0}],"is_beta":false,"boss_relics":[{"not_picked":["Empty Cage","Replay:Bronze Core"],"picked":"Mark of Pain"},{"not_picked":["expansioncontent:StudyCardRelic","Honey Jar"],"picked":"Black Star"}],"items_purged_floors":[],"is_endless":false,"potions_floor_spawned":[3,5,8,9,10,12,21,25,26,30,38,39,42,46,47],"ascension_level":0}}