{"host":"ig7tc0uedzltt2sr","time":1610054642,"event":{"mods":["BaseMod","Better Twitch Integration","Block Reminder","Colored Map","Colored Powertips","Communication Mod","Current Relic Mod","GifTheSpireLib","HexUI Lib","Minty Spire (QoL Compilation)","Quick Restart","Random Character Button","Rare Cards Sparkle","Relic Sorter","Relic Stats","Slay the Relics Exporter","StSLib","SuperFastMode","Synergy Search","Twitch Decklist","Twitch Utils","everything is the same but u backflip on backflip","slay the spire mod where everything is the same but ironclad has a cowboy hat"],"gold_per_floor":[119,119,119,119,195,195,195,205,258,270,6,0,0,17,17,17,17],"floor_reached":16,"playtime":121,"items_purged":[],"score":98,"play_id":"40d2196a-9314-410a-9f67-efecfe1c7220","local_time":"20210107132402","is_ascension_mode":false,"campfire_choices":[{"data":"Defend_R","floor":6,"key":"SMITH"},{"data":"Strike_R","floor":15,"key":"SMITH"}],"circlet_count":0,"master_deck":["Strike_R+1","Strike_R","Strike_R","Strike_R","Strike_R","Defend_R+1","Defend_R","Defend_R","Defend_R","Bash","Flame Barrier","Power Through","Cleave","Combust","Whirlwind","Rampage"],"relics":["Burning Blood","Lizard Tail","Regal Pillow","Centennial Puzzle"],"acts_visited":["Exordium"],"potions_floor_usage":[],"damage_taken":[{"damage":0,"enemies":"2 Louse","floor":1,"turns":5},{"damage":0,"enemies":"3 Sentries","floor":7,"turns":1},{"damage":3,"enemies":"Small Slimes","floor":8,"turns":7},{"damage":29,"enemies":"Jaw Worm","floor":10,"turns":15},{"damage":0,"enemies":"Looter","floor":12,"turns":5},{"damage":19,"enemies":"Lots of Slimes","floor":14,"turns":6},{"damage":111,"enemies":"The Guardian","floor":16,"turns":10}],"seed_played":"8811580651453470454","potions_obtained":[{"floor":1,"key":"SmokeBomb"},{"floor":14,"key":"Block Potion"}],"is_trial":false,"path_per_floor":["M","?","?","?","T","R","E","M","T","M","$","M","$","M","R","B"],"character_chosen":"IRONCLAD","items_purchased":["Combust","Weak Potion","Centennial Puzzle"],"campfire_rested":0,"item_purchase_floors":[11,11,11],"current_hp_per_floor":[88,88,88,85,85,85,88,88,88,65,65,71,71,58,58,0,0],"gold":17,"neow_bonus":"TEN_PERCENT_HP_BONUS","is_daily":false,"chose_seed":false,"campfire_upgraded":2,"win_rate":0.0,"timestamp":1610054642,"path_taken":["M","?","?","?","?","R","E","M","T","M","$","?","$","M","R","BOSS"],"items_purchased_type":["Card","Potion","Relic"],"build_version":"2020-12-22","purchased_purges":0,"victory":false,"max_hp_per_floor":[88,88,88,88,88,88,88,88,88,88,88,88,88,88,88,88,88],"relic_stats":{"Lizard Tail":44,"Regal Pillow":0,"Centennial Puzzle":[6],"counters":[7,49],"obtain_stats":[{"Lizard Tail":4,"Regal Pillow":9,"Centennial Puzzle":11,"Burning Blood":0},{"Lizard Tail":1,"Regal Pillow":3,"Centennial Puzzle":4,"Burning Blood":0},{"Lizard Tail":5,"Regal Pillow":13,"Centennial Puzzle":28,"Burning Blood":0}],"Burning Blood":24},"card_choices":[{"not_picked":["Wild Strike","Battle Trance"],"picked":"Flame Barrier","floor":1},{"not_picked":["Thunderclap","Whirlwind"],"picked":"Power Through","floor":8},{"not_picked":["Sword Boomerang","Twin Strike"],"picked":"Cleave","floor":10},{"not_picked":["Thunderclap","Battle Trance"],"picked":"Whirlwind","floor":12},{"not_picked":["Anger","Metallicize"],"picked":"Rampage","floor":14}],"player_experience":1454915,"relics_obtained":[{"floor":9,"key":"Regal Pillow"}],"event_choices":[{"damage_healed":29,"gold_gain":0,"player_choice":"Banana","damage_taken":0,"max_hp_gain":0,"max_hp_loss":0,"event_name":"Big Fish","floor":2,"gold_loss":0},{"damage_healed":0,"gold_gain":0,"player_choice":"Ignored","damage_taken":0,"max_hp_gain":0,"max_hp_loss":0,"event_name":"Golden Idol","floor":3,"gold_loss":0},{"damage_healed":0,"gold_gain":0,"player_choice":"Success","damage_taken":3,"relics_obtained":["Lizard Tail"],"max_hp_gain":0,"max_hp_loss":0,"event_name":"Scrap Ooze","floor":4,"gold_loss":0}],"is_beta":false,"boss_relics":[],"items_purged_floors":[],"is_endless":false,"potions_floor_spawned":[1,14],"killed_by":"The Guardian","ascension_level":0}}