{"host":"4oozkyb2rmpv0j2l","time":1610028926,"event":{"mods":["Act Like it!","Aspiration","BaseMod","Conspire","FutureSeer","Gensokyo","Hubris","KinomotoSakuraMod(ƒæ÷Æ±æ”£)","Koishi","KomeijiMod","Marisa£®ÏF”Í°°ƒß¿Ì…≥£©","Minty Spire (QoL Compilation)","Prisma Mod","Quick Restart","Rare Cards Sparkle","Reimu£®≤©¿ˆ¡È√Œ£©","Remilia£®¿Ÿ√◊¿Ú—«£©","Robot Space Explorer","Shop Mod","Spicy Shops","StSLib","TestMod","The Bladedancer","The Cursed","The Disciple","The Hierophant","The Mystic","The Necromancer","The Runesmith","The Servant 0.9.4","Yakumo Yukari mod","Youmu£®ªÍ∆«—˝√Œ£©","Yuyuko","vexMod","yUi","°æ“≈ŒÔø®≈∆°øREMEMod"],"gold_per_floor":[117,66,66,66,83,83,11,11,38,38,38],"floor_reached":10,"playtime":355,"items_purged":[],"score":62,"play_id":"b36fae00-bd3f-4e58-8a63-56df4c66a1d8","local_time":"20210107221526","is_ascension_mode":true,"campfire_choices":[{"data":"Adrenaline","floor":6,"key":"SMITH"},{"data":"Reunion after Death","floor":8,"key":"SMITH"}],"circlet_count":0,"master_deck":["Strike_MRS","Strike_MRS","Strike_MRS","Defend_MRS","Defend_MRS","MasterSpark","UpSweep","Reunion after Death+1","Gensokyo:Shovel","Adrenaline+1","hubris:Counter","Acrobatics"],"relics":["MiniHakkero","testmod-TestBox","REME_ComplimentaryCards","NeowsBlessing","testmod-AssaultLearning","Gensokyo:CelestialsFlawlessClothing","Art of War","Centennial Puzzle"],"acts_visited":["Gensokyo:Gensokyo"],"potions_floor_usage":[],"damage_taken":[{"damage":0.0,"enemies":"Gensokyo:Python","floor":1.0,"turns":1.0},{"damage":0,"enemies":"Gensokyo:Gryphon","floor":5,"turns":1},{"damage":0,"enemies":"Gensokyo:Cirno","floor":10,"turns":1}],"seed_played":"-1607872693002931231","potions_obtained":[{"floor":5,"key":"ColorlessPotion"}],"is_trial":false,"path_per_floor":["M","COS","?","?","M","R","$","R","T","E"],"character_chosen":"MARISA","items_purchased":["Art of War"],"campfire_rested":0,"item_purchase_floors":[7],"current_hp_per_floor":[75,75,75,57,57,57,57,57,57,57,57],"gold":38,"neow_bonus":"THREE_ENEMY_KILL","is_daily":false,"chose_seed":false,"campfire_upgraded":2,"win_rate":0.0,"timestamp":1610028926,"path_taken":["M","COS","?","?","M","R","?","R","T","E"],"items_purchased_type":["Relic"],"build_version":"2020-12-22","purchased_purges":0,"victory":false,"max_hp_per_floor":[75,75,75,75,75,75,75,75,75,75,75],"card_choices":[{"not_picked":["DC","AsteroidBelt","OpenUniverse"],"picked":"SKIP","floor":1.0},{"not_picked":["FairyDestructionRay","ChargeUpSpray","BlazeAway"],"picked":"SKIP","floor":5}],"player_experience":493695,"relics_obtained":[{"floor":9,"key":"Centennial Puzzle"}],"event_choices":[],"is_beta":false,"boss_relics":[],"items_purged_floors":[],"is_endless":false,"potions_floor_spawned":[5],"killed_by":"Gensokyo:Cirno","ascension_level":3}}