{"host":"jexbkylv34f8xu3o","time":1610044005,"event":{"mods":["AchievementEnabler","BaseMod","Colored Map","Colored Powertips","GifTheSpireLib","Highlight Path","Minty Spire (QoL Compilation)","Quick Restart","StSLib"],"gold_per_floor":[114,129,144,159,174,204,204,234,259,274,274,449,464,494,494,594,594,609,624,639,639,654,684,684,684,684,723,723,288,303,318,318,427,427,442,457,26,41,56,56,395,395,395,395,9,48,63,78,78,78],"floor_reached":51,"playtime":1854,"items_purged":[],"score":973,"play_id":"22283c0d-3efb-4fa3-984e-869860dea922","local_time":"20210107152645","daily_mods":["SealedDeck","Vintage","Lethality"],"is_ascension_mode":false,"campfire_choices":[{"data":"SashWhip","floor":7,"key":"SMITH"},{"data":"Consecrate","floor":11,"key":"SMITH"},{"data":"EmptyFist","floor":15,"key":"SMITH"},{"data":"EmptyFist","floor":24,"key":"SMITH"},{"data":"Ragnarok","floor":32,"key":"SMITH"},{"floor":40,"key":"REST"},{"data":"TalkToTheHand","floor":42,"key":"SMITH"},{"data":"Sadistic Nature","floor":44,"key":"SMITH"},{"data":"EmptyMind","floor":49,"key":"SMITH"}],"circlet_count":0,"master_deck":["EmptyBody","Swivel","EmptyFist+1","EmptyFist+1","EmptyMind+1","SashWhip+1","MentalFortress","Adaptation","Consecrate+1","FearNoEvil+1","Halt+1","DeusExMachina+1","InnerPeace+1","EmptyMind+1","Wireheading","FollowUp+1","Sadistic Nature+1","Ragnarok+1","WaveOfTheHand+1","FollowUp+1","Panacea+1","Finesse+1","LessonLearned+1","TalkToTheHand+1","Flash of Steel","Secret Weapon+1","Dramatic Entrance","Madness+1","Mayhem+1","Swift Strike"],"relics":["PureWater","TeardropLocket","Shuriken","Bronze Scales","Matryoshka","Mercury Hourglass","Vajra","Toxic Egg 2","MealTicket","Potion Belt","Meat on the Bone","Incense Burner","Happy Flower","Busted Crown","Mummified Hand","Anchor","Blood Vial","Question Card","Smiling Mask","CeramicFish","Pen Nib","The Courier","Lizard Tail","Whetstone","SlaversCollar","HornCleat","Ornamental Fan","Kunai","PrismaticShard","Bottled Tornado","Pear","Old Coin","Frozen Egg 2","Medical Kit","Dream Catcher","Yang","Strawberry"],"acts_visited":["Exordium","TheCity","TheBeyond"],"potions_floor_usage":[6,14,16,23,23,27,27,27,33,41,41,46,50,50],"damage_taken":[{"damage":7,"enemies":"Jaw Worm","floor":1,"turns":2},{"damage":0,"enemies":"2 Louse","floor":2,"turns":2},{"damage":0,"enemies":"Cultist","floor":3,"turns":3},{"damage":0,"enemies":"Looter","floor":4,"turns":2},{"damage":10,"enemies":"Large Slime","floor":5,"turns":4},{"damage":0,"enemies":"Gremlin Nob","floor":6,"turns":3},{"damage":2,"enemies":"3 Sentries","floor":8,"turns":3},{"damage":0,"enemies":"Gremlin Gang","floor":10,"turns":2},{"damage":0,"enemies":"3 Louse","floor":13,"turns":1},{"damage":3,"enemies":"Gremlin Nob","floor":14,"turns":3},{"damage":32,"enemies":"Hexaghost","floor":16,"turns":6},{"damage":1,"enemies":"Chosen","floor":18,"turns":3},{"damage":0,"enemies":"Spheric Guardian","floor":19,"turns":1},{"damage":4,"enemies":"Centurion and Healer","floor":20,"turns":4},{"damage":13,"enemies":"Snecko","floor":22,"turns":4},{"damage":0,"enemies":"Gremlin Leader","floor":23,"turns":4},{"damage":0,"enemies":"Slavers","floor":27,"turns":3},{"damage":0,"enemies":"Sentry and Sphere","floor":30,"turns":3},{"damage":1,"enemies":"Centurion and Healer","floor":31,"turns":2},{"damage":16,"enemies":"Automaton","floor":33,"turns":5},{"damage":3,"enemies":"Orb Walker","floor":35,"turns":2},{"damage":0,"enemies":"3 Darklings","floor":36,"turns":4},{"damage":0,"enemies":"Maw","floor":38,"turns":4},{"damage":31,"enemies":"4 Shapes","floor":39,"turns":3},{"damage":18,"enemies":"Reptomancer","floor":41,"turns":3},{"damage":0,"enemies":"Giant Head","floor":46,"turns":4},{"damage":0,"enemies":"Sphere and 2 Shapes","floor":47,"turns":2},{"damage":0,"enemies":"3 Darklings","floor":48,"turns":1},{"damage":66,"enemies":"Time Eater","floor":50,"turns":8}],"seed_played":"8350349167999303424","potions_obtained":[{"floor":2,"key":"BlessingOfTheForge"},{"floor":6,"key":"FearPotion"},{"floor":10,"key":"FairyPotion"},{"floor":14,"key":"DuplicationPotion"},{"floor":18,"key":"StancePotion"},{"floor":19,"key":"LiquidMemories"},{"floor":23,"key":"EntropicBrew"},{"floor":27,"key":"PowerPotion"},{"floor":35,"key":"Block Potion"},{"floor":39,"key":"FearPotion"},{"floor":41,"key":"SkillPotion"},{"floor":46,"key":"Swift Potion"}],"is_trial":false,"path_per_floor":["M","M","M","M","M","E","R","E","T","M","R","?","M","E","R","B",null,"M","M","M","?","M","E","R","?","T","E","?","$","M","M","R","B",null,"M","M","$","M","M","R","E","R","T","R","$","E","M","M","R","B",null],"character_chosen":"WATCHER","items_purchased":["Sadistic Nature","Ragnarok","WaveOfTheHand+1","FollowUp","Panacea+1","Finesse+1","Kunai","TalkToTheHand","PrismaticShard","Flash of Steel","Dramatic Entrance","Madness+1","Mayhem+1","Medical Kit"],"campfire_rested":1,"item_purchase_floors":[29,29,29,29,29,29,37,37,37,37,45,45,45,45],"current_hp_per_floor":[65,65,65,65,55,55,55,53,53,53,53,53,53,50,50,30,72,71,71,67,67,56,58,58,58,58,60,60,72,72,71,71,56,72,69,71,72,72,51,75,59,59,59,59,74,76,78,87,87,35],"gold":78,"neow_bonus":"","is_daily":true,"chose_seed":false,"campfire_upgraded":8,"win_rate":0.0,"timestamp":1610044005,"path_taken":["M","M","M","M","M","E","R","E","T","M","R","?","M","E","R","BOSS","M","M","M","?","M","E","R","?","T","E","?","$","?","M","R","BOSS","M","M","$","M","M","R","E","R","T","R","$","E","M","M","R","BOSS"],"items_purchased_type":["Card","Card","Card","Card","Card","Card","Relic","Card","Relic","Card","Card","Card","Card","Relic"],"build_version":"2020-12-22","purchased_purges":0,"victory":true,"max_hp_per_floor":[72,72,72,72,72,72,72,72,72,72,72,72,72,72,72,72,72,72,72,72,72,72,72,72,72,72,72,72,72,72,72,72,72,72,72,72,72,72,82,82,82,82,82,82,82,82,82,89,89,89],"card_choices":[{"not_picked":["CutThroughFate","Adaptation"],"picked":"EmptyFist","floor":6},{"not_picked":["DeceiveReality+1","PathToVictory+1"],"picked":"FearNoEvil","floor":8},{"not_picked":["Swivel+1","EmptyBody+1"],"picked":"Halt+1","floor":14},{"not_picked":["Establishment","Alpha+1"],"picked":"DeusExMachina+1","floor":16},{"not_picked":["Halt+1"],"picked":"InnerPeace+1","floor":23},{"not_picked":["CarveReality"],"picked":"FollowUp+1","floor":27},{"not_picked":["Judgement+1"],"picked":"LessonLearned","floor":33},{"not_picked":["Poisoned Stab+1"],"picked":"Secret Weapon+1","floor":41},{"not_picked":["Deadly Poison+1"],"picked":"Swift Strike","floor":46}],"player_experience":545018,"relics_obtained":[{"floor":1,"key":"TeardropLocket"},{"floor":2,"key":"Shuriken"},{"floor":3,"key":"Bronze Scales"},{"floor":4,"key":"Matryoshka"},{"floor":5,"key":"Mercury Hourglass"},{"floor":6,"key":"Vajra"},{"floor":8,"key":"Toxic Egg 2"},{"floor":9,"key":"MealTicket"},{"floor":9,"key":"Potion Belt"},{"floor":10,"key":"Meat on the Bone"},{"floor":13,"key":"Incense Burner"},{"floor":14,"key":"Happy Flower"},{"floor":18,"key":"Mummified Hand"},{"floor":19,"key":"Anchor"},{"floor":20,"key":"Blood Vial"},{"floor":22,"key":"Question Card"},{"floor":23,"key":"Smiling Mask"},{"floor":26,"key":"CeramicFish"},{"floor":26,"key":"Pen Nib"},{"floor":27,"key":"The Courier"},{"floor":30,"key":"Lizard Tail"},{"floor":31,"key":"Whetstone"},{"floor":35,"key":"HornCleat"},{"floor":36,"key":"Ornamental Fan"},{"floor":38,"key":"Bottled Tornado"},{"floor":39,"key":"Pear"},{"floor":41,"key":"Old Coin"},{"floor":43,"key":"Frozen Egg 2"},{"floor":46,"key":"Dream Catcher"},{"floor":47,"key":"Yang"},{"floor":48,"key":"Strawberry"}],"event_choices":[{"damage_healed":0,"gold_gain":175,"player_choice":"AGREE","damage_taken":0,"max_hp_gain":0,"max_hp_loss":0,"event_name":"Liars Game","floor":12,"gold_loss":0,"cards_obtained":["Doubt"]},{"damage_healed":0,"gold_gain":0,"player_choice":"Ignored","damage_taken":0,"max_hp_gain":0,"max_hp_loss":0,"event_name":"Ghosts","floor":21,"gold_loss":0},{"damage_healed":0,"gold_gain":0,"cards_transformed":["Halt","EmptyFist"],"player_choice":"Became Test Subject","damage_taken":0,"max_hp_gain":0,"max_hp_loss":0,"event_name":"Drug Dealer","floor":25,"gold_loss":0,"cards_obtained":["EmptyMind","Wireheading"]},{"cards_removed":["Doubt"],"damage_healed":0,"gold_gain":0,"player_choice":"Elegance","damage_taken":0,"max_hp_gain":0,"max_hp_loss":0,"event_name":"Back to Basics","floor":28,"gold_loss":0}],"is_beta":false,"boss_relics":[{"not_picked":["Philosopher\u0027s Stone","Sozu"],"picked":"Busted Crown"},{"not_picked":["Velvet Choker","VioletLotus"],"picked":"SlaversCollar"}],"items_purged_floors":[],"is_endless":false,"potions_floor_spawned":[2,6,10,14,18,19,23,27,35,39,41,46],"ascension_level":0}}