{"host":"dbkc9h3etq50r1dq","time":1610042277,"event":{"mods":["AchievementEnabler","BaseMod","Block Reminder","Colored Powertips","Curses Come First","Custom Start","Dark Map","Minty Spire (QoL Compilation)","Permanent Neow","Potion Indicator Mod","Rare Cards Sparkle","StSLib","SuperFastMode"],"gold_per_floor":[119,137,149,149,249,249,261,293,293,309,325,325,339,27,27,125,125,135,60,60,60,15,41,56,90,169,169,169,169],"floor_reached":28,"playtime":978,"items_purged":[],"score":323,"play_id":"d28d90f8-8732-4232-aeca-00529b9ab2bb","local_time":"20210108015757","is_ascension_mode":true,"campfire_choices":[{"data":"Whirlwind","floor":6.0,"key":"SMITH"},{"data":"Armaments","floor":12.0,"key":"SMITH"},{"data":"Shrug It Off","floor":15.0,"key":"SMITH"},{"floor":27,"key":"REST"}],"circlet_count":0,"master_deck":["Strike_R","Strike_R","Strike_R","Defend_R","Defend_R","Defend_R","Whirlwind+1","Searing Blow","Seeing Red","Sentinel","Armaments+1","Shrug It Off+1","Body Slam","Shrug It Off","Flex+1"],"relics":["Burning Blood","Anchor","MealTicket","Ice Cream","Empty Cage","Enchiridion","Shuriken","Omamori","Molten Egg 2"],"acts_visited":["Exordium","TheCity"],"potions_floor_usage":[],"damage_taken":[{"damage":2.0,"enemies":"2 Louse","floor":1.0,"turns":3.0},{"damage":3.0,"enemies":"Small Slimes","floor":2.0,"turns":4.0},{"damage":1.0,"enemies":"Cultist","floor":3.0,"turns":3.0},{"damage":1.0,"enemies":"Looter","floor":7.0,"turns":4.0},{"damage":15.0,"enemies":"3 Sentries","floor":8.0,"turns":5.0},{"damage":1.0,"enemies":"3 Louse","floor":10.0,"turns":3.0},{"damage":0.0,"enemies":"2 Fungi Beasts","floor":11.0,"turns":2.0},{"damage":6.0,"enemies":"Blue Slaver","floor":13.0,"turns":3.0},{"damage":80.0,"enemies":"The Guardian","floor":16.0,"turns":17.0},{"damage":0.0,"enemies":"2 Thieves","floor":18.0,"turns":2.0},{"damage":58.0,"enemies":"Gremlin Leader","floor":23.0,"turns":10.0},{"damage":0.0,"enemies":"3 Byrds","floor":24.0,"turns":5.0},{"damage":14,"enemies":"Slavers","floor":25,"turns":5},{"damage":66,"enemies":"Book of Stabbing","floor":28,"turns":6}],"seed_played":"7091868802642288173","potions_obtained":[{"floor":1.0,"key":"DuplicationPotion"},{"floor":7.0,"key":"Explosive Potion"},{"floor":13.0,"key":"Fruit Juice"},{"floor":16.0,"key":"AttackPotion"},{"floor":18.0,"key":"Fire Potion"},{"floor":23.0,"key":"BlessingOfTheForge"}],"is_trial":false,"path_per_floor":["M","M","M","?","?","R","M","E","T","M","M","R","M","$","R","B",null,"M","?","$","?","$","E","M","E","T","R","E"],"character_chosen":"IRONCLAD","items_purchased":["Ice Cream","Shrug It Off"],"campfire_rested":1,"item_purchase_floors":[14,22],"current_hp_per_floor":[80,80,80,73,73,73,78,69,69,74,80,80,85,85,85,11,67,73,73,85,69,84,32,38,30,30,55,0,0],"gold":169,"neow_bonus":"RANDOM_COMMON_RELIC","is_daily":false,"chose_seed":false,"campfire_upgraded":3,"win_rate":0.0,"timestamp":1610042277,"path_taken":["M","M","M","?","?","R","?","E","T","M","M","R","M","$","R","BOSS","M","?","$","?","$","E","M","E","T","R","E"],"items_purchased_type":["Relic","Card"],"build_version":"2020-12-22","purchased_purges":0,"victory":false,"max_hp_per_floor":[80,80,80,80,80,80,80,80,80,80,80,80,85,85,85,85,85,85,85,85,85,85,85,85,85,85,85,85,85],"card_choices":[{"not_picked":["Pummel","Combust","Warcry"],"picked":"SKIP","floor":1.0},{"not_picked":["Perfected Strike","Evolve"],"picked":"Whirlwind","floor":2.0},{"not_picked":["Iron Wave","Thunderclap"],"picked":"Searing Blow","floor":3.0},{"not_picked":["Sentinel","Flame Barrier"],"picked":"Seeing Red","floor":7.0},{"not_picked":["Flex","Twin Strike"],"picked":"Sentinel","floor":8.0},{"not_picked":["Second Wind","Dark Embrace"],"picked":"Armaments","floor":10.0},{"not_picked":["Clash","Sword Boomerang","Twin Strike"],"picked":"SKIP","floor":11.0},{"not_picked":["Fiend Fire","Armaments"],"picked":"Shrug It Off","floor":13.0},{"not_picked":["Perfected Strike","Wild Strike+1"],"picked":"Body Slam","floor":18.0},{"not_picked":["Heavy Blade","Headbutt","Dropkick"],"picked":"SKIP","floor":23.0},{"not_picked":["True Grit+1","Reaper","Wild Strike+1"],"picked":"SKIP","floor":24.0},{"not_picked":["Sever Soul+1","Brutality"],"picked":"Flex+1","floor":25}],"player_experience":116588,"relics_obtained":[{"floor":8.0,"key":"MealTicket"},{"floor":21.0,"key":"Enchiridion"},{"floor":23.0,"key":"Shuriken"},{"floor":25,"key":"Omamori"},{"floor":26,"key":"Molten Egg 2"}],"event_choices":[{"cards_removed":["Defend_R"],"damage_healed":0.0,"max_hp_gain":0.0,"max_hp_loss":0.0,"gold_gain":0.0,"event_name":"Golden Wing","player_choice":"Card Removal","floor":4.0,"gold_loss":0.0,"damage_taken":7.0},{"damage_healed":0.0,"max_hp_gain":0.0,"max_hp_loss":0.0,"gold_gain":100.0,"event_name":"Wheel of Change","player_choice":"Gold","floor":5.0,"gold_loss":0.0,"damage_taken":0.0},{"cards_removed":["Bash"],"damage_healed":0.0,"max_hp_gain":0.0,"max_hp_loss":0.0,"gold_gain":0.0,"event_name":"Beggar","player_choice":"Gave Gold","floor":19.0,"gold_loss":75.0,"damage_taken":0.0},{"damage_healed":0.0,"max_hp_gain":0.0,"max_hp_loss":0.0,"gold_gain":0.0,"event_name":"Cursed Tome","player_choice":"Obtained Book","floor":21.0,"gold_loss":0.0,"damage_taken":16.0}],"is_beta":false,"boss_relics":[{"not_picked":["Busted Crown","Pandora\u0027s Box"],"picked":"Empty Cage"}],"items_purged_floors":[],"is_endless":false,"potions_floor_spawned":[1,7,13,16,18,23],"killed_by":"Book of Stabbing","ascension_level":5}}