{"host":"9709z2dy8v1s63sm","time":1610029389,"event":{"mods":["AchievementEnabler","BaseMod","Minty Spire (QoL Compilation)","StSLib","SuperFastMode"],"gold_per_floor":[113,127,127,52,127,127,127,152,152,183,40,40,74,91,91,91,91],"floor_reached":16,"playtime":435,"items_purged":["Strike_R"],"score":183,"play_id":"f5783ebe-1549-44a5-ad2c-f86d5af93f3e","local_time":"20210107232309","is_ascension_mode":true,"campfire_choices":[{"data":"Shockwave","floor":6,"key":"SMITH"},{"floor":12,"key":"RECALL"},{"data":"Feed","floor":15,"key":"SMITH"}],"circlet_count":0,"master_deck":["Strike_R","Strike_R","Strike_R","Defend_R","Defend_R","Defend_R","Defend_R","Bash","Shockwave+1","Feed+1","Shrug It Off"],"relics":["Burning Blood","NeowsBlessing","MealTicket","PreservedInsect","Mummified Hand","Omamori","Pen Nib"],"acts_visited":["Exordium"],"potions_floor_usage":[10,16,16,16,16],"damage_taken":[{"damage":0,"enemies":"Cultist","floor":1,"turns":1},{"damage":0,"enemies":"Jaw Worm","floor":2,"turns":1},{"damage":0,"enemies":"Gremlin Nob","floor":8,"turns":1},{"damage":45,"enemies":"3 Sentries","floor":10,"turns":9},{"damage":24,"enemies":"Gremlin Nob","floor":13,"turns":5},{"damage":1,"enemies":"2 Louse","floor":14,"turns":3},{"damage":68,"enemies":"The Guardian","floor":16,"turns":14}],"seed_played":"-5382381890675928879","potions_obtained":[{"floor":2,"key":"BloodPotion"},{"floor":8,"key":"EntropicBrew"}],"is_trial":false,"path_per_floor":["M","M","?","$","?","R","?","E","T","E","$","R","E","M","R","B"],"character_chosen":"IRONCLAD","items_purchased":["Omamori"],"campfire_rested":0,"item_purchase_floors":[11],"current_hp_per_floor":[78,80,73,73,62,62,67,73,73,51,66,66,48,56,56,0,0],"gold":91,"neow_bonus":"THREE_ENEMY_KILL","is_daily":false,"chose_seed":false,"campfire_upgraded":2,"win_rate":0.0,"timestamp":1610029389,"path_taken":["M","?","?","?","?","R","?","E","T","E","$","R","E","M","R","BOSS"],"items_purchased_type":["Relic"],"build_version":"2020-12-22","purchased_purges":1,"victory":false,"max_hp_per_floor":[80,80,80,80,80,80,85,85,85,85,85,85,85,88,88,88,88],"card_choices":[{"not_picked":["Perfected Strike","Dual Wield","Twin Strike"],"picked":"SKIP","floor":1},{"not_picked":["Intimidate","Clothesline"],"picked":"Shockwave","floor":2},{"not_picked":["Twin Strike","Iron Wave","Heavy Blade"],"picked":"SKIP","floor":8},{"not_picked":["Warcry","Entrench","Rampage"],"picked":"SKIP","floor":10},{"not_picked":["Wild Strike","Cleave"],"picked":"Feed","floor":13},{"not_picked":["Headbutt","Anger"],"picked":"Shrug It Off","floor":14}],"player_experience":47350,"relics_obtained":[{"floor":8,"key":"MealTicket"},{"floor":9,"key":"PreservedInsect"},{"floor":10,"key":"Mummified Hand"},{"floor":13,"key":"Pen Nib"}],"event_choices":[{"cards_removed":["Strike_R"],"damage_healed":0,"gold_gain":0,"player_choice":"Card Removal","damage_taken":7,"max_hp_gain":0,"max_hp_loss":0,"event_name":"Golden Wing","floor":3,"gold_loss":0},{"damage_healed":0,"gold_gain":75,"player_choice":"Gather Gold","damage_taken":11,"max_hp_gain":0,"max_hp_loss":0,"event_name":"World of Goop","floor":5,"gold_loss":0},{"damage_healed":0,"gold_gain":0,"player_choice":"Donut","damage_taken":0,"max_hp_gain":5,"max_hp_loss":0,"event_name":"Big Fish","floor":7,"gold_loss":0}],"is_beta":false,"boss_relics":[],"items_purged_floors":[4],"is_endless":false,"potions_floor_spawned":[2,8],"killed_by":"The Guardian","ascension_level":6}}