{"host":"g0kvl32a5uvdvg3r","time":1610047635,"event":{"mods":["BaseMod","Hermit","Minty Spire (QoL Compilation)","Replay The Spire","Shop Mod","StSLib"],"gold_per_floor":[114,114,129,144,144,174,174,174,199,215,230,245,260,275,275,375,375,390,330,80,95,95,95],"floor_reached":22,"playtime":1162,"items_purged":[],"score":188,"play_id":"108a9813-bd06-4705-9b6f-69990fe1c19f","local_time":"20210107192715","daily_mods":["SealedDeck","Green Cards","Lethality"],"is_ascension_mode":false,"campfire_choices":[{"floor":7,"key":"REST"},{"floor":15,"key":"REST"}],"circlet_count":0,"master_deck":["hermit:Dive","hermit:Coalescence","hermit:Horror","hermit:Quickdraw","hermit:Glare","hermit:BigShot+1","hermit:Vantage","hermit:BigShot+1","hermit:Dive","hermit:SprayPray","hermit:Snipe","hermit:Combo","hermit:Vantage","hermit:Glare","hermit:Combo","hermit:Virtue","hermit:TakeAim","hermit:Enervate","hermit:Dissolve+1","hermit:Enervate+1","hermit:SprayPray"],"relics":["hermit:Momento","Golden Egg","Replay:Bottled Eggs","Orichalcum","Odd Mushroom","Black Star","Kunai"],"acts_visited":["Exordium","TheCity"],"potions_floor_usage":[10,12,13,21,22],"damage_taken":[{"damage":10,"enemies":"Jaw Worm","floor":1,"turns":4},{"damage":0,"enemies":"2 Louse","floor":3,"turns":1},{"damage":5,"enemies":"Cultist","floor":4,"turns":3},{"damage":7,"enemies":"Replay:BlueRogue","floor":6,"turns":5},{"damage":0,"enemies":"The Mushroom Lair","floor":10,"turns":4},{"damage":4,"enemies":"Looter","floor":11,"turns":4},{"damage":3,"enemies":"Large Slime","floor":12,"turns":5},{"damage":6,"enemies":"Gremlin Gang","floor":13,"turns":2},{"damage":5,"enemies":"3 Louse","floor":14,"turns":5},{"damage":6,"enemies":"Slime Boss","floor":16,"turns":5},{"damage":6,"enemies":"Chosen","floor":18,"turns":3},{"damage":21,"enemies":"2 Thieves","floor":21,"turns":4},{"damage":59,"enemies":"Sentry and Sphere","floor":22,"turns":5}],"seed_played":"8350349167999303424","potions_obtained":[{"floor":3,"key":"Adrenaline Potion"},{"floor":11,"key":"SkillPotion"},{"floor":12,"key":"Explosive Potion"},{"floor":16,"key":"FearPotion"},{"floor":18,"key":"LifebloodPotion"}],"is_trial":false,"path_per_floor":["M","?","M","M","?","E","R","?","T","?","M","M","M","M","R","B",null,"M","?","$","M","M"],"character_chosen":"HERMIT","items_purchased":["Kunai"],"campfire_rested":2,"item_purchase_floors":[20],"current_hp_per_floor":[65,65,65,60,35,28,50,50,50,50,46,43,37,32,54,48,75,69,69,69,48,0,0],"gold":95,"neow_bonus":"","is_daily":true,"chose_seed":false,"campfire_upgraded":0,"win_rate":0.0,"timestamp":1610047635,"path_taken":["M","?","M","M","?","E","R","?","T","?","M","M","M","M","R","BOSS","M","?","$","M","M"],"items_purchased_type":["Relic"],"build_version":"2020-12-22","purchased_purges":0,"victory":false,"max_hp_per_floor":[75,75,75,75,75,75,75,75,75,75,75,75,75,75,75,75,75,75,75,75,75,75,75],"card_choices":[{"not_picked":["hermit:ItchyTrigger","hermit:Grudge"],"picked":"hermit:Snipe","floor":1},{"not_picked":["hermit:ShadowCloak","hermit:Quickdraw"],"picked":"hermit:Combo","floor":3},{"not_picked":["hermit:Midnight","hermit:Headshot"],"picked":"hermit:Vantage","floor":4},{"not_picked":["hermit:Ricochet","hermit:HoleUp"],"picked":"hermit:Glare","floor":6},{"not_picked":["hermit:FatalDesire","hermit:Manifest"],"picked":"hermit:Combo","floor":10},{"not_picked":["hermit:Desperado","hermit:Headshot"],"picked":"hermit:Virtue","floor":11},{"not_picked":["hermit:Brawl","hermit:Horror"],"picked":"hermit:TakeAim","floor":12},{"not_picked":["hermit:Feint","hermit:Snipe","hermit:HighCaliber"],"picked":"SKIP","floor":13},{"not_picked":["hermit:TrackingShot","hermit:HighCaliber"],"picked":"hermit:Enervate","floor":14},{"not_picked":["hermit:FatalDesire","hermit:Adapt"],"picked":"hermit:Dissolve","floor":16},{"not_picked":["hermit:Cheat","hermit:Desperado"],"picked":"hermit:Enervate+1","floor":18},{"not_picked":["hermit:Vantage","hermit:Feint+1"],"picked":"hermit:SprayPray","floor":21}],"player_experience":1132947,"relics_obtained":[{"floor":6,"key":"Replay:Bottled Eggs"},{"floor":9,"key":"Orichalcum"},{"floor":10,"key":"Odd Mushroom"}],"event_choices":[{"damage_healed":0,"gold_gain":0,"player_choice":"Ignored","damage_taken":0,"max_hp_gain":0,"max_hp_loss":0,"event_name":"Golden Wing","floor":2,"gold_loss":0},{"damage_healed":0,"gold_gain":0,"player_choice":"Success","damage_taken":25,"relics_obtained":["Golden Egg"],"max_hp_gain":0,"max_hp_loss":0,"event_name":"Scrap Ooze","floor":5,"gold_loss":0},{"damage_healed":0,"gold_gain":0,"player_choice":"Fought Mushrooms","damage_taken":0,"max_hp_gain":0,"max_hp_loss":0,"event_name":"Mushrooms","floor":10,"gold_loss":0}],"is_beta":false,"boss_relics":[{"not_picked":["Replay:Grab Bag","Abe\u0027s Treasure"],"picked":"Black Star"}],"items_purged_floors":[],"is_endless":false,"potions_floor_spawned":[3,11,12,16,18],"killed_by":"Sentry and Sphere","ascension_level":0}}