{"host":"7yela8q99r8dgl9y","time":1610003525,"event":{"mods":["AchievementEnabler","Act Like it!","Aspiration","BaseMod","BetterRewards","Challenge The Spire","Colored Map","Colored Powertips","Conspire","DeckTracker","GifTheSpireLib","Googly Eyes","Halation","Highlight Path","Hubris","Infinite Spire","Jorbs\u0027s Wanderer Trilogy","Minty Spire (QoL Compilation)","Quick Restart","Rare Cards Sparkle","Replay The Spire","Spikes Relics","StSLib","Stuff the Spire","The Jungle","vexMod"],"gold_per_floor":[116,116,116,116,116,116,132,146,146,174,174,53,53,53,53,65,65,65,65],"floor_reached":18,"playtime":2152,"items_purged":[],"score":140,"play_id":"c987be1e-6205-49cd-9b66-4167069c038a","local_time":"20210106231205","is_ascension_mode":true,"campfire_choices":[{"data":"infinitespire:Collect","floor":6.0,"key":"SMITH"},{"floor":15.0,"key":"REST"},{"floor":17.0,"key":"REST"}],"circlet_count":0,"master_deck":["conspire:GhostlyStrike","conspire:GhostlyStrike","conspire:GhostlyDefend","conspire:GhostlyDefend","conspire:GhostlyDefend","Eruption","Vigilance","Replay:Hum","ReplayTheSpireMod:Restless Dread","stsjorbsmod:Amnesia","infinitespire:Collect+1","FlurryOfBlows","DevaForm","Prostrate","Dagger Throw","Replay:Bag of Tricks","Unload","PathToVictory","MentalFortress","Conclude"],"relics":["halation:SimulatedSpire","hubris:Metronome","SpikesRelics:ToyHorsey","GoldenEye"],"acts_visited":["Exordium"],"potions_floor_usage":[],"damage_taken":[{"damage":10.0,"enemies":"Jaw Worm","floor":1.0,"turns":4.0},{"damage":0.0,"enemies":"2 Louse","floor":7.0,"turns":2.0},{"damage":17.0,"enemies":"conspire:RoseBush","floor":8.0,"turns":2.0},{"damage":26.0,"enemies":"Gremlin Nob","floor":10.0,"turns":4.0},{"damage":11.0,"enemies":"Looter","floor":16.0,"turns":3.0},{"damage":0,"enemies":"The Guardian","floor":18,"turns":1}],"seed_played":"3110137122336853100","potions_obtained":[{"floor":7.0,"key":"StancePotion"},{"floor":16.0,"key":"FearPotion"}],"is_trial":false,"path_per_floor":["M","?","?","?","T","R","M","M","T","E","?","$","PTL","PTL","R","M","R","B"],"character_chosen":"WATCHER","items_purchased":["PathToVictory","MentalFortress"],"campfire_rested":2,"item_purchase_floors":[12,12],"current_hp_per_floor":[55,72,72,72,72,72,72,55,55,29,29,29,29,29,50,39,60,60,60],"gold":65,"neow_bonus":"SIMULATED_SPIRE","is_daily":false,"chose_seed":false,"campfire_upgraded":1,"win_rate":0.0,"timestamp":1610003525,"path_taken":["M","?","?","?","?","R","M","M","T","E","?","?","PTL","PTL","R","?","R","BOSS"],"items_purchased_type":["Card","Card"],"build_version":"2020-12-22","purchased_purges":0,"victory":false,"max_hp_per_floor":[72,72,72,72,72,72,72,72,72,72,72,72,72,72,72,72,72,72,72],"card_choices":[{"not_picked":["Crescendo","Indignation"],"picked":"Replay:Hum","floor":1.0},{"not_picked":["ReplayTheSpireMod:Haul","infinitespire:SealOfDarkness+"],"picked":"infinitespire:Collect","floor":4.0},{"not_picked":["FlyingSleeves","InnerPeace"],"picked":"FlurryOfBlows","floor":7.0},{"not_picked":["FlurryOfBlows","SashWhip"],"picked":"DevaForm","floor":8.0},{"not_picked":["Crescendo","JustLucky"],"picked":"Prostrate","floor":10.0},{"not_picked":["WheelKick","WindmillStrike"],"picked":"Conclude","floor":16.0}],"player_experience":661157,"relics_obtained":[{"floor":5.0,"key":"hubris:Metronome"},{"floor":9.0,"key":"SpikesRelics:ToyHorsey"},{"floor":10.0,"key":"GoldenEye"}],"event_choices":[{"damage_healed":24.0,"max_hp_gain":0.0,"max_hp_loss":0.0,"gold_gain":0.0,"event_name":"Big Fish","player_choice":"Banana","floor":2.0,"gold_loss":0.0,"damage_taken":0.0},{"damage_healed":0.0,"max_hp_gain":0.0,"max_hp_loss":0.0,"gold_gain":0.0,"event_name":"conspire:LoneGhost","player_choice":"Agree","floor":3.0,"gold_loss":0.0,"damage_taken":0.0}],"is_beta":false,"boss_relics":[],"items_purged_floors":[],"is_endless":false,"potions_floor_spawned":[7,16],"killed_by":"The Guardian","ascension_level":6}}