{"host":"6ld56ls1xbe0aj21","time":1610031377,"event":{"mods":["AchievementEnabler","BaseMod","Colored Powertips","Minty Spire (QoL Compilation)","Quick Restart","Rare Cards Sparkle","StSLib","SuperFastMode","everything is the same but u backflip on backflip","slay the spire mod where everything is the same but ironclad has a cowboy hat"],"gold_per_floor":[369,5,5,5,16,48,48,82,109,109,124,149,168,182,182,282,282,298,298,11,11,11,11,11,11],"floor_reached":24,"playtime":951,"items_purged":["Decay"],"score":364,"play_id":"bb3095cb-9de9-4bf3-8852-8861fc0fb014","local_time":"20210108015617","is_ascension_mode":true,"campfire_choices":[{"floor":7.0,"key":"REST"},{"floor":10.0,"key":"REST"},{"floor":15.0,"key":"REST"},{"floor":23.0,"key":"REST"}],"circlet_count":0,"master_deck":["AscendersBane","Strike_R+1","Strike_R+1","Strike_R+1","Strike_R+1","Defend_R+1","Defend_R+1","Defend_R+1","Defend_R+1","Bash","Pommel Strike","Warcry","Disarm","Power Through","Havoc","Bloodletting","Seeing Red","Barricade","Burning Pact+1"],"relics":["Burning Blood","Dead Branch","War Paint","Gremlin Horn","Akabeko","Pear","Black Star","TungstenRod","MutagenicStrength"],"acts_visited":["Exordium","TheCity"],"potions_floor_usage":[],"damage_taken":[{"damage":13.0,"enemies":"Cultist","floor":1.0,"turns":4.0},{"damage":12.0,"enemies":"Small Slimes","floor":5.0,"turns":4.0},{"damage":45.0,"enemies":"Lagavulin","floor":6.0,"turns":8.0},{"damage":14.0,"enemies":"Gremlin Nob","floor":8.0,"turns":3.0},{"damage":0.0,"enemies":"Jaw Worm","floor":11.0,"turns":4.0},{"damage":29.0,"enemies":"Lagavulin","floor":12.0,"turns":9.0},{"damage":10.0,"enemies":"Looter","floor":13.0,"turns":3.0},{"damage":3.0,"enemies":"Lots of Slimes","floor":14.0,"turns":1.0},{"damage":53.0,"enemies":"Hexaghost","floor":16.0,"turns":13.0},{"damage":26.0,"enemies":"2 Thieves","floor":18.0,"turns":5.0},{"damage":41,"enemies":"Gremlin Leader","floor":24,"turns":6}],"seed_played":"-2443822236283886897","potions_obtained":[{"floor":4.0,"key":"LiquidMemories"},{"floor":4.0,"key":"Explosive Potion"},{"floor":5.0,"key":"FairyPotion"},{"floor":11.0,"key":"SpeedPotion"},{"floor":18.0,"key":"SpeedPotion"}],"is_trial":false,"path_per_floor":["M","$","?","?","M","E","R","E","T","R","M","E","M","M","R","B",null,"M","?","$","?","?","R","E"],"character_chosen":"IRONCLAD","items_purchased":["Dead Branch","TungstenRod"],"campfire_rested":4,"item_purchase_floors":[2,20],"current_hp_per_floor":[65,65,58,58,52,13,37,29,29,53,59,46,42,45,72,25,74,54,36,36,36,36,64,23,23],"gold":11,"neow_bonus":"TWO_FIFTY_GOLD","is_daily":false,"chose_seed":false,"campfire_upgraded":0,"win_rate":0.0,"timestamp":1610031377,"path_taken":["M","$","?","?","?","E","R","E","T","R","M","E","M","M","R","BOSS","M","?","$","?","?","R","E"],"items_purchased_type":["Relic","Relic"],"build_version":"2020-12-22","purchased_purges":1,"victory":false,"max_hp_per_floor":[80,80,80,80,80,80,80,80,80,80,80,90,90,90,90,90,90,90,95,95,95,95,95,95,95],"card_choices":[{"not_picked":["Dark Embrace","Twin Strike"],"picked":"Pommel Strike","floor":1.0},{"not_picked":["Whirlwind","Iron Wave"],"picked":"Warcry","floor":5.0},{"not_picked":["Thunderclap","Havoc"],"picked":"Disarm","floor":6.0},{"not_picked":["Berserk","True Grit"],"picked":"Power Through","floor":8.0},{"not_picked":["Shrug It Off","Heavy Blade"],"picked":"Havoc","floor":11.0},{"not_picked":["Thunderclap","Reckless Charge"],"picked":"Bloodletting","floor":12.0},{"not_picked":["True Grit","Headbutt","Cleave"],"picked":"SKIP","floor":13.0},{"not_picked":["Perfected Strike","Twin Strike"],"picked":"Seeing Red","floor":14.0},{"not_picked":["Berserk","Immolate"],"picked":"Barricade","floor":16.0},{"not_picked":["Havoc","Infernal Blade"],"picked":"Burning Pact+1","floor":18.0}],"player_experience":300294,"relics_obtained":[{"floor":6.0,"key":"War Paint"},{"floor":8.0,"key":"Gremlin Horn"},{"floor":9.0,"key":"Akabeko"},{"floor":12.0,"key":"Pear"}],"event_choices":[{"cards_removed":["Strike_R"],"damage_healed":0.0,"max_hp_gain":0.0,"max_hp_loss":0.0,"gold_gain":0.0,"event_name":"Golden Wing","player_choice":"Card Removal","floor":3.0,"gold_loss":0.0,"damage_taken":7.0},{"damage_healed":0.0,"max_hp_gain":0.0,"max_hp_loss":0.0,"gold_gain":0.0,"event_name":"Lab","player_choice":"Got Potions","floor":4.0,"gold_loss":0.0,"damage_taken":0.0},{"damage_healed":0.0,"max_hp_gain":5.0,"max_hp_loss":0.0,"gold_gain":0.0,"event_name":"Forgotten Altar","player_choice":"Shed Blood","floor":19.0,"gold_loss":0.0,"damage_taken":23.0},{"damage_healed":0.0,"max_hp_gain":0.0,"max_hp_loss":0.0,"gold_gain":0.0,"event_name":"Back to Basics","player_choice":"Simplicity","floor":21.0,"gold_loss":0.0,"damage_taken":0.0,"cards_upgraded":["Strike_R","Strike_R","Strike_R","Strike_R","Defend_R","Defend_R"]},{"damage_healed":0.0,"max_hp_gain":0.0,"max_hp_loss":0.0,"gold_gain":0.0,"event_name":"Drug Dealer","player_choice":"Inject Mutagens","floor":22.0,"gold_loss":0.0,"damage_taken":0.0,"relics_obtained":["MutagenicStrength"]}],"is_beta":false,"boss_relics":[{"not_picked":["Philosopher\u0027s Stone","Empty Cage"],"picked":"Black Star"}],"items_purged_floors":[2],"is_endless":false,"potions_floor_spawned":[5,11,16,18],"killed_by":"Gremlin Leader","ascension_level":12}}