{"host":"n900smz9wr3yo27a","time":1610021098,"event":{"mods":["Arknights The Spire","BaseMod","CapriCore","GungeonMod","Hermit","Koishi","Lobotomy","Marisa£¨Ùöéë¡¡Øª×âÞÞ£©","Minty Spire (QoL Compilation)","Prisma Mod","Replay The Spire","StSLib","Td1madao Mod","The Animator","The Bug Knight","The Cursed","The Dragon Tamer","The Gatherer","The Hierophant","The Immortal","The Jungle","The Necromancer","The Poker Player","The Runesmith","WarShipGirlsR/??á´Ò³R mod"],"gold_per_floor":[115,40,40,40,40,40,81,81,108,139,154,178,192,192,192,317,317,336,435,187,213,228,271,271,305,305,321,362,362,362,237,237,356,356,380,230,230,230,251,251,292,117,117,176,0,39,78,91,91,91],"floor_reached":51,"playtime":2104,"items_purged":["HollowMod:Grubsong","HollowMod:InfectedCysts","HollowMod:GoodIntentions","HollowMod:CoiledNail","HollowMod:InfectedAttack+1","HollowMod:ShadowDash"],"score":1150,"play_id":"52ee503c-414b-445e-93c0-4ef4367629ef","local_time":"20210107210458","daily_mods":["Draft","Vintage","Heirloom","Time Dilation","Flight","DeadlyEvents","Elite Swarm"],"is_ascension_mode":false,"campfire_choices":[{"data":"HollowMod:VengefulVoid","floor":6,"key":"SMITH"},{"floor":8,"key":"REST"},{"data":"HollowMod:VengefulVoid","floor":15,"key":"SMITH"},{"data":"HollowMod:VoidDash","floor":24,"key":"SMITH"},{"data":"HollowMod:VoidDash","floor":29,"key":"SMITH"},{"data":"HollowMod:BlackTendrils","floor":30,"key":"SMITH"},{"data":"HollowMod:SiblingsSouls","floor":32,"key":"SMITH"},{"data":"HollowMod:Weaversong","floor":40,"key":"SMITH"},{"floor":49,"key":"DIG"}],"circlet_count":0,"master_deck":["HollowMod:BlackTendrils+1","HollowMod:DescendingDark","HollowMod:SiblingsSouls+1","HollowMod:WraithStrike","HollowMod:HuntersJournal","HollowMod:ShadowDash","HollowMod:VengefulVoid+1","HollowMod:Weaversong+1","HollowMod:VengefulVoid+1","HollowMod:DescendingDark+1","HollowMod:VoidDash+1","HollowMod:CloakDash","HollowMod:VoidDash+1","HollowMod:CloakDash","HollowMod:VoidDash","ReplayTheSpireMod:Brewmster+1","HollowMod:LifebloodCore+1"],"relics":["HollowMod:VesselMask","replay:Trail_Library","DemoMod:Antibody","Blood Vial","Golden Idol","Mercury Hourglass","DemoMod:ClearGuonStone","Runesmith:AutoHammer","DemoMod:MeltedRock","HollowMod:MillibellesNoteRelic","PreservedInsect","Empty Cage","Ice Cream","Bronze Scales","Strawberry","Boot","DemoMod:WeirdEgg","HollowMod:KingsBrand","InkBottle","HornCleat","Whetstone","Runic Dome","Golden Egg","Omamori","Vajra","Garlic","Oddly Smooth Stone","Potion Belt","HollowMod:PaleOreRelic","MealTicket","Akabeko"],"acts_visited":["Exordium","TheCity","TheBeyond"],"potions_floor_usage":[10,16,16,41,44,44,44,44,46,46,46,46,47,47,47,48,48,50,50,50,50,51,51,51,51,51,51,51,51,51,51,51,51,51,51],"damage_taken":[{"damage":12,"enemies":"Cultist","floor":1,"turns":3},{"damage":36,"enemies":"3 Sentries","floor":7,"turns":3},{"damage":10,"enemies":"Replay:BlueRogue","floor":10,"turns":3},{"damage":11,"enemies":"Jaw Worm","floor":11,"turns":2},{"damage":0,"enemies":"2 Louse","floor":12,"turns":1},{"damage":7,"enemies":"Blue Slaver","floor":13,"turns":2},{"damage":33,"enemies":"HollowMod:FalseKnight","floor":16,"turns":6},{"damage":16,"enemies":"Chosen","floor":18,"turns":3},{"damage":11,"enemies":"3 Byrds","floor":22,"turns":2},{"damage":18,"enemies":"Gremlin Leader","floor":23,"turns":2},{"damage":26,"enemies":"HollowMod:Nosk","floor":25,"turns":5},{"damage":0,"enemies":"3 Cultists","floor":27,"turns":2},{"damage":12,"enemies":"Gremlin Leader","floor":28,"turns":2},{"damage":14,"enemies":"Pondfish","floor":33,"turns":6},{"damage":0,"enemies":"Orb Walker","floor":35,"turns":2},{"damage":9,"enemies":"3 Shapes","floor":39,"turns":1},{"damage":12,"enemies":"Reptomancer","floor":41,"turns":3},{"damage":36,"enemies":"Giant Head","floor":44,"turns":7},{"damage":3,"enemies":"R_Hoarder","floor":46,"turns":5},{"damage":0,"enemies":"Giant Head","floor":47,"turns":5},{"damage":10,"enemies":"Writhing Mass","floor":48,"turns":3},{"damage":56,"enemies":"Awakened One","floor":50,"turns":9},{"damage":40,"enemies":"Malkuth","floor":51,"turns":7},{"damage":38,"enemies":"Netzach","floor":51,"turns":9}],"seed_played":"6304688407665047921","potions_obtained":[{"floor":7,"key":"BlessingOfTheForge"},{"floor":10,"key":"Adrenaline Potion"},{"floor":11,"key":"SkillPotion"},{"floor":27,"key":"SpeedPotion"},{"floor":28,"key":"EssenceOfSteel"},{"floor":44,"key":"Swift Potion"},{"floor":46,"key":"FearPotion"}],"is_trial":true,"path_per_floor":["M","$","?","?","?","R","E","R","T","E","M","M","M","T","R","B",null,"M","?","$","T","M","E","R","E","T","M","E","R","R","$","R","B",null,"M","$","?","?","M","R","E","$","T","E","$","E","E","M","R","B",null],"character_chosen":"THE_BUGKNIGHT","items_purchased":["Bronze Scales"],"campfire_rested":1,"item_purchase_floors":[20],"current_hp_per_floor":[66,66,59,41,41,41,10,32,32,28,26,28,33,33,33,7,75,59,59,59,73,66,52,52,38,38,46,40,40,40,40,40,42,82,82,82,82,82,73,73,70,70,70,58,58,59,82,81,81,36],"gold":91,"neow_bonus":"","is_daily":false,"chose_seed":false,"campfire_upgraded":7,"win_rate":0.0,"timestamp":1610021098,"path_taken":["M","?","?","?","?","R","E","R","T","?","?","M","M","?","R","BOSS","M","?","?","?","M","E","R","E","T","?","E","R","R","$","R","BOSS","M","$","?","?","?","R","E","$","T","E","?","E","?","M","R","BOSS"],"items_purchased_type":["Relic"],"build_version":"2020-12-22","purchased_purges":6,"victory":true,"max_hp_per_floor":[75,75,75,75,75,75,75,75,75,75,75,75,75,75,75,75,75,75,75,75,82,82,82,82,82,82,82,82,82,82,82,82,82,82,82,82,82,82,82,82,82,82,82,82,82,82,82,82,82,82],"card_choices":[{"not_picked":["HollowMod:NewJinnsSoul","HollowMod:WraithStrike"],"picked":"HollowMod:BlackTendrils","floor":0},{"not_picked":["HollowMod:PerfectDash","HollowMod:DesolateDive"],"picked":"HollowMod:DescendingDark","floor":0},{"not_picked":["HollowMod:MonomonsArchive","HollowMod:SoulEater"],"picked":"HollowMod:SiblingsSouls","floor":0},{"not_picked":["HollowMod:NewLittleFool","HollowMod:CornifersMapStart"],"picked":"HollowMod:InfectedAttack","floor":0},{"not_picked":["HollowMod:BaldurShell","HollowMod:SoulShaman"],"picked":"HollowMod:SoulStrike","floor":0},{"not_picked":["HollowMod:SoulEater","HollowMod:HowlingWraiths"],"picked":"HollowMod:Grubsong","floor":0},{"not_picked":["HollowMod:HowlingWraiths","HollowMod:MonarchWings"],"picked":"HollowMod:CoiledNail","floor":0},{"not_picked":["HollowMod:CoiledNail","HollowMod:DungDefenderAura"],"picked":"HollowMod:WraithStrike","floor":0},{"not_picked":["HollowMod:SiblingsSouls","HollowMod:WraithStrike"],"picked":"HollowMod:HuntersJournal","floor":0},{"not_picked":["HollowMod:CloakDash","HollowMod:RecoilStrike"],"picked":"HollowMod:InfectedCysts","floor":0},{"not_picked":["HollowMod:SiblingsSouls","HollowMod:SoulSplash"],"picked":"HollowMod:GoodIntentions","floor":0},{"not_picked":["HollowMod:LifebloodCocoon","HollowMod:MawleksShell"],"picked":"HollowMod:FastStrike","floor":0},{"not_picked":["HollowMod:DesolateDive","HollowMod:PureNailStrike"],"picked":"HollowMod:ShadowDash","floor":0},{"not_picked":["HollowMod:BaldurShell","HollowMod:ChannelNail"],"picked":"HollowMod:CornifersMapStart","floor":0},{"not_picked":["HollowMod:LifebloodCocoon","HollowMod:NewJinnsSoul"],"picked":"HollowMod:VengefulVoid","floor":0},{"not_picked":["HollowMod:ElderbugsWisdom","HollowMod:theNailsmith"],"picked":"HollowMod:Weaversong","floor":7},{"not_picked":["HollowMod:MidwifesHunger","HollowMod:NewInfectedGuardian","HollowMod:AwokenDreamNail"],"picked":"SKIP","floor":10},{"not_picked":["HollowMod:LordofShades","HollowMod:theNailsmith"],"picked":"HollowMod:VoidDash","floor":23},{"not_picked":["HollowMod:ElderbugsWisdom","HollowMod:LordofShades","HollowMod:Hiveblood"],"picked":"SKIP","floor":25},{"not_picked":["HollowMod:SoulMaster","HollowMod:HornetsHelp"],"picked":"HollowMod:VoidDash","floor":28},{"not_picked":["HollowMod:LifebloodCore","HollowMod:Hiveblood"],"picked":"HollowMod:VoidDash","floor":33},{"not_picked":["Replay:BasicMightCard","Purity"],"picked":"ReplayTheSpireMod:Brewmster","floor":37},{"not_picked":["HollowMod:MidwifesHunger","HollowMod:theNailsmith"],"picked":"HollowMod:LifebloodCore","floor":41},{"not_picked":["HollowMod:AwokenDreamNail","HollowMod:LifebloodCore","HollowMod:MidwifesHunger"],"picked":"SKIP","floor":44},{"not_picked":["HollowMod:theNailsmith","HollowMod:ZotesMagnificence","HollowMod:LifebloodCore"],"picked":"SKIP","floor":46},{"not_picked":["HollowMod:theNailsmith","HollowMod:MidwifesHunger","HollowMod:NewInfectedGuardian"],"picked":"SKIP","floor":47}],"player_experience":809707,"relics_obtained":[{"floor":1,"key":"Blood Vial"},{"floor":7,"key":"Mercury Hourglass"},{"floor":10,"key":"DemoMod:ClearGuonStone"},{"floor":11,"key":"Runesmith:AutoHammer"},{"floor":12,"key":"DemoMod:MeltedRock"},{"floor":13,"key":"HollowMod:MillibellesNoteRelic"},{"floor":14,"key":"PreservedInsect"},{"floor":18,"key":"Ice Cream"},{"floor":21,"key":"Strawberry"},{"floor":22,"key":"Boot"},{"floor":23,"key":"DemoMod:WeirdEgg"},{"floor":25,"key":"HollowMod:KingsBrand"},{"floor":26,"key":"InkBottle"},{"floor":27,"key":"HornCleat"},{"floor":28,"key":"Whetstone"},{"floor":35,"key":"Golden Egg"},{"floor":39,"key":"Omamori"},{"floor":41,"key":"Vajra"},{"floor":43,"key":"Garlic"},{"floor":44,"key":"Oddly Smooth Stone"},{"floor":46,"key":"Potion Belt"},{"floor":47,"key":"HollowMod:PaleOreRelic"},{"floor":48,"key":"MealTicket"},{"floor":49,"key":"Akabeko"}],"event_choices":[{"cards_removed":["HollowMod:SoulStrike"],"damage_healed":0,"gold_gain":0,"player_choice":"Card Removal","damage_taken":7,"max_hp_gain":0,"max_hp_loss":0,"event_name":"Golden Wing","floor":3,"gold_loss":0},{"damage_healed":0,"gold_gain":0,"player_choice":"Take Damage","damage_taken":18,"relics_obtained":["Golden Idol"],"max_hp_gain":0,"max_hp_loss":0,"event_name":"Golden Idol","floor":4,"gold_loss":0},{"damage_healed":0,"gold_gain":99,"player_choice":"Stole From Cult","damage_taken":0,"max_hp_gain":0,"max_hp_loss":0,"event_name":"Nest","floor":19,"gold_loss":0},{"damage_healed":0,"gold_gain":0,"player_choice":"Memory 1","damage_taken":0,"max_hp_gain":0,"max_hp_loss":0,"event_name":"SensoryStone","floor":37,"gold_loss":0}],"is_beta":false,"boss_relics":[{"not_picked":["Runic Pyramid","Fusion Hammer"],"picked":"Empty Cage"},{"not_picked":["Cursed Key","Replay:Bronze Core"],"picked":"Runic Dome"}],"items_purged_floors":[2,20,31,36,42,45],"is_endless":false,"potions_floor_spawned":[7,10,11,27,28,39,44,46],"ascension_level":0}}