{"host":"8v7nkx72j7rwevt7","time":1610061718,"event":{"mods":["100% Spire Juice","Act Like it!","Aspiration","BaseMod","Better Third Choice","Challenge The Spire","ChefMod","Conjunction","Conspire","Dota2Spire","Ekko","Energized Spire","GifTheSpireLib","Halation","Hubris","Mimic Mod","Minty Spire (QoL Compilation)","Mirrors Mod","Puzzle Mod","Quarter Circle Forward PUNCH!","Random Character Button","Replay The Spire","Reworked Bosses","Robot Space Explorer","Small Relic Pack","Spikes Relics","StSLib","Stuff the Spire","The Alterego","The Blue Laboratory","The Bug Knight","The Caster","The Death Knight","The Florist","The Poker Player","Trackpad","Wandering Minibosses","vexMod"],"gold_per_floor":[115,115,45,45,57,90,90,90,90,90,108,122,133,153,153,256,256,273,287,287,300,145,171,171,171,171,186,138,153,153,153],"floor_reached":30,"playtime":3969,"items_purged":["Writhe"],"score":277,"play_id":"5a0972b1-f6e3-4e3f-b9fc-448cb78a5895","local_time":"20210107182158","is_ascension_mode":false,"campfire_choices":[{"data":"caster:Meteor","floor":7,"key":"SMITH"},{"data":"caster:Incinerate","floor":10,"key":"SMITH"},{"floor":15,"key":"REST"},{"floor":25,"key":"REST"}],"circlet_count":0,"master_deck":["caster:Meteor+1","caster:DivertFocus","caster:strike","caster:strike","caster:strike","caster:strike+1","caster:defend","caster:defend","caster:defend","caster:defend","caster:defend","caster:Incinerate+1","caster:PyroclasticTide","caster:MagicResonance","caster:JupitelThunder","caster:Thundara+1","caster:Surge","caster:Grimoire","caster:MagicBarrier","caster:EchoingVoice","caster:GateOfBabylon","CloudedMind","Sickly","caster:PyroclasticTide+1","caster:Sleet","caster:Rectify","caster:Rectify","caster:Incantation","caster:Fireball","caster:PyroclasticTide"],"relics":["caster:MagicBook","NeowsBlessing","Quantum Egg","Pen Nib","Replay:Ancient Bell","Gremlin Food","Replay:Bottled Flurry","CaptainsWheel","halation:TwoAmDonut","ShockBauble","aspiration:StickyExplosives_weak"],"acts_visited":["Exordium","TheCity"],"potions_floor_usage":[13,13,16,19,21,21,21,21,23,23,30,30],"damage_taken":[{"damage":0,"enemies":"Small Slimes","floor":1,"turns":1},{"damage":0,"enemies":"Cultist","floor":5,"turns":1},{"damage":0,"enemies":"Lagavulin","floor":6,"turns":1},{"damage":4,"enemies":"Jaw Worm","floor":11,"turns":3},{"damage":8,"enemies":"2 Fungi Beasts","floor":12,"turns":5},{"damage":13,"enemies":"Gremlin Gang","floor":13,"turns":5},{"damage":8,"enemies":"Red Slaver","floor":14,"turns":3},{"damage":45,"enemies":"Slime Boss","floor":16,"turns":9},{"damage":0,"enemies":"conspire:FuzzyDice","floor":18,"turns":7},{"damage":22,"enemies":"2 Thieves","floor":19,"turns":5},{"damage":0,"enemies":"Snecko","floor":21,"turns":7},{"damage":27,"enemies":"Book of Stabbing","floor":23,"turns":7},{"damage":0,"enemies":"Snake Plant","floor":27,"turns":1},{"damage":18,"enemies":"3 Cultists","floor":29,"turns":4},{"damage":19,"enemies":"conspire:HollyBat","floor":30,"turns":5}],"seed_played":"-5093546556842064827","potions_obtained":[{"floor":1,"key":"Flashbang"},{"floor":11,"key":"Energy Potion"},{"floor":12,"key":"Conjunction:LightningMarble"},{"floor":16,"key":"Conjunction:LightningMarble"},{"floor":20,"key":"blueLaboratory:StoneskinPotion"},{"floor":20,"key":"blueLaboratory:StoneskinPotion"},{"floor":20,"key":"EntropicBrew"},{"floor":21,"key":"Languid Potion"},{"floor":23,"key":"blueLaboratory:BubblePotion"}],"is_trial":false,"path_per_floor":["M","?","$","$","M","E","R","?","T","R","M","M","M","M","R","B",null,"M","M","?","M","$","E","T","R","T","M","$","M","M"],"character_chosen":"THE_CASTER","items_purchased":["caster:PyroclasticTide","caster:Rectify","caster:Fireball"],"campfire_rested":2,"item_purchase_floors":[3,22,28],"current_hp_per_floor":[64,64,64,64,64,64,64,64,64,64,60,52,39,31,50,5,64,64,42,42,44,44,17,17,36,36,36,36,18,0,0],"gold":153,"neow_bonus":"THREE_ENEMY_KILL","is_daily":false,"chose_seed":false,"campfire_upgraded":2,"win_rate":0.0,"timestamp":1610061718,"path_taken":["M","?","?","$","M","E","R","?","T","R","M","?","M","M","R","BOSS","M","M","?","?","?","E","?","R","T","M","$","M","?"],"items_purchased_type":["Card","Card","Card"],"build_version":"2020-12-22","purchased_purges":1,"victory":false,"max_hp_per_floor":[64,64,64,64,64,64,64,64,64,64,64,64,64,64,64,64,64,64,64,64,66,66,66,66,66,66,66,66,66,66,66],"card_choices":[{"not_picked":["caster:ShivasGrace","caster:Enfeeble"],"picked":"caster:Incinerate","floor":1},{"not_picked":["caster:AbsoluteZero","caster:LAZER"],"picked":"caster:MagicResonance","floor":5},{"not_picked":["caster:AbsoluteZero","caster:LightningBolt"],"picked":"caster:JupitelThunder","floor":6},{"not_picked":["caster:Fireball","caster:AbsoluteZero"],"picked":"caster:Surge","floor":11},{"not_picked":["caster:WallOfSwords","caster:FlashFrost"],"picked":"caster:Grimoire","floor":12},{"not_picked":["caster:Sandstorm","caster:FlashFrost"],"picked":"caster:MagicBarrier","floor":13},{"not_picked":["caster:FrigidBeam","caster:WallOfRocks"],"picked":"caster:EchoingVoice","floor":14},{"not_picked":["caster:Susanoo","caster:ManaOverflow"],"picked":"caster:GateOfBabylon","floor":16},{"not_picked":["Regret","Parasite"],"picked":"CloudedMind","floor":17},{"not_picked":["Pain","Notoriety"],"picked":"Writhe","floor":17},{"not_picked":["conspire:NecroticWound","Parasite"],"picked":"Sickly","floor":17},{"not_picked":["caster:LAZER+1","caster:Enfeeble+1"],"picked":"caster:PyroclasticTide+1","floor":18},{"not_picked":["caster:Incinerate","caster:MagicWeapon","caster:WallOfMirrors"],"picked":"SKIP","floor":19},{"not_picked":["caster:BookThrow+1","caster:LAZER"],"picked":"caster:Sleet","floor":21},{"not_picked":["caster:FireWall","caster:WallOfMirrors+1"],"picked":"caster:Rectify","floor":23},{"not_picked":["caster:GlacialShield","caster:FrigidBeam"],"picked":"caster:Incantation","floor":27},{"not_picked":["caster:MagicBarrier","caster:WallOfThorns+1"],"picked":"caster:PyroclasticTide","floor":29}],"player_experience":171961,"relics_obtained":[{"floor":6,"key":"Quantum Egg"},{"floor":9,"key":"Pen Nib"},{"floor":23,"key":"halation:TwoAmDonut"},{"floor":24,"key":"ShockBauble"},{"floor":26,"key":"aspiration:StickyExplosives_weak"}],"event_choices":[{"damage_healed":0,"gold_gain":0,"player_choice":"Ignored","damage_taken":0,"max_hp_gain":0,"max_hp_loss":0,"event_name":"Transmorgrifier","floor":2,"gold_loss":0},{"damage_healed":0,"gold_gain":0,"player_choice":"Got Potions","damage_taken":0,"max_hp_gain":0,"max_hp_loss":0,"event_name":"Lab","floor":20,"gold_loss":0}],"is_beta":false,"boss_relics":[{"not_picked":["qcfpunch:Killian_Engine_Alpha","Replay:Bronze Core"],"picked":"Replay:Ancient Bell"},{"not_picked":["StuffTheSpire:Mouthbags","halation:IllGainedPizza"],"picked":"Gremlin Food"},{"not_picked":["conspire:BottledYoYo","StuffTheSpire:ForceGauntlet"],"picked":"Replay:Bottled Flurry"},{"not_picked":["hubris:GlazedTorus","Dota2Spire:HeartOfTarrasque"],"picked":"CaptainsWheel"}],"items_purged_floors":[22],"is_endless":false,"potions_floor_spawned":[1,11,12,16,21,23],"killed_by":"conspire:HollyBat","ascension_level":0}}