{"host":"odz7g4gpgch153rb","time":1610054531,"event":{"mods":["AchievementEnabler","BaseMod","Better Match","Better Third Choice","BetterRewards","GifTheSpireLib","Infinite Spire","Jedi Mod","Minty Spire (QoL Compilation)","Quick Restart","Replay The Spire","Spikes Relics","StSLib","Stuff the Spire","The Blue Laboratory","Trackpad"],"gold_per_floor":[110,35,54,3,78,109,109,119,119,119,136,136,171,7,7,79,79,98,98,98,120,135,135,135,176,249,229,260,260,279,313,313,319,319],"floor_reached":33,"playtime":1783,"items_purged":["Strike_B","Strike_B"],"score":622,"play_id":"bedba4e0-ea39-4a3a-b648-a8a2b2ee5fb8","local_time":"20210107162211","is_ascension_mode":true,"campfire_choices":[{"data":"Zap","floor":7,"key":"SMITH"},{"data":"Dualcast","floor":10,"key":"SMITH"},{"data":"Loop","floor":12,"key":"SMITH"},{"floor":15,"key":"REST"},{"floor":23,"key":"REST"},{"floor":29,"key":"REST"},{"floor":32,"key":"REST"}],"circlet_count":0,"master_deck":["AscendersBane","Strike_B","Strike_B","Defend_B","Defend_B","Defend_B","Defend_B","Zap+1","Dualcast+1","Loop+1","Cold Snap","StuffTheSpire:Coldhearted+1","jedi:reiji+1","Core Surge","ReplayTheSpireMod:Chaos Vortex","Ball Lightning"],"relics":["Cracked Core","NeowsBlessing","SpikesRelics:ToyHorsey","trackpad:FocusingLens","DataDisk","Guide Book","infinitespire:Midas Blood","Bag of Marbles","Bag of Preparation","StrikeDummy","Kunai","Unceasing Top"],"acts_visited":["Exordium","TheCity"],"potions_floor_usage":[11,18,28,33],"damage_taken":[{"damage":0,"enemies":"Small Slimes","floor":1,"turns":1},{"damage":0,"enemies":"Cultist","floor":3,"turns":1},{"damage":0,"enemies":"Gremlin Nob","floor":6,"turns":1},{"damage":0,"enemies":"Jaw Worm","floor":8,"turns":3},{"damage":9,"enemies":"Exordium Wildlife","floor":11,"turns":6},{"damage":11,"enemies":"3 Sentries","floor":13,"turns":11},{"damage":22,"enemies":"Hexaghost","floor":16,"turns":8},{"damage":3,"enemies":"Shell Parasite","floor":18,"turns":6},{"damage":12,"enemies":"3 Byrds","floor":21,"turns":6},{"damage":16,"enemies":"Snake Plant","floor":22,"turns":3},{"damage":19,"enemies":"Slavers","floor":25,"turns":7},{"damage":10,"enemies":"Book of Stabbing","floor":28,"turns":4},{"damage":0,"enemies":"Snecko","floor":30,"turns":3},{"damage":13,"enemies":"Slavers","floor":31,"turns":5},{"damage":64,"enemies":"Collector","floor":33,"turns":8}],"seed_played":"-3482774549543919976","potions_obtained":[{"floor":1,"key":"Weak Potion"},{"floor":6,"key":"Ancient Potion"},{"floor":16,"key":"blueLaboratory:CoolantVial"},{"floor":21,"key":"jedi:hoardpotion"},{"floor":25,"key":"PowerPotion"},{"floor":28,"key":"blueLaboratory:AbyssPotion"},{"floor":31,"key":"FearPotion"}],"is_trial":false,"path_per_floor":["M","$","M","$","?","E","R","M","T","R","M","R","E","$","R","B",null,"M","$","?","M","M","R","AVR","E","T","?","E","R","M","E","R","B"],"character_chosen":"DEFECT","items_purchased":["Cold Snap","Guide Book"],"campfire_rested":4,"item_purchase_floors":[4,14],"current_hp_per_floor":[64,64,64,64,53,53,53,53,53,53,44,44,33,33,54,32,61,58,58,58,46,30,51,51,32,32,32,22,43,43,30,51,0,0],"gold":319,"neow_bonus":"THREE_ENEMY_KILL","is_daily":false,"chose_seed":false,"campfire_upgraded":3,"win_rate":0.0,"timestamp":1610054531,"path_taken":["M","$","M","$","?","E","R","M","T","R","M","R","E","$","R","BOSS","M","$","?","M","?","R","AVR","E","T","?","E","R","?","E","R","BOSS"],"items_purchased_type":["Card","Relic"],"build_version":"2020-12-22","purchased_purges":2,"victory":false,"max_hp_per_floor":[71,71,71,71,71,71,71,71,71,71,71,71,71,71,71,71,71,71,71,71,71,71,71,71,71,71,71,71,71,71,71,71,71,71],"card_choices":[{"not_picked":["Redo","StuffTheSpire:Plugnplay","Hologram"],"picked":"SKIP","floor":1},{"not_picked":["Gash","Hologram"],"picked":"Loop","floor":3},{"not_picked":["Redo","Consume","jedi:blockon"],"picked":"SKIP","floor":6},{"not_picked":["StuffTheSpire:Rend","Gash"],"picked":"StuffTheSpire:Coldhearted","floor":8},{"not_picked":["Panic Button","Stack","Compile Driver"],"picked":"SKIP","floor":11},{"not_picked":["jedi:overflow","FIFO Queue"],"picked":"jedi:reiji","floor":13},{"not_picked":["ReplaySolidLightProjector","StuffTheSpire:LoadUp","Rebound"],"picked":"SKIP","floor":18},{"not_picked":["Go for the Eyes","Turbo"],"picked":"Core Surge","floor":21},{"not_picked":["Genetic Algorithm","Sweeping Beam","Rebound"],"picked":"SKIP","floor":22},{"not_picked":["Streamline","Rebound"],"picked":"Ball Lightning","floor":25},{"not_picked":["Time Bomb+1","Consume","Redo"],"picked":"SKIP","floor":28},{"not_picked":["ReplayTheSpireMod:Repulse","Hologram","ReplaySolidLightProjector"],"picked":"SKIP","floor":30},{"not_picked":["Biased Cognition","Crystallizer","Tempest"],"picked":"SKIP","floor":31}],"player_experience":1001589,"relics_obtained":[{"floor":6,"key":"SpikesRelics:ToyHorsey"},{"floor":9,"key":"trackpad:FocusingLens"},{"floor":13,"key":"DataDisk"},{"floor":25,"key":"Bag of Preparation"},{"floor":26,"key":"StrikeDummy"},{"floor":28,"key":"Kunai"},{"floor":31,"key":"Unceasing Top"}],"event_choices":[{"damage_healed":0,"gold_gain":75,"player_choice":"Gold","damage_taken":11,"max_hp_gain":0,"max_hp_loss":0,"event_name":"betterThird:BetterGoop","floor":5,"gold_loss":0},{"damage_healed":0,"gold_gain":0,"player_choice":"Gave Potion","damage_taken":0,"relics_obtained":["infinitespire:Midas Blood"],"max_hp_gain":0,"max_hp_loss":0,"event_name":"WeMeetAgain","floor":20,"gold_loss":0},{"damage_healed":0,"gold_gain":0,"player_choice":"Bought 1 Potion","damage_taken":0,"max_hp_gain":0,"max_hp_loss":0,"event_name":"The Woman in Blue","floor":27,"gold_loss":0}],"is_beta":false,"boss_relics":[{"not_picked":["StuffTheSpire:ModemDavis","Astrolabe","trackpad:Coffee"]}],"items_purged_floors":[2,24],"is_endless":false,"potions_floor_spawned":[1,6,16,21,25,28,31],"killed_by":"Collector","ascension_level":17}}