{"host":"bf1tnxyvjw6wp3cl","time":1610039888,"event":{"mods":["AchievementEnabler","BaseMod","Better Third Choice","Block Reminder","Colored Powertips","Curses Come First","Minty Spire (QoL Compilation)","Quick Restart","Relic Stats","StSLib","SuperFastMode"],"gold_per_floor":[117,117,117,43,62,106,106,141,168,118,83,125,125,158,158,295,295,325,424,67,0,0,28,55,27,103,53,95,123,173,194,194,323,323,348,156,172,172,172,172,68,68,68,107,135,169,192,219,219,219],"floor_reached":51,"playtime":1606,"items_purged":[],"score":889,"play_id":"c9282f3d-5746-48df-a688-42036839b913","local_time":"20210107121808","is_ascension_mode":true,"campfire_choices":[{"data":"Defragment","floor":7.0,"key":"SMITH"},{"data":"Chill","floor":13.0,"key":"SMITH"},{"data":"Recycle","floor":15.0,"key":"SMITH"},{"floor":32.0,"key":"REST"},{"data":"Defragment","floor":40.0,"key":"SMITH"},{"data":"Loop","floor":42.0,"key":"SMITH"},{"data":"Hello World","floor":49.0,"key":"SMITH"}],"circlet_count":0,"master_deck":["Strike_B","Strike_B","Strike_B","Strike_B","Defend_B","Defend_B","Defend_B","Defend_B","Zap","Dualcast","Defragment+1","Self Repair","Chill+1","Turbo","Sunder","Recycle+1","Cold Snap","Core Surge","Barrage","Defragment+1","Leap","Biased Cognition","Self Repair","Ball Lightning","Storm+1","Loop+1","Machine Learning","Loop+1","Cold Snap","Hello World+1","Double Energy+1","Cold Snap+1","Turbo+1","White Noise+1"],"relics":["Cracked Core","NeowsBlessing","Golden Idol","Vajra","Meat on the Bone","Orichalcum","betterThird:SlimedRelic","CeramicFish","Nuclear Battery","Incense Burner","Nilry\u0027s Codex","Singing Bowl","Pantograph","Dead Branch","Black Star","Membership Card","Strange Spoon","Toxic Egg 2","Bronze Scales","Letter Opener"],"acts_visited":["Exordium","TheCity","TheBeyond"],"potions_floor_usage":[50,50],"damage_taken":[{"damage":0.0,"enemies":"Jaw Worm","floor":1.0,"turns":1.0},{"damage":0.0,"enemies":"2 Louse","floor":5.0,"turns":1.0},{"damage":0.0,"enemies":"3 Sentries","floor":6.0,"turns":1.0},{"damage":21.0,"enemies":"Gremlin Nob","floor":8.0,"turns":5.0},{"damage":25.0,"enemies":"Lagavulin","floor":12.0,"turns":5.0},{"damage":0.0,"enemies":"Cultist","floor":14.0,"turns":3.0},{"damage":12.0,"enemies":"Hexaghost","floor":16.0,"turns":12.0},{"damage":22.0,"enemies":"Chosen","floor":18.0,"turns":5.0},{"damage":10.0,"enemies":"3 Byrds","floor":23.0,"turns":6.0},{"damage":25.0,"enemies":"Snake Plant","floor":24.0,"turns":6.0},{"damage":7.0,"enemies":"Gremlin Leader","floor":28.0,"turns":8.0},{"damage":9.0,"enemies":"Shelled Parasite and Fungi","floor":29.0,"turns":5.0},{"damage":21.0,"enemies":"Book of Stabbing","floor":30.0,"turns":6.0},{"damage":8.0,"enemies":"3 Cultists","floor":31.0,"turns":4.0},{"damage":6.0,"enemies":"Champ","floor":33.0,"turns":7.0},{"damage":8.0,"enemies":"3 Shapes","floor":35.0,"turns":4.0},{"damage":0.0,"enemies":"3 Darklings","floor":37.0,"turns":3.0},{"damage":44.0,"enemies":"Giant Head","floor":44.0,"turns":8.0},{"damage":13.0,"enemies":"4 Shapes","floor":45.0,"turns":3.0},{"damage":0.0,"enemies":"Sphere and 2 Shapes","floor":46.0,"turns":3.0},{"damage":4.0,"enemies":"3 Darklings","floor":47.0,"turns":5.0},{"damage":0.0,"enemies":"Jaw Worm Horde","floor":48.0,"turns":4.0},{"damage":48,"enemies":"Awakened One","floor":50,"turns":13}],"seed_played":"-8828819180198220677","potions_obtained":[{"floor":1.0,"key":"PotionOfCapacity"},{"floor":3.0,"key":"Fruit Juice"},{"floor":3.0,"key":"PotionOfCapacity"},{"floor":3.0,"key":"EssenceOfSteel"},{"floor":8.0,"key":"Dexterity Potion"},{"floor":23.0,"key":"SteroidPotion"}],"is_trial":false,"path_per_floor":["M","?","?","$","M","E","R","E","T","?","?","E","R","M","R","B",null,"M","?","$","?","?","M","M","$","T","?","E","M","E","M","R","B",null,"M","$","M","?","?","R","$","R","T","E","M","M","M","M","R","B",null],"character_chosen":"DEFECT","items_purchased":["Self Repair","Incense Burner","Defragment","Self Repair","Membership Card","Loop","Cold Snap","Strange Spoon","Hello World"],"campfire_rested":1,"item_purchase_floors":[4,20,20,25,36,36,36,41,41],"current_hp_per_floor":[75,57,62,62,62,62,62,48,48,37,57,51,51,58,58,53,80,65,65,65,65,49,51,45,45,45,45,57,62,55,49,73,82,82,84,84,86,82,82,82,82,82,82,73,67,74,70,77,77,48],"gold":219,"neow_bonus":"THREE_ENEMY_KILL","is_daily":false,"chose_seed":false,"campfire_upgraded":6,"win_rate":0.0,"timestamp":1610039888,"path_taken":["M","?","?","$","?","E","R","E","T","?","?","E","R","M","R","BOSS","M","?","$","?","?","M","?","$","T","?","E","?","E","M","R","BOSS","M","$","M","?","?","R","$","R","T","E","M","M","M","M","R","BOSS"],"items_purchased_type":["Card","Relic","Card","Card","Relic","Card","Card","Relic","Card"],"build_version":"2020-12-22","purchased_purges":0,"victory":true,"max_hp_per_floor":[75,75,80,80,80,80,80,80,80,80,80,80,80,80,80,80,80,80,80,80,80,80,80,80,80,80,80,80,80,80,82,82,82,82,84,84,86,82,82,82,82,82,82,84,84,84,84,84,84,84],"relic_stats":{"Singing Bowl":8,"counters":[23,118],"Golden Idol":174,"CeramicFish":171,"Dead Branch":[30],"Letter Opener":[70],"Orichalcum":[168],"Strange Spoon":[13],"Pantograph":16,"Bronze Scales":[127],"Black Star":1,"obtain_stats":[{"NeowsBlessing":0,"Singing Bowl":26,"Golden Idol":2,"Nilry\u0027s Codex":22,"CeramicFish":12,"Dead Branch":30,"Vajra":6,"Incense Burner":20,"Letter Opener":44,"Orichalcum":9,"Nuclear Battery":17,"Strange Spoon":41,"betterThird:SlimedRelic":10,"Pantograph":28,"Bronze Scales":44,"Black Star":34,"Membership Card":36,"Toxic Egg 2":43,"Cracked Core":0,"Meat on the Bone":8},{"NeowsBlessing":0,"Singing Bowl":10,"Golden Idol":1,"Nilry\u0027s Codex":8,"CeramicFish":5,"Dead Branch":13,"Vajra":3,"Incense Burner":8,"Letter Opener":18,"Orichalcum":4,"Nuclear Battery":7,"Strange Spoon":17,"betterThird:SlimedRelic":4,"Pantograph":11,"Bronze Scales":18,"Black Star":15,"Membership Card":16,"Toxic Egg 2":17,"Cracked Core":0,"Meat on the Bone":4},{"NeowsBlessing":0,"Singing Bowl":45,"Golden Idol":1,"Nilry\u0027s Codex":33,"CeramicFish":13,"Dead Branch":64,"Vajra":3,"Incense Burner":33,"Letter Opener":90,"Orichalcum":8,"Nuclear Battery":28,"Strange Spoon":82,"betterThird:SlimedRelic":8,"Pantograph":53,"Bronze Scales":90,"Black Star":75,"Membership Card":79,"Toxic Egg 2":82,"Cracked Core":0,"Meat on the Bone":8}],"Meat on the Bone":72},"card_choices":[{"not_picked":["Steam","Leap"],"picked":"Defragment","floor":1.0},{"not_picked":["Leap","Ball Lightning"],"picked":"Chill","floor":5.0},{"not_picked":["Ball Lightning","Steam"],"picked":"Turbo","floor":6.0},{"not_picked":["Stack","Hologram"],"picked":"Sunder","floor":8.0},{"not_picked":["Leap","Darkness"],"picked":"Recycle","floor":12.0},{"not_picked":["Turbo","Gash"],"picked":"Cold Snap","floor":14.0},{"not_picked":["Thunder Strike","All For One"],"picked":"Core Surge","floor":16.0},{"not_picked":["Sweeping Beam+1","Go for the Eyes+1"],"picked":"Barrage","floor":18.0},{"not_picked":["Doom and Gloom","Stack"],"picked":"Leap","floor":23.0},{"not_picked":["Ball Lightning","Go for the Eyes+1"],"picked":"Biased Cognition","floor":24.0},{"not_picked":["Coolheaded+1","Melter"],"picked":"Ball Lightning","floor":28.0},{"not_picked":["Skim","Conserve Battery"],"picked":"Storm+1","floor":29.0},{"not_picked":["Core Surge","Recycle+1"],"picked":"Loop+1","floor":30.0},{"not_picked":["Leap","Barrage","Turbo"],"picked":"Singing Bowl","floor":31.0},{"not_picked":["Hyperbeam","Reboot"],"picked":"Machine Learning","floor":33.0},{"not_picked":["Beam Cell+1","Undo+1","Leap+1"],"picked":"Singing Bowl","floor":35.0},{"not_picked":["Blizzard+1","BootSequence+1","Melter"],"picked":"Singing Bowl","floor":37.0},{"not_picked":["Barrage+1","Reprogram+1","Scrape"],"picked":"Singing Bowl","floor":44.0},{"not_picked":["Consume+1","Coolheaded+1"],"picked":"Double Energy+1","floor":45.0},{"not_picked":["Redo+1","Tempest+1"],"picked":"Cold Snap+1","floor":46.0},{"not_picked":["Gash","Barrage+1"],"picked":"Turbo+1","floor":47.0},{"not_picked":["Rip and Tear+1","Echo Form"],"picked":"White Noise+1","floor":48.0}],"player_experience":163945,"relics_obtained":[{"floor":6.0,"key":"Vajra"},{"floor":8.0,"key":"Meat on the Bone"},{"floor":9.0,"key":"Orichalcum"},{"floor":12.0,"key":"CeramicFish"},{"floor":22.0,"key":"Nilry\u0027s Codex"},{"floor":26.0,"key":"Singing Bowl"},{"floor":28.0,"key":"Pantograph"},{"floor":30.0,"key":"Dead Branch"},{"floor":43.0,"key":"Toxic Egg 2"},{"floor":44.0,"key":"Bronze Scales"},{"floor":44.0,"key":"Letter Opener"}],"event_choices":[{"damage_healed":0.0,"max_hp_gain":0.0,"max_hp_loss":0.0,"gold_gain":0.0,"event_name":"Golden Idol","player_choice":"Take Damage","floor":2.0,"gold_loss":0.0,"damage_taken":18.0,"relics_obtained":["Golden Idol"]},{"damage_healed":0.0,"max_hp_gain":0.0,"max_hp_loss":0.0,"gold_gain":0.0,"event_name":"Lab","player_choice":"Got Potions","floor":3.0,"gold_loss":0.0,"damage_taken":0.0},{"damage_healed":0.0,"max_hp_gain":0.0,"max_hp_loss":0.0,"gold_gain":0.0,"event_name":"betterThird:BetterGoop","player_choice":"Slimed","floor":10.0,"gold_loss":50.0,"damage_taken":11.0},{"damage_healed":20.0,"max_hp_gain":0.0,"max_hp_loss":0.0,"gold_gain":0.0,"event_name":"The Cleric","player_choice":"Healed","floor":11.0,"gold_loss":35.0,"damage_taken":0.0},{"damage_healed":0.0,"max_hp_gain":0.0,"max_hp_loss":0.0,"gold_gain":99.0,"event_name":"betterThird:BetterNest","player_choice":"Steal","floor":19.0,"gold_loss":0.0,"damage_taken":0.0},{"damage_healed":0.0,"max_hp_gain":0.0,"max_hp_loss":0.0,"gold_gain":0.0,"event_name":"Masked Bandits","player_choice":"Paid Fearfully","floor":21.0,"gold_loss":67.0,"damage_taken":0.0},{"damage_healed":0.0,"max_hp_gain":0.0,"max_hp_loss":0.0,"gold_gain":0.0,"event_name":"Cursed Tome","player_choice":"Obtained Book","floor":22.0,"gold_loss":0.0,"damage_taken":16.0},{"damage_healed":0.0,"max_hp_gain":0.0,"max_hp_loss":0.0,"gold_gain":0.0,"event_name":"The Joust","player_choice":"Bet on Murderer","floor":27.0,"gold_loss":50.0,"damage_taken":0.0},{"damage_healed":0.0,"max_hp_gain":0.0,"max_hp_loss":4.0,"gold_gain":0.0,"event_name":"Winding Halls","player_choice":"Max HP","floor":38.0,"gold_loss":0.0,"damage_taken":0.0},{"damage_healed":0.0,"max_hp_gain":0.0,"max_hp_loss":0.0,"gold_gain":0.0,"event_name":"Tomb of Lord Red Mask","player_choice":"Ignored","floor":39.0,"gold_loss":0.0,"damage_taken":0.0}],"is_beta":false,"boss_relics":[{"not_picked":["Snecko Eye","Cursed Key"],"picked":"Nuclear Battery"},{"not_picked":["FrozenCore","SacredBark"],"picked":"Black Star"}],"items_purged_floors":[],"is_endless":false,"potions_floor_spawned":[1,8,12,23,28,31,37,44,48],"ascension_level":3}}