{"host":"4coy96o7l3fioe37","time":1610034034,"event":{"mods":["AchievementEnabler","Act Like it!","AlwaysNeverKeys","BaseMod","Better Altar","Better Match","Better Note","Better Sensory Stone","Better Skull","Better Third Choice","Better Vampires","BetterRewards","ChefMod","Colored Map","Disable Question Mark Monsters","Downfall","Minty Spire (QoL Compilation)","Rare Cards Sparkle","StSLib","The Dragon Tamer","The Marked"],"gold_per_floor":[111,41,67,67,82,82,110,110,136,147,175,19,39,54,54,159,159,177,193,193,193,207,207,207],"floor_reached":23,"playtime":1006,"items_purged":[],"score":201,"play_id":"52136cc6-b148-4b60-9b0e-006b5268c96f","local_time":"20210107154034","is_ascension_mode":false,"campfire_choices":[{"data":"Loop","floor":6,"key":"SMITH"},{"data":"Zap","floor":8,"key":"SMITH"},{"floor":15,"key":"REST"}],"circlet_count":0,"master_deck":["Strike_B","Strike_B","Strike_B","Strike_B","Defend_B","Defend_B","Defend_B","Defend_B","Zap+1","Dualcast+1","Rebound","Loop+1","Scrape","Panacea+1","Beam Cell","Buffer","Redo","All For One","CurseOfTheBell","Beam Cell"],"relics":["Cracked Core","Boot","Eternal Feather","War Paint","Tiny Chest","ClockworkSouvenir","Calling Bell","Omamori","Matryoshka","Dead Branch"],"acts_visited":["Exordium","TheCity"],"potions_floor_usage":[11,16,23,23],"damage_taken":[{"damage":1,"enemies":"Cultist","floor":1,"turns":3},{"damage":11,"enemies":"Jaw Worm","floor":5,"turns":3},{"damage":39,"enemies":"Lagavulin","floor":7,"turns":6},{"damage":5,"enemies":"2 Louse","floor":10,"turns":2},{"damage":5,"enemies":"Gremlin Nob","floor":11,"turns":3},{"damage":0,"enemies":"Exordium Wildlife","floor":13,"turns":3},{"damage":0,"enemies":"Large Slime","floor":14,"turns":4},{"damage":31,"enemies":"Slime Boss","floor":16,"turns":8},{"damage":10,"enemies":"Chosen","floor":18,"turns":5},{"damage":18,"enemies":"3 Byrds","floor":19,"turns":3},{"damage":0,"enemies":"Snecko","floor":22,"turns":3},{"damage":49,"enemies":"Gremlin Leader","floor":23,"turns":5}],"seed_played":"1585019870983624430","potions_obtained":[{"floor":10,"key":"ColorlessPotion"},{"floor":13,"key":"FearPotion"},{"floor":14,"key":"Ancient Potion"},{"floor":16,"key":"ColorlessPotion"},{"floor":22,"key":"LiquidBronze"}],"is_trial":false,"path_per_floor":["M","$","T","?","M","R","E","R","T","M","E","$","M","M","R","B",null,"M","M","?","?","M","E"],"character_chosen":"DEFECT","items_purchased":["Scrape","ClockworkSouvenir"],"campfire_rested":1,"item_purchase_floors":[2,12],"current_hp_per_floor":[74,74,74,74,63,63,24,33,33,28,23,23,23,23,54,23,75,65,47,47,47,47,0,0],"gold":207,"neow_bonus":"THREE_CARDS","is_daily":false,"chose_seed":false,"campfire_upgraded":2,"win_rate":0.0,"timestamp":1610034034,"path_taken":["M","?","?","?","M","R","E","R","T","M","E","$","M","M","R","BOSS","M","M","?","?","M","E"],"items_purchased_type":["Card","Relic"],"build_version":"2020-12-22","purchased_purges":0,"victory":false,"max_hp_per_floor":[75,75,75,75,75,75,75,75,75,75,75,75,75,75,75,75,75,75,75,75,75,75,75,75],"card_choices":[{"not_picked":["Hologram","Chill"],"picked":"Rebound","floor":0},{"not_picked":["Cold Snap","Coolheaded"],"picked":"Loop","floor":1},{"not_picked":["expansioncontent:FaceSlap","expansioncontent:PolyBeam"],"picked":"Panacea","floor":4},{"not_picked":["Coolheaded","Chaos","Hologram"],"picked":"SKIP","floor":5},{"not_picked":["Streamline","Force Field"],"picked":"Beam Cell","floor":7},{"not_picked":["Ball Lightning","Chaos","Rebound"],"picked":"SKIP","floor":10},{"not_picked":["Glacier","Cold Snap"],"picked":"Buffer","floor":11},{"not_picked":["Tempest","Hologram","Barrage"],"picked":"SKIP","floor":13},{"not_picked":["Undo","Turbo"],"picked":"Redo","floor":14},{"not_picked":["Meteor Strike","Biased Cognition"],"picked":"All For One","floor":16},{"not_picked":["Coolheaded","Turbo","Hello World"],"picked":"SKIP","floor":18},{"not_picked":["Barrage","Self Repair+1"],"picked":"Beam Cell","floor":19},{"not_picked":["Stack+1","Hologram","Conserve Battery"],"picked":"SKIP","floor":22}],"player_experience":286813,"relics_obtained":[{"floor":3,"key":"Boot"},{"floor":7,"key":"Eternal Feather"},{"floor":9,"key":"War Paint"},{"floor":11,"key":"Tiny Chest"},{"floor":17,"key":"Omamori"},{"floor":17,"key":"Matryoshka"},{"floor":17,"key":"Dead Branch"}],"event_choices":[{"damage_healed":0,"gold_gain":1,"player_choice":"1","damage_taken":0,"max_hp_gain":0,"max_hp_loss":0,"event_name":"betterStone:BetterStone","floor":4,"gold_loss":0},{"damage_healed":0,"gold_gain":0,"player_choice":"Ignored","damage_taken":0,"max_hp_gain":0,"max_hp_loss":0,"event_name":"Transmorgrifier","floor":20,"gold_loss":0},{"damage_healed":0,"gold_gain":0,"player_choice":"Ignored","damage_taken":0,"max_hp_gain":0,"max_hp_loss":0,"event_name":"betterNote:BetterNote","floor":21,"gold_loss":0,"cards_obtained":["theMarked:ComboAttacks"]}],"is_beta":false,"boss_relics":[{"not_picked":["SlaversCollar","FrozenCore"],"picked":"Calling Bell"}],"items_purged_floors":[],"is_endless":false,"potions_floor_spawned":[10,13,14,16,22],"killed_by":"Gremlin Leader","ascension_level":0}}