{"host":"ig7tc0uedzltt2sr","time":1610054756,"event":{"mods":["BaseMod","Better Twitch Integration","Block Reminder","Colored Map","Colored Powertips","Communication Mod","Current Relic Mod","GifTheSpireLib","HexUI Lib","Minty Spire (QoL Compilation)","Quick Restart","Random Character Button","Rare Cards Sparkle","Relic Sorter","Relic Stats","Slay the Relics Exporter","StSLib","SuperFastMode","Synergy Search","Twitch Decklist","Twitch Utils","everything is the same but u backflip on backflip","slay the spire mod where everything is the same but ironclad has a cowboy hat"],"gold_per_floor":[115,115,134,152,171,171,171,171,195,219,239,239,239,263,263,263,263],"floor_reached":16,"playtime":99,"items_purged":[],"score":94,"play_id":"c9c49955-1b59-46a4-8c68-02c742834199","local_time":"20210107132556","is_ascension_mode":false,"campfire_choices":[{"data":"Strike_R","floor":6,"key":"SMITH"},{"floor":8,"key":"REST"},{"data":"Cleave","floor":12,"key":"SMITH"},{"data":"Defend_R","floor":15,"key":"SMITH"}],"circlet_count":0,"master_deck":["Strike_R+1","Strike_R","Strike_R","Strike_R","Strike_R","Defend_R+1","Defend_R","Defend_R","Defend_R","Bash","Clash","Cleave+1","Armaments","Exhume","Searing Blow","Fire Breathing","Armaments"],"relics":["Burning Blood","NeowsBlessing","Golden Idol"],"acts_visited":["Exordium"],"potions_floor_usage":[],"damage_taken":[{"damage":0,"enemies":"Jaw Worm","floor":1,"turns":2},{"damage":0,"enemies":"2 Louse","floor":3,"turns":2},{"damage":0,"enemies":"Cultist","floor":4,"turns":1},{"damage":12,"enemies":"Exordium Wildlife","floor":5,"turns":3},{"damage":28,"enemies":"Gremlin Gang","floor":10,"turns":8},{"damage":22,"enemies":"Exordium Thugs","floor":11,"turns":5},{"damage":23,"enemies":"Exordium Wildlife","floor":14,"turns":8},{"damage":26,"enemies":"Hexaghost","floor":16,"turns":9}],"seed_played":"-3909195947225545407","potions_obtained":[{"floor":3,"key":"SteroidPotion"},{"floor":4,"key":"Strength Potion"},{"floor":10,"key":"FearPotion"}],"is_trial":false,"path_per_floor":["M","?","M","M","M","R","$","R","T","M","M","R","?","M","R","B"],"character_chosen":"IRONCLAD","items_purchased":[],"campfire_rested":1,"item_purchase_floors":[],"current_hp_per_floor":[80,60,66,72,66,66,66,80,80,58,42,42,42,25,25,0,0],"gold":263,"neow_bonus":"THREE_ENEMY_KILL","is_daily":false,"chose_seed":false,"campfire_upgraded":3,"win_rate":0.0,"timestamp":1610054756,"path_taken":["M","?","M","M","M","R","$","R","T","M","M","R","?","M","R","BOSS"],"items_purchased_type":[],"build_version":"2020-12-22","purchased_purges":0,"victory":false,"max_hp_per_floor":[80,80,80,80,80,80,80,80,80,80,80,80,80,80,80,80,80],"relic_stats":{"counters":[8,38],"Golden Idol":26,"obtain_stats":[{"NeowsBlessing":0,"Golden Idol":2,"Burning Blood":0},{"NeowsBlessing":0,"Golden Idol":1,"Burning Blood":0},{"NeowsBlessing":0,"Golden Idol":2,"Burning Blood":0}],"Burning Blood":36},"card_choices":[{"not_picked":["Thunderclap","Burning Pact"],"picked":"Clash","floor":1},{"not_picked":["Twin Strike","Shrug It Off"],"picked":"Cleave","floor":3},{"not_picked":["Sword Boomerang","Dropkick"],"picked":"Armaments","floor":4},{"not_picked":["Entrench","Sword Boomerang"],"picked":"Exhume","floor":5},{"not_picked":["Body Slam","Inflame"],"picked":"Searing Blow","floor":10},{"not_picked":["Headbutt","Wild Strike"],"picked":"Fire Breathing","floor":11},{"not_picked":["Warcry","True Grit"],"picked":"Armaments","floor":14}],"player_experience":1455036,"relics_obtained":[],"event_choices":[{"damage_healed":0,"gold_gain":0,"player_choice":"Take Damage","damage_taken":20,"relics_obtained":["Golden Idol"],"max_hp_gain":0,"max_hp_loss":0,"event_name":"Golden Idol","floor":2,"gold_loss":0},{"damage_healed":0,"gold_gain":0,"player_choice":"Ignored","damage_taken":0,"max_hp_gain":0,"max_hp_loss":0,"event_name":"Golden Shrine","floor":13,"gold_loss":0}],"is_beta":false,"boss_relics":[],"items_purged_floors":[],"is_endless":false,"potions_floor_spawned":[3,4,10],"killed_by":"Hexaghost","ascension_level":0}}