{"host":"b1nq0yziqa64sqqa","time":1610045977,"event":{"mods":["AchievementEnabler","BaseMod","Colored Powertips","Highlight Path","Minty Spire (QoL Compilation)","Quick Restart","StSLib","SuperFastMode"],"gold_per_floor":[218,48,63,63,88,88,88,88,134,134,151,165,165,200,200,305,305,318,20,120,138,151,182,182,182,208,218,235,235,235,262,262,262,262],"floor_reached":33,"playtime":2008,"items_purged":[],"score":265,"play_id":"de75ac6a-b9f5-483c-b3e8-970188849c92","local_time":"20210107205937","is_ascension_mode":false,"campfire_choices":[{"data":"Hello World","floor":6,"key":"SMITH"},{"data":"Reprogram","floor":8,"key":"SMITH"},{"data":"Sweeping Beam","floor":10,"key":"SMITH"},{"data":"Hologram","floor":13,"key":"SMITH"},{"data":"Beam Cell","floor":15,"key":"SMITH"},{"floor":25,"key":"REST"},{"floor":29,"key":"REST"},{"floor":32,"key":"REST"}],"circlet_count":0,"master_deck":["Strike_B","Strike_B","Strike_B+1","Strike_B","Defend_B","Defend_B","Defend_B","Defend_B+1","Zap","Dualcast","Reprogram+1","Sweeping Beam+1","Hello World+1","Hologram+1","Beam Cell+1","Streamline","Buffer+1","Gash+1","Rebound","Sweeping Beam","Conserve Battery+1","Consume+1","Coolheaded","Leap+1","Aggregate+1"],"relics":["Cracked Core","Bag of Preparation","PreservedInsect","Blood Vial","Frozen Egg 2","Inserter","Art of War","Boot","Orichalcum","CeramicFish"],"acts_visited":["Exordium","TheCity"],"potions_floor_usage":[16,23,31],"damage_taken":[{"damage":1,"enemies":"Cultist","floor":1,"turns":4},{"damage":8,"enemies":"2 Louse","floor":3,"turns":2},{"damage":0,"enemies":"Jaw Worm","floor":11,"turns":4},{"damage":7,"enemies":"2 Fungi Beasts","floor":12,"turns":2},{"damage":7,"enemies":"Lagavulin","floor":14,"turns":6},{"damage":14,"enemies":"Slime Boss","floor":16,"turns":8},{"damage":25,"enemies":"2 Thieves","floor":18,"turns":4},{"damage":26,"enemies":"3 Byrds","floor":21,"turns":5},{"damage":6,"enemies":"Snecko","floor":22,"turns":4},{"damage":23,"enemies":"Book of Stabbing","floor":23,"turns":6},{"damage":9,"enemies":"Centurion and Healer","floor":27,"turns":6},{"damage":24,"enemies":"Cultist and Chosen","floor":28,"turns":9},{"damage":6,"enemies":"Chosen and Byrds","floor":31,"turns":4},{"damage":93,"enemies":"Collector","floor":33,"turns":10}],"seed_played":"-2442162645587560617","potions_obtained":[{"floor":3,"key":"LiquidMemories"},{"floor":11,"key":"EntropicBrew"},{"floor":21,"key":"EssenceOfSteel"},{"floor":23,"key":"FearPotion"},{"floor":28,"key":"PowerPotion"},{"floor":31,"key":"Swift Potion"}],"is_trial":false,"path_per_floor":["M","$","M","?","T","R","?","R","T","R","M","M","R","E","R","B",null,"M","$","?","M","M","E","?","R","T","M","M","R","T","M","R","B"],"character_chosen":"DEFECT","items_purchased":["Sweeping Beam","Bag of Preparation","Rebound","Art of War","FairyPotion"],"campfire_rested":3,"item_purchase_floors":[2,2,19,19,19],"current_hp_per_floor":[74,74,66,51,51,51,56,56,56,56,58,53,53,48,48,36,80,55,55,55,31,27,6,6,30,30,23,1,25,25,21,45,0,0],"gold":262,"neow_bonus":"HUNDRED_GOLD","is_daily":false,"chose_seed":false,"campfire_upgraded":5,"win_rate":0.0,"timestamp":1610045977,"path_taken":["M","$","?","?","?","R","?","R","T","R","M","M","R","E","R","BOSS","M","$","?","M","?","E","?","R","T","?","M","R","?","M","R","BOSS"],"items_purchased_type":["Card","Relic","Card","Relic","Potion"],"build_version":"2020-12-22","purchased_purges":0,"victory":false,"max_hp_per_floor":[75,75,75,75,75,75,80,80,80,80,80,80,80,80,80,80,80,80,80,80,80,80,80,80,80,80,80,80,80,80,80,80,80,80],"card_choices":[{"not_picked":["Sweeping Beam","Glacier"],"picked":"Reprogram","floor":1},{"not_picked":["Redo","BootSequence"],"picked":"Hello World","floor":3},{"not_picked":["Turbo","Gash"],"picked":"Hologram","floor":11},{"not_picked":["Redo","Steam Power"],"picked":"Beam Cell","floor":12},{"not_picked":["Cold Snap","Chaos"],"picked":"Streamline","floor":14},{"not_picked":["Amplify","All For One"],"picked":"Buffer+1","floor":16},{"not_picked":["Ball Lightning","Redo"],"picked":"Gash+1","floor":18},{"not_picked":["Blizzard","Static Discharge+1"],"picked":"Sweeping Beam","floor":21},{"not_picked":["Heatsinks+1","Redo"],"picked":"Conserve Battery+1","floor":22},{"not_picked":["Streamline+1","Rainbow"],"picked":"Consume","floor":23},{"not_picked":["Storm+1","Go for the Eyes"],"picked":"Coolheaded","floor":27},{"not_picked":["Redo","Turbo"],"picked":"Leap+1","floor":28},{"not_picked":["Darkness+1","Steam+1"],"picked":"Aggregate+1","floor":31}],"player_experience":71758,"relics_obtained":[{"floor":5,"key":"PreservedInsect"},{"floor":9,"key":"Blood Vial"},{"floor":14,"key":"Frozen Egg 2"},{"floor":23,"key":"Boot"},{"floor":26,"key":"Orichalcum"},{"floor":30,"key":"CeramicFish"}],"event_choices":[{"damage_healed":0,"gold_gain":0,"player_choice":"Entered Light","damage_taken":15,"max_hp_gain":0,"max_hp_loss":0,"event_name":"Shining Light","floor":4,"gold_loss":0,"cards_upgraded":["Strike_B","Defend_B"]},{"damage_healed":0,"gold_gain":0,"player_choice":"Donut","damage_taken":0,"max_hp_gain":5,"max_hp_loss":0,"event_name":"Big Fish","floor":7,"gold_loss":0},{"damage_healed":0,"gold_gain":100,"player_choice":"Pray","damage_taken":0,"max_hp_gain":0,"max_hp_loss":0,"event_name":"Golden Shrine","floor":20,"gold_loss":0},{"damage_healed":0,"gold_gain":0,"player_choice":"Upgraded","damage_taken":0,"max_hp_gain":0,"max_hp_loss":0,"event_name":"Upgrade Shrine","floor":24,"gold_loss":0,"cards_upgraded":["Consume"]}],"is_beta":false,"boss_relics":[{"not_picked":["Velvet Choker","Empty Cage"],"picked":"Inserter"}],"items_purged_floors":[],"is_endless":false,"potions_floor_spawned":[3,11,21,23,28,31],"killed_by":"Collector","ascension_level":0}}