{"host":"1c52r9kaxdyo25eq","time":1610045104,"event":{"mods":["AchievementEnabler","BaseMod","Minty Spire (QoL Compilation)","Rare Cards Sparkle","SuperFastMode","everything is the same but u backflip on backflip"],"gold_per_floor":[112,129,54,54,69,69,87,97,97,97,97,110,127,137,137,208,208,218,218,235,135,151,151,151],"floor_reached":23,"playtime":643,"items_purged":["Strike_G","Strike_G"],"score":374,"play_id":"9423c622-3aac-465b-93a8-028e5b0805e6","local_time":"20210108034504","is_ascension_mode":true,"campfire_choices":[{"data":"Neutralize","floor":6.0,"key":"SMITH"},{"floor":10.0,"key":"REST"},{"floor":15.0,"key":"REST"}],"circlet_count":0,"master_deck":["AscendersBane","Strike_G","Strike_G","Strike_G","Defend_G","Defend_G","Defend_G","Defend_G","Defend_G","Survivor","Neutralize+1","Grand Finale","Escape Plan","Escape Plan","Escape Plan","Well Laid Plans","A Thousand Cuts","Reflex","Reflex"],"relics":["Ring of the Snake","Happy Flower","SacredBark"],"acts_visited":["Exordium","TheCity"],"potions_floor_usage":[20,22,23],"damage_taken":[{"damage":1.0,"enemies":"Small Slimes","floor":1.0,"turns":5.0},{"damage":6.0,"enemies":"Cultist","floor":2.0,"turns":4.0},{"damage":0.0,"enemies":"2 Louse","floor":5.0,"turns":3.0},{"damage":13.0,"enemies":"2 Fungi Beasts","floor":7.0,"turns":6.0},{"damage":26.0,"enemies":"Red Slaver","floor":8.0,"turns":7.0},{"damage":10.0,"enemies":"Lots of Slimes","floor":12.0,"turns":6.0},{"damage":27.0,"enemies":"Large Slime","floor":13.0,"turns":11.0},{"damage":1.0,"enemies":"Blue Slaver","floor":14.0,"turns":5.0},{"damage":10.0,"enemies":"Hexaghost","floor":16.0,"turns":9.0},{"damage":11.0,"enemies":"Spheric Guardian","floor":18.0,"turns":4.0},{"damage":8,"enemies":"3 Byrds","floor":20,"turns":4},{"damage":42,"enemies":"Snake Plant","floor":22,"turns":8},{"damage":30,"enemies":"Slavers","floor":23,"turns":3}],"seed_played":"-238411970948124299","potions_obtained":[{"floor":2.0,"key":"SpeedPotion"},{"floor":8.0,"key":"SteroidPotion"},{"floor":14.0,"key":"EntropicBrew"},{"floor":22,"key":"Weak Potion"}],"is_trial":false,"path_per_floor":["M","M","$","?","M","R","M","M","T","R","?","M","M","M","R","B",null,"M","?","M","$","M","E"],"character_chosen":"THE_SILENT","items_purchased":[],"campfire_rested":2,"item_purchase_floors":[],"current_hp_per_floor":[58,52,52,52,52,52,39,13,13,31,51,41,14,13,31,21,50,39,39,31,31,38,8,8],"gold":151,"neow_bonus":"THREE_RARE_CARDS","is_daily":false,"chose_seed":false,"campfire_upgraded":1,"win_rate":0.0,"timestamp":1610045104,"path_taken":["M","M","$","?","?","R","M","M","T","R","?","M","M","M","R","BOSS","M","?","?","$","M","E"],"items_purchased_type":[],"build_version":"2020-12-22","purchased_purges":2,"victory":false,"max_hp_per_floor":[60,60,60,60,60,60,60,60,60,60,60,60,60,60,60,60,60,60,60,60,60,60,60,60],"card_choices":[{"not_picked":["Wraith Form v2","Glass Knife"],"picked":"Grand Finale","floor":0.0},{"not_picked":["Deflect","Distraction","Outmaneuver"],"picked":"SKIP","floor":1.0},{"not_picked":["Dash","Bane"],"picked":"Escape Plan","floor":2.0},{"not_picked":["Dagger Spray","Bane"],"picked":"Escape Plan","floor":5.0},{"not_picked":["Outmaneuver","Dagger Spray","Sucker Punch"],"picked":"SKIP","floor":7.0},{"not_picked":["Slice","Riddle With Holes","Blade Dance"],"picked":"SKIP","floor":8.0},{"not_picked":["Cloak And Dagger","Poisoned Stab"],"picked":"Escape Plan","floor":12.0},{"not_picked":["Quick Slash","Flying Knee"],"picked":"Well Laid Plans","floor":13.0},{"not_picked":["Accuracy","Blade Dance"],"picked":"A Thousand Cuts","floor":14.0},{"not_picked":["Flying Knee","Outmaneuver"],"picked":"Reflex","floor":18.0},{"not_picked":["Flying Knee","Deflect","Blade Dance"],"picked":"SKIP","floor":20},{"not_picked":["Outmaneuver","Leg Sweep","Distraction"],"picked":"SKIP","floor":22}],"player_experience":556968,"relics_obtained":[{"floor":9.0,"key":"Happy Flower"}],"event_choices":[{"damage_healed":0.0,"max_hp_gain":0.0,"max_hp_loss":0.0,"gold_gain":0.0,"event_name":"Match and Keep!","player_choice":"0 cards matched","floor":4.0,"gold_loss":0.0,"damage_taken":0.0,"cards_obtained":[]},{"damage_healed":20.0,"max_hp_gain":0.0,"max_hp_loss":0.0,"gold_gain":0.0,"event_name":"Big Fish","player_choice":"Banana","floor":11.0,"gold_loss":0.0,"damage_taken":0.0},{"damage_healed":0.0,"max_hp_gain":0.0,"max_hp_loss":0.0,"gold_gain":0.0,"event_name":"Duplicator","player_choice":"Copied","floor":19.0,"gold_loss":0.0,"damage_taken":0.0,"cards_obtained":["Reflex"]}],"is_beta":false,"boss_relics":[{"not_picked":["Velvet Choker","Ectoplasm"],"picked":"SacredBark"}],"items_purged_floors":[3,21],"is_endless":false,"potions_floor_spawned":[2,8,14,22],"killed_by":"Slavers","ascension_level":20}}