{"host":"ika5blmljv34vrx1","time":1610010427,"event":{"mods":["AchievementEnabler","Act Like it!","Aspiration","BaseMod","CapriCore","Challenge The Spire","Conspire","Gensokyo","Gold Saver","Grow up Mod","KinomotoSakuraMod(ƒæ÷Æ±æ”£)","Koishi","Marisa£®ÏF”Í°°ƒß¿Ì…≥£©","Minty Spire (QoL Compilation)","Pale of the Ancients","Quick Restart","Reimu£®≤©¿ˆ¡È√Œ£©","Remilia£®¿Ÿ√◊¿Ú—«£©","Remove Card Discount Mod","Replay The Spire","StSLib","The Immortal","Yakumo Yukari mod"],"gold_per_floor":[2553,2023,2023,1224,922,949,977,1205,1205,1205,1217,1245,1245,1270,1270,1347,1347,1359,1359,681,781,454,454,454,454,454,469,22,22,248,298,298,675,675,691,601,647,647,675,675,675,675,675,335,384,384,78,78,78,58,38,251,241,241,195,195,208,208,160,160,160],"floor_reached":62,"playtime":3151,"items_purged":["Koishi:Jaunt","Koishi:PhilosophyOfTheDespised","Koishi:Catatonia","Koishi:JumpScare","Spreading Infection","Koishi:LastRemote","Koishi:TraumaticStroke","Koishi:RorschachInDanmaku","Koishi:SprinkleStarAndHeart+1","Poor:ReiMu","Amnesia","Koishi:PhantomBarrier+1"],"score":3357,"play_id":"5140d7bb-3c16-4e2a-9958-27e1c0d1f6ea","local_time":"20210107170707","daily_mods":["SealedDeck","Heirloom","Time Dilation","Flight"],"is_ascension_mode":true,"campfire_choices":[{"floor":10.0,"key":"RECALL"},{"data":"Koishi:PhantomBarrier","floor":15.0,"key":"SMITH"},{"data":"Koishi:SprinkleStarAndHeart","floor":23.0,"key":"SMITH"},{"data":"1","floor":25.0,"key":"LIFT"},{"data":"2","floor":32.0,"key":"LIFT"},{"data":"Koishi:UnconsciousUrges","floor":40.0,"key":"SMITH"},{"data":"Koishi:UnseenTerror","floor":40.0,"key":"SMITH"},{"data":"Koishi:YoukaiPolygraph","floor":42.0,"key":"SMITH"},{"data":"Koishi:ApparitionsStalkTheNight","floor":42.0,"key":"SMITH"},{"data":"3","floor":49.0,"key":"LIFT"},{"floor":56.0,"key":"REST"},{"floor":58.0,"key":"REST"}],"circlet_count":0,"master_deck":["AscendersBane","Koishi:FleetingPhantom+1","Koishi:YoukaiPolygraph+1","Koishi:UnseenTerror+1","Koishi:PerfectMindControl+1","Koishi:Heartbroken+1","Koishi:ConfinedInnocent+1","Koishi:SilentAndRestless+1","Koishi:ApparitionsStalkTheNight+1","Gensokyo:CustomPotion","Koishi:UnconsciousUrges+1","Gensokyo:UnlikelyAid+1"],"relics":["Koishi:ImaginaryFriend","Koishi:ImperfectMetamorphosis","aspiration:StickyExplosives","Gensokyo:Justice","conspire:TreasureMap","Medical Kit","TheAbacus","ClockworkSouvenir","War Paint","Vajra","Regal Pillow","Golden Egg","Replay:Baseball","Calipers","Bronze Scales","Blood Vial","Busted Crown","Ring of Searing","Ring of Hypnosis","HandDrill","OrangePellets","TentaclePot:ReiMu","Mango","Girya","Omamori","Frozen Eye","aspiration:FetidBarrel","CrazyTorch:ReiMu","Ancient Tea Set","aspiration:FrozenJewel","Koishi:EchoesOfADeadGirl","Juzu Bracelet","Akabeko","Cursed Key","Replay:Arrowhead","Replay:Accelerometer","Gensokyo:DualWield","The Courier","Bag of Preparation","Bag of Marbles","Bottled Tornado","Koishi:BloodstainedWhiteRose","Sling","ReplayTheSpireMod:CursedCoin","paleoftheancients:Timepiece","paleoftheancients:KeyRelic","Oddly Smooth Stone","Gremlin Horn","Mirror","Replay:Kaleidoscope","paleoftheancients:SoulOfTheBandit"],"acts_visited":["Exordium","Gensokyo:Gensokyo","Gensokyo:Gensokyoer","Gensokyo:Gensokyoest"],"potions_floor_usage":[61],"damage_taken":[{"damage":7.0,"enemies":"Gensokyo:2_Kodama","floor":1.0,"turns":3.0},{"damage":1.0,"enemies":"Gensokyo:Mamizou","floor":6.0,"turns":8.0},{"damage":12.0,"enemies":"Gensokyo:Aya","floor":7.0,"turns":4.0},{"damage":1.0,"enemies":"Gensokyo:Mamizou","floor":8.0,"turns":5.0},{"damage":9.0,"enemies":"Gensokyo:Gryphon","floor":11.0,"turns":2.0},{"damage":0.0,"enemies":"Gensokyo:Aya","floor":12.0,"turns":3.0},{"damage":4.0,"enemies":"Gensokyo:Reimu","floor":16.0,"turns":5.0},{"damage":0.0,"enemies":"Gensokyo:CosmicMonolith","floor":18.0,"turns":1.0},{"damage":38.0,"enemies":"Gensokyo:CosmicMonolith","floor":21.0,"turns":6.0},{"damage":17.0,"enemies":"Gensokyo:AngelMirror","floor":27.0,"turns":2.0},{"damage":25.0,"enemies":"Gensokyo:Koishi","floor":30.0,"turns":5.0},{"damage":39.0,"enemies":"Gensokyo:Eternal_Rivals","floor":33.0,"turns":7.0},{"damage":6.0,"enemies":"Gensokyo:AncientGuardian","floor":35.0,"turns":2.0},{"damage":16.0,"enemies":"conspire:MimicChest","floor":39.0,"turns":3.0},{"damage":10.0,"enemies":"conspire:MimicChest","floor":48.0,"turns":3.0},{"damage":19.0,"enemies":"Gensokyo:Shinki","floor":50.0,"turns":6.0},{"damage":11.0,"enemies":"Gensokyo:Yuyuko","floor":51.0,"turns":2.0},{"damage":7.0,"enemies":"Gensokyo:Yuyuko","floor":52.0,"turns":2.0},{"damage":11.0,"enemies":"Gensokyo:Yuyuko","floor":53.0,"turns":2.0},{"damage":11.0,"enemies":"Gensokyo:Yuyuko","floor":57.0,"turns":3.0},{"damage":13,"enemies":"paleoftheancients:N","floor":61,"turns":4}],"seed_played":"5661191034843696589","potions_obtained":[{"floor":6.0,"key":"Strength Potion"},{"floor":16.0,"key":"Elixir"},{"floor":30.0,"key":"Strength Potion"},{"floor":52.0,"key":"Dexterity Potion"}],"is_trial":true,"path_per_floor":["M","$","?","COS","$","E","E","E","T","R","M","E","?","T","R","B",null,"M","?","COS","?","$","R","?","R","T","M","$","?","E","T","R","B",null,"M","?","?","?","?","R","?","R","T","$","T","?","COS","?","R","B","B","M","M","?","$","R","M","R","$","?","B",null],"character_chosen":"KOISHI","items_purchased":["aspiration:StickyExplosives","Koishi:PerfectMindControl","Reflective Coating","Koishi:SprinkleStarAndHeart","War Paint","AttackPotion","Omamori","Frozen Eye","Ancient Tea Set","aspiration:FrozenJewel","Bag of Marbles","Bottled Tornado","Swift Potion","Adrenaline Potion"],"campfire_rested":2,"item_purchase_floors":[2,2,2,5,5,5,22,22,28,28,44,44,55,59],"current_hp_per_floor":[66,76,86,96,106,121,121,134,144,154,157,169,197,207,217,227,237,247,257,267,255,265,275,285,295,305,302,312,322,311,321,331,308,372,380,390,400,410,410,420,430,440,450,460,470,455,465,475,485,487,544,564,577,590,600,610,615,630,640,650,653],"gold":160,"neow_bonus":"","is_daily":false,"chose_seed":false,"campfire_upgraded":6,"win_rate":0.0,"timestamp":1610010427,"path_taken":["M","$","?","COS","?","E","E","E","T","R","?","E","?","?","R","BOSS","M","?","COS","?","$","R","?","R","T","?","$","?","E","?","R","BOSS","M","?","?","?","?","R","?","R","T","$","?","?","COS","?","R","BOSS","BOSS","M","M","?","$","R","M","R","$","?","BOSS"],"items_purchased_type":["Relic","Card","Potion","Card","Relic","Potion","Relic","Relic","Relic","Relic","Relic","Relic","Potion","Potion"],"build_version":"2020-12-22","purchased_purges":12,"victory":true,"max_hp_per_floor":[77,87,97,107,117,127,137,147,157,167,177,187,197,207,217,227,237,247,257,267,291,301,311,290,300,310,320,330,340,350,360,370,380,390,400,410,420,430,440,450,460,470,480,490,500,510,520,530,540,550,560,570,580,590,600,610,620,630,640,650,660],"card_choices":[{"not_picked":["Koishi:PhantomStrike","Koishi:FourthEye"],"picked":"Koishi:UnseenTerror","floor":1.0},{"not_picked":["Koishi:HeartfeltFancy+1","Koishi:UnseenTerror+1","Koishi:RorschachInDanmaku+1"],"picked":"SKIP","floor":6.0},{"not_picked":["Koishi:SubconsciousSweep","Koishi:Bloodlust","Koishi:Jaunt"],"picked":"SKIP","floor":6.0},{"not_picked":["Koishi:GrowingPain","Koishi:ConditionedTeleport"],"picked":"Koishi:Heartbroken","floor":7.0},{"not_picked":["Koishi:GeneticsOfTheUnconscious","Koishi:SpiritedAway","Koishi:DreadfulBlow"],"picked":"SKIP","floor":7.0},{"not_picked":["Koishi:StingingMind","Koishi:DreadfulBlow"],"picked":"Koishi:ConfinedInnocent","floor":8.0},{"not_picked":["Koishi:HeartfeltFancy","Koishi:Vanish","Koishi:Possession"],"picked":"SKIP","floor":11.0},{"not_picked":["Koishi:DanmakuParanoia","Koishi:ReflexRadar","Koishi:MassHysteria"],"picked":"SKIP","floor":12.0},{"not_picked":["Koishi:SuperEgo","Koishi:HeartStoppingHorror"],"picked":"Koishi:SilentAndRestless","floor":16.0},{"not_picked":["Koishi:UnconsciousUprising"],"picked":"SKIP","floor":18.0},{"not_picked":[],"picked":"Koishi:RorschachInDanmaku","floor":27.0},{"not_picked":["Koishi:SilentAndRestless"],"picked":"SKIP","floor":30.0},{"not_picked":["Koishi:UnansweredLove"],"picked":"SKIP","floor":30.0},{"not_picked":["Koishi:MassHysteria+1"],"picked":"SKIP","floor":35.0},{"not_picked":[],"picked":"Koishi:UnconsciousUrges","floor":37.0},{"not_picked":["Gensokyo:DreamlikeParadise+1","Gensokyo:RainbowDanmaku+1"],"picked":"Gensokyo:UnlikelyAid+1","floor":48.0},{"not_picked":["Koishi:EmbersOfLove+1"],"picked":"SKIP","floor":52.0},{"not_picked":["Koishi:Prune"],"picked":"SKIP","floor":53.0},{"not_picked":["Koishi:SpiritedAway"],"picked":"SKIP","floor":57.0}],"player_experience":2070691,"relics_obtained":[{"floor":6.0,"key":"Vajra"},{"floor":7.0,"key":"Golden Egg"},{"floor":8.0,"key":"Calipers"},{"floor":12.0,"key":"Bronze Scales"},{"floor":14.0,"key":"Blood Vial"},{"floor":19.0,"key":"Ring of Searing"},{"floor":19.0,"key":"Ring of Hypnosis"},{"floor":21.0,"key":"Mango"},{"floor":21.0,"key":"Girya"},{"floor":26.0,"key":"CrazyTorch:ReiMu"},{"floor":30.0,"key":"Juzu Bracelet"},{"floor":31.0,"key":"Akabeko"},{"floor":37.0,"key":"Replay:Accelerometer"},{"floor":39.0,"key":"The Courier"},{"floor":43.0,"key":"Bag of Preparation"},{"floor":45.0,"key":"Koishi:BloodstainedWhiteRose"},{"floor":57.0,"key":"paleoftheancients:SoulOfTheBandit"}],"event_choices":[{"damage_healed":0.0,"max_hp_gain":0.0,"max_hp_loss":0.0,"gold_gain":0.0,"event_name":"conspire:Investor","player_choice":"Leave","floor":46.0,"gold_loss":0.0,"damage_taken":0.0}],"is_beta":false,"boss_relics":[{"not_picked":["ChewingGum","Astrolabe"],"picked":"Busted Crown"},{"not_picked":["conspire:SlowCooker","aspiration:SilentSkillbook"],"picked":"Cursed Key"}],"items_purged_floors":[2,2,2,2,22,22,28,44,44,55,55,59],"is_endless":false,"potions_floor_spawned":[6,16,30,52,57],"ascension_level":20}}