{"host":"lfkm02e6knrs2y3u","time":1610061830,"event":{"mods":["2.2 Compatiblity","AchievementEnabler","BaseMod","Colored Map","Highlight Path","Minty Spire (QoL Compilation)","Random Character Button","Rare Cards Sparkle","StSLib"],"gold_per_floor":[114,129,144,159,174,204,204,234,259,274,274,274,289,319,319,419,419,434,449,464,464,479,509,524,524,524,554,569,584,599,614,614,723,723,738,1053,1068,1083,1098,1098,1137,1137,1137,1152,93,132,147,162,162,162],"floor_reached":51,"playtime":2456,"items_purged":["Alpha+1"],"score":1108,"play_id":"206ae5b6-807e-4663-9525-61ce87ec86a9","local_time":"20210108002350","daily_mods":["SealedDeck","Vintage","Lethality"],"is_ascension_mode":false,"campfire_choices":[{"data":"Conclude","floor":7,"key":"SMITH"},{"data":"WheelKick","floor":11,"key":"SMITH"},{"data":"Consecrate","floor":15,"key":"SMITH"},{"data":"Prostrate","floor":25,"key":"SMITH"},{"data":"Prostrate","floor":32,"key":"SMITH"},{"data":"EmptyMind","floor":40,"key":"SMITH"},{"data":"Protect","floor":42,"key":"SMITH"},{"data":"EmptyBody","floor":49,"key":"SMITH"}],"circlet_count":0,"master_deck":["Consecrate+1","Prostrate+1","Crescendo","EmptyMind+1","WheelKick+1","Protect+1","Prostrate+1","EmptyBody+1","BowlingBash+1","Conclude+1","DeceiveReality+1","EmptyBody+1","InnerPeace+1","Blasphemy+1","Tantrum+1","BattleHymn+1","WaveOfTheHand+1"],"relics":["PureWater","TeardropLocket","Shuriken","Bronze Scales","Matryoshka","Mercury Hourglass","Vajra","Toxic Egg 2","MealTicket","Potion Belt","Meat on the Bone","Incense Burner","Happy Flower","Busted Crown","Mummified Hand","Anchor","Blood Vial","Question Card","Smiling Mask","The Courier","CeramicFish","Pen Nib","Lizard Tail","Whetstone","HornCleat","Ornamental Fan","StrikeDummy","VioletLotus","Pear","Old Coin","Dream Catcher","Frozen Egg 2","Strawberry","Yang","Bottled Lightning","Letter Opener","Kunai","Orichalcum","Frozen Eye","Eternal Feather","InkBottle","Akabeko","Bottled Flame","Blue Candle","White Beast Statue"],"acts_visited":["Exordium","TheCity","TheBeyond"],"potions_floor_usage":[16,22,28,29,47,50,50,50,50,50,50,50],"damage_taken":[{"damage":2,"enemies":"Jaw Worm","floor":1,"turns":3},{"damage":0,"enemies":"2 Louse","floor":2,"turns":2},{"damage":0,"enemies":"Cultist","floor":3,"turns":2},{"damage":0,"enemies":"Looter","floor":4,"turns":2},{"damage":0,"enemies":"Large Slime","floor":5,"turns":2},{"damage":0,"enemies":"Gremlin Nob","floor":6,"turns":2},{"damage":0,"enemies":"3 Sentries","floor":8,"turns":2},{"damage":8,"enemies":"Gremlin Gang","floor":10,"turns":2},{"damage":0,"enemies":"3 Louse","floor":13,"turns":1},{"damage":0,"enemies":"Gremlin Nob","floor":14,"turns":2},{"damage":4,"enemies":"Hexaghost","floor":16,"turns":5},{"damage":0,"enemies":"Chosen","floor":18,"turns":3},{"damage":0,"enemies":"Spheric Guardian","floor":19,"turns":2},{"damage":0,"enemies":"Centurion and Healer","floor":20,"turns":2},{"damage":1,"enemies":"Snecko","floor":22,"turns":3},{"damage":8,"enemies":"Gremlin Leader","floor":23,"turns":3},{"damage":0,"enemies":"Sentry and Sphere","floor":24,"turns":2},{"damage":0,"enemies":"Slavers","floor":27,"turns":3},{"damage":0,"enemies":"Centurion and Healer","floor":28,"turns":2},{"damage":0,"enemies":"Chosen and Byrds","floor":29,"turns":3},{"damage":0,"enemies":"Snecko","floor":30,"turns":3},{"damage":2,"enemies":"Sentry and Sphere","floor":31,"turns":4},{"damage":1,"enemies":"Automaton","floor":33,"turns":4},{"damage":0,"enemies":"Orb Walker","floor":35,"turns":2},{"damage":0,"enemies":"3 Darklings","floor":36,"turns":1},{"damage":0,"enemies":"Maw","floor":37,"turns":5},{"damage":0,"enemies":"4 Shapes","floor":38,"turns":1},{"damage":0,"enemies":"Sphere and 2 Shapes","floor":39,"turns":1},{"damage":0,"enemies":"Reptomancer","floor":41,"turns":2},{"damage":0,"enemies":"3 Darklings","floor":44,"turns":2},{"damage":0,"enemies":"Giant Head","floor":46,"turns":2},{"damage":0,"enemies":"Jaw Worm Horde","floor":47,"turns":2},{"damage":0,"enemies":"4 Shapes","floor":48,"turns":2},{"damage":0,"enemies":"Time Eater","floor":50,"turns":3}],"seed_played":"8350349167999303424","potions_obtained":[{"floor":2,"key":"BlessingOfTheForge"},{"floor":6,"key":"FearPotion"},{"floor":10,"key":"FairyPotion"},{"floor":14,"key":"DuplicationPotion"},{"floor":18,"key":"StancePotion"},{"floor":19,"key":"LiquidMemories"},{"floor":23,"key":"EntropicBrew"},{"floor":28,"key":"Fruit Juice"},{"floor":29,"key":"LiquidBronze"},{"floor":33,"key":"SteroidPotion"},{"floor":38,"key":"DuplicationPotion"},{"floor":47,"key":"BottledMiracle"}],"is_trial":false,"path_per_floor":["M","M","M","M","M","E","R","E","T","M","R","?","M","E","R","B",null,"M","M","M","?","M","E","M","R","T","E","M","M","M","M","R","B",null,"M","M","M","M","M","R","E","R","T","M","$","E","M","M","R","B",null],"character_chosen":"WATCHER","items_purchased":["Kunai","Orichalcum","Frozen Eye","Eternal Feather","BattleHymn+1","InkBottle","Akabeko"],"campfire_rested":0,"item_purchase_floors":[45,45,45,45,45,45,45],"current_hp_per_floor":[70,70,70,70,70,70,70,70,70,62,62,62,62,62,62,58,72,72,72,72,72,71,64,66,66,66,68,75,77,77,75,75,76,77,87,87,87,87,94,94,94,94,94,94,94,94,94,94,94,94],"gold":162,"neow_bonus":"","is_daily":true,"chose_seed":false,"campfire_upgraded":8,"win_rate":0.0,"timestamp":1610061830,"path_taken":["M","M","M","M","M","E","R","E","T","M","R","?","M","E","R","BOSS","M","M","M","?","M","E","M","R","T","E","M","M","M","M","R","BOSS","M","M","M","M","M","R","E","R","T","M","$","E","M","M","R","BOSS"],"items_purchased_type":["Relic","Relic","Relic","Relic","Card","Relic","Relic"],"build_version":"2020-12-22","purchased_purges":1,"victory":true,"max_hp_per_floor":[72,72,72,72,72,72,72,72,72,72,72,72,72,72,72,72,72,72,72,72,72,72,72,72,72,72,72,77,77,77,77,77,77,77,87,87,87,87,94,94,94,94,94,94,94,94,94,94,94,94],"card_choices":[{"not_picked":["CutThroughFate","EmptyFist","Adaptation"],"picked":"SKIP","floor":6},{"not_picked":["PathToVictory+1","FearNoEvil"],"picked":"DeceiveReality+1","floor":8},{"not_picked":["Swivel+1","Halt+1"],"picked":"EmptyBody+1","floor":14},{"not_picked":["Establishment","DeusExMachina+1"],"picked":"Alpha+1","floor":16},{"not_picked":["Halt+1"],"picked":"InnerPeace+1","floor":23},{"not_picked":["CarveReality","FollowUp+1"],"picked":"SKIP","floor":27},{"not_picked":["Alpha+1"],"picked":"Blasphemy+1","floor":33},{"not_picked":["EmptyBody+1"],"picked":"Tantrum+1","floor":41},{"not_picked":["Protect+1"],"picked":"WaveOfTheHand+1","floor":46}],"player_experience":685775,"relics_obtained":[{"floor":1,"key":"TeardropLocket"},{"floor":2,"key":"Shuriken"},{"floor":3,"key":"Bronze Scales"},{"floor":4,"key":"Matryoshka"},{"floor":5,"key":"Mercury Hourglass"},{"floor":6,"key":"Vajra"},{"floor":8,"key":"Toxic Egg 2"},{"floor":9,"key":"MealTicket"},{"floor":9,"key":"Potion Belt"},{"floor":10,"key":"Meat on the Bone"},{"floor":13,"key":"Incense Burner"},{"floor":14,"key":"Happy Flower"},{"floor":18,"key":"Mummified Hand"},{"floor":19,"key":"Anchor"},{"floor":20,"key":"Blood Vial"},{"floor":22,"key":"Question Card"},{"floor":23,"key":"Smiling Mask"},{"floor":24,"key":"The Courier"},{"floor":26,"key":"CeramicFish"},{"floor":26,"key":"Pen Nib"},{"floor":27,"key":"Lizard Tail"},{"floor":28,"key":"Whetstone"},{"floor":29,"key":"HornCleat"},{"floor":30,"key":"Ornamental Fan"},{"floor":31,"key":"StrikeDummy"},{"floor":35,"key":"Pear"},{"floor":36,"key":"Old Coin"},{"floor":37,"key":"Dream Catcher"},{"floor":38,"key":"Frozen Egg 2"},{"floor":39,"key":"Strawberry"},{"floor":41,"key":"Yang"},{"floor":43,"key":"Bottled Lightning"},{"floor":44,"key":"Letter Opener"},{"floor":46,"key":"Bottled Flame"},{"floor":47,"key":"Blue Candle"},{"floor":48,"key":"White Beast Statue"}],"event_choices":[{"damage_healed":0,"gold_gain":0,"player_choice":"Ignored","damage_taken":0,"max_hp_gain":0,"max_hp_loss":0,"event_name":"Liars Game","floor":12,"gold_loss":0},{"damage_healed":0,"gold_gain":0,"player_choice":"Ignored","damage_taken":0,"max_hp_gain":0,"max_hp_loss":0,"event_name":"Ghosts","floor":21,"gold_loss":0}],"is_beta":false,"boss_relics":[{"not_picked":["Philosopher\u0027s Stone","Sozu"],"picked":"Busted Crown"},{"not_picked":["SlaversCollar","Velvet Choker"],"picked":"VioletLotus"}],"items_purged_floors":[45],"is_endless":false,"potions_floor_spawned":[2,6,10,14,18,19,23,28,29,33,37,38,46,47,48],"ascension_level":0}}