{"host":"x1qj4d8ympd5jdqh","time":1610016469,"event":{"mods":["AchievementEnabler","AlwaysNeverKeys","BaseMod","Colored Map","Custom Start","DeckTracker","Highlight Path","Minty Spire (QoL Compilation)","StSLib","SuperFastMode"],"gold_per_floor":[117,131,131,145,163,188,188,217,262,262,280,280,308,322,322,398,398,412,210,220,231,32,32,32],"floor_reached":23,"playtime":831,"items_purged":["Strike_R","Strike_R"],"score":426,"play_id":"2b4c3d38-f4b7-4266-98e9-9195a26a83cf","local_time":"20210107194749","is_ascension_mode":true,"campfire_choices":[{"data":"Carnage","floor":7.0,"key":"SMITH"},{"floor":10,"key":"REST"},{"data":"Body Slam","floor":12,"key":"SMITH"},{"data":"Bash","floor":15,"key":"SMITH"}],"circlet_count":0,"master_deck":["AscendersBane","Strike_R","Strike_R","Strike_R","Defend_R","Defend_R","Defend_R","Defend_R","Bash+1","Body Slam+1","Ghostly Armor","Combust","Carnage+1","Shrug It Off+1","Spot Weakness+1","Warcry+1","Armaments+1","Barricade","Bloodletting+1","Second Wind+1","Dark Embrace"],"relics":["Burning Blood","Question Card","Toxic Egg 2","Anchor","Bronze Scales","Blue Candle","SlaversCollar"],"acts_visited":["Exordium","TheCity"],"potions_floor_usage":[13,16,16,20,23],"damage_taken":[{"damage":11.0,"enemies":"Small Slimes","floor":1.0,"turns":4.0},{"damage":6.0,"enemies":"Cultist","floor":2.0,"turns":3.0},{"damage":3.0,"enemies":"2 Louse","floor":4.0,"turns":2.0},{"damage":6.0,"enemies":"Looter","floor":5.0,"turns":5.0},{"damage":20.0,"enemies":"3 Sentries","floor":6.0,"turns":8.0},{"damage":56,"enemies":"Gremlin Nob","floor":8,"turns":5},{"damage":0,"enemies":"Red Slaver","floor":11,"turns":4},{"damage":14,"enemies":"Lagavulin","floor":13,"turns":6},{"damage":1,"enemies":"3 Louse","floor":14,"turns":2},{"damage":15,"enemies":"The Guardian","floor":16,"turns":11},{"damage":13,"enemies":"Shell Parasite","floor":18,"turns":9},{"damage":25,"enemies":"Chosen","floor":20,"turns":4},{"damage":30,"enemies":"Snake Plant","floor":21,"turns":4},{"damage":19,"enemies":"Slavers","floor":23,"turns":3}],"seed_played":"7964346442435613151","potions_obtained":[{"floor":1.0,"key":"Dexterity Potion"},{"floor":2.0,"key":"SmokeBomb"},{"floor":5.0,"key":"HeartOfIron"},{"floor":8,"key":"BloodPotion"},{"floor":14,"key":"Energy Potion"},{"floor":16,"key":"Strength Potion"},{"floor":21,"key":"SteroidPotion"}],"is_trial":false,"path_per_floor":["M","M","?","M","M","E","R","E","T","R","M","R","E","M","R","B",null,"M","$","M","M","$","E"],"character_chosen":"IRONCLAD","items_purchased":["Weak Potion","Bloodletting+1","Dark Embrace","Energy Potion"],"campfire_rested":1,"item_purchase_floors":[19,19,22,22],"current_hp_per_floor":[70,70,70,73,73,59,59,9,9,33,39,39,47,52,52,43,72,65,65,46,22,22,3,3],"gold":32,"neow_bonus":"TEN_PERCENT_HP_BONUS","is_daily":false,"chose_seed":false,"campfire_upgraded":3,"win_rate":0.0,"timestamp":1610016469,"path_taken":["M","M","?","M","M","E","R","E","T","R","M","R","E","?","R","BOSS","M","$","M","?","$","E"],"items_purchased_type":["Potion","Card","Card","Potion"],"build_version":"2020-12-22","purchased_purges":2,"victory":false,"max_hp_per_floor":[82,82,82,82,82,82,82,82,82,82,82,82,82,82,82,82,82,82,82,82,82,82,82,82],"card_choices":[{"not_picked":["Entrench","Seeing Red"],"picked":"Body Slam","floor":1.0},{"not_picked":["Fire Breathing","Flex"],"picked":"Ghostly Armor","floor":2.0},{"not_picked":["Shrug It Off","Iron Wave","Flex"],"picked":"Combust","floor":4.0},{"not_picked":["Clothesline","Bloodletting","Pommel Strike"],"picked":"Carnage","floor":5.0},{"not_picked":["Brutality","Reaper","Berserk","Body Slam"],"picked":"SKIP","floor":6.0},{"not_picked":["Limit Break+1","Bloodletting+1","Entrench+1"],"picked":"Shrug It Off+1","floor":8},{"not_picked":["Sever Soul","Dual Wield+1","Pommel Strike"],"picked":"Spot Weakness+1","floor":11},{"not_picked":["True Grit+1","Body Slam","Sword Boomerang"],"picked":"Warcry+1","floor":13},{"not_picked":["Rampage","Sever Soul","Havoc+1"],"picked":"Armaments+1","floor":14},{"not_picked":["Berserk","Reaper","Immolate"],"picked":"Barricade","floor":16},{"not_picked":["True Grit+1","Headbutt","Iron Wave","Spot Weakness+1"],"picked":"SKIP","floor":18},{"not_picked":["Iron Wave","Carnage+1","Clash","True Grit+1"],"picked":"SKIP","floor":20},{"not_picked":["Body Slam","Intimidate+1","Flex+1"],"picked":"Second Wind+1","floor":21}],"player_experience":1323237,"relics_obtained":[{"floor":6.0,"key":"Toxic Egg 2"},{"floor":8,"key":"Anchor"},{"floor":9,"key":"Bronze Scales"},{"floor":13,"key":"Blue Candle"}],"event_choices":[{"damage_healed":0.0,"max_hp_gain":0.0,"max_hp_loss":0.0,"gold_gain":0.0,"event_name":"WeMeetAgain","player_choice":"Gave Potion","floor":3.0,"gold_loss":0.0,"damage_taken":0.0,"relics_obtained":["Question Card"]}],"is_beta":false,"boss_relics":[{"not_picked":["Calling Bell","Ectoplasm"],"picked":"SlaversCollar"}],"items_purged_floors":[19,22],"is_endless":false,"potions_floor_spawned":[1,2,5,8,14,16,21],"killed_by":"Slavers","ascension_level":20}}