{"host":"69bxgjr0sv0a6xc4","time":1610037196,"event":{"mods":["Act Like it!","BaseMod","Better Altar","Better Match","Better Note","Better Sensory Stone","Better Skull","Better Third Choice","BetterRewards","DeckTracker","Friendly Minions","Jorbs\u0027s Wanderer Trilogy","Lobotomy","LobotomyExtend","Minty Spire (QoL Compilation)","Relic Stats","Spicy Shops","StSLib","The Bladedancer","Unceasing Turn Reminder"],"gold_per_floor":[274,23,43,43,43,43,54,54,54],"floor_reached":8,"playtime":921,"items_purged":["Strike_G"],"score":98,"play_id":"f833359e-a906-4f28-92d8-fdee786b3a1e","local_time":"20210107173316","is_ascension_mode":true,"campfire_choices":[],"circlet_count":0,"master_deck":["AscendersBane","Strike_G","Strike_G","Strike_G","Strike_G","Defend_G","Defend_G","Defend_G","Defend_G","Defend_G","Survivor","Neutralize","Crippling Poison","Footwork","Malaise","Blur","Calculated Gamble","SpiderBud","Backstab","FairyFestival","Deadly Poison"],"relics":["Ring of the Snake","CogitoBucket","LetterFromLob","Orrery"],"acts_visited":["Exordium"],"potions_floor_usage":[6],"damage_taken":[{"damage":2,"enemies":"Jaw Worm","floor":1,"turns":9},{"damage":0,"enemies":"Small Slimes","floor":3,"turns":4},{"damage":30,"enemies":"Lagavulin","floor":6,"turns":9},{"damage":0,"enemies":"2 Louse","floor":7,"turns":4},{"damage":34,"enemies":"Gremlin Nob","floor":8,"turns":4}],"seed_played":"-5793687802283601120","potions_obtained":[{"floor":3,"key":"SmokeBomb"}],"is_trial":false,"path_per_floor":["M","$","M","?","?","E","M","E"],"character_chosen":"THE_SILENT","items_purchased":["Footwork","Orrery"],"campfire_rested":0,"item_purchase_floors":[2,2],"current_hp_per_floor":[57,57,57,57,57,27,27,0,0],"gold":54,"neow_bonus":"","is_daily":false,"chose_seed":false,"campfire_upgraded":0,"win_rate":0.0,"timestamp":1610037196,"path_taken":["M","$","M","?","?","E","M","E"],"items_purchased_type":["Card","Relic"],"build_version":"2020-12-22","purchased_purges":1,"victory":false,"max_hp_per_floor":[66,66,66,66,66,66,66,66,66],"relic_stats":{"counters":[5,30],"obtain_stats":[{"CogitoBucket":0,"Orrery":2,"LetterFromLob":1,"Ring of the Snake":0},{"CogitoBucket":0,"Orrery":1,"LetterFromLob":1,"Ring of the Snake":0},{"CogitoBucket":0,"Orrery":9,"LetterFromLob":9,"Ring of the Snake":0}],"Ring of the Snake":[10]},"card_choices":[{"not_picked":["Caltrops","All Out Attack"],"picked":"Crippling Poison","floor":1},{"not_picked":["Noxious Fumes","All Out Attack"],"picked":"Malaise","floor":2},{"not_picked":["PiercingWail","Blade Dance"],"picked":"Blur","floor":2},{"not_picked":["Dagger Spray","Dagger Throw"],"picked":"Calculated Gamble","floor":2},{"not_picked":["BeautyBeast","OldLady"],"picked":"SpiderBud","floor":3},{"not_picked":["Masterful Stab","Reflex"],"picked":"Backstab","floor":3},{"not_picked":["MHz","Murderer"],"picked":"FairyFestival","floor":7},{"not_picked":["Prepared","Reflex"],"picked":"Deadly Poison","floor":7}],"player_experience":870915,"relics_obtained":[{"floor":1,"key":"LetterFromLob"}],"event_choices":[{"damage_healed":57,"gold_gain":0,"player_choice":"Leave","damage_taken":0,"max_hp_gain":0,"max_hp_loss":66,"event_name":"betterThird:BetterShining","floor":4,"gold_loss":0},{"damage_healed":0,"gold_gain":0,"player_choice":"Leave","damage_taken":0,"max_hp_gain":0,"max_hp_loss":0,"event_name":"The Cleric","floor":5,"gold_loss":0}],"is_beta":false,"boss_relics":[],"items_purged_floors":[2],"is_endless":false,"potions_floor_spawned":[3],"killed_by":"Gremlin Nob","ascension_level":15}}