{"host":"daa8jqyg4gqfaysm","time":1610046977,"event":{"mods":["BaseMod","Colored Powertips","Minty Spire (QoL Compilation)","StSLib"],"gold_per_floor":[111,21,32,32,107,143,159,124,147,166,210,210,210,246,246,366,366,390,22,22,45,60,60,60,60,86,99,99,125,125,25,25,126,126,145,162,182,194,210,210,210,222,294,319,330,28,63,77,77,77,77,77,55,83,83],"floor_reached":56,"playtime":2836,"items_purged":["Strike_G","Strike_G","Venomology"],"score":1212,"play_id":"1008fb3b-4a34-44fc-9daf-cd1d9155c4c2","local_time":"20210108031617","is_ascension_mode":false,"campfire_choices":[{"data":"Neutralize","floor":12,"key":"SMITH"},{"data":"Eviscerate","floor":15,"key":"SMITH"},{"data":"Adrenaline","floor":23,"key":"SMITH"},{"data":"Trip","floor":30,"key":"SMITH"},{"data":"After Image","floor":32,"key":"SMITH"},{"floor":40,"key":"RECALL"},{"data":"Apotheosis","floor":49,"key":"SMITH"},{"data":"Tools of the Trade","floor":52,"key":"SMITH"}],"circlet_count":0,"master_deck":["Strike_G+1","Defend_G+1","Defend_G","Defend_G","Defend_G","Defend_G","Survivor","Neutralize+1","Dash","Eviscerate+1","Prepared","Dagger Throw","Blade Dance","Underhanded Strike","Adrenaline+1","Backstab","Blade Dance","After Image+1","Cloak And Dagger+1","Trip+1","Finesse","Acrobatics","Dagger Spray","Phantasmal Killer","Well Laid Plans+1","Accuracy+1","Tools of the Trade+1","PiercingWail","Apotheosis+1","Acrobatics"],"relics":["Empty Cage","Bloody Idol","Oddly Smooth Stone","Strawberry","Akabeko","Odd Mushroom","HoveringKite","Anchor","Blood Vial","Sozu","Paper Crane","Bag of Preparation","Toy Ornithopter","Snake Skull"],"acts_visited":["Exordium","TheCity","TheBeyond","TheEnding"],"potions_floor_usage":[16,33,54,55,55],"damage_taken":[{"damage":0.0,"enemies":"Small Slimes","floor":1.0,"turns":6.0},{"damage":0.0,"enemies":"2 Louse","floor":3.0,"turns":3.0},{"damage":31.0,"enemies":"Gremlin Nob","floor":6.0,"turns":6.0},{"damage":0.0,"enemies":"Cultist","floor":7.0,"turns":3.0},{"damage":5.0,"enemies":"Lots of Slimes","floor":10.0,"turns":4.0},{"damage":3,"enemies":"3 Sentries","floor":11,"turns":7},{"damage":0,"enemies":"The Mushroom Lair","floor":14,"turns":2},{"damage":8,"enemies":"Hexaghost","floor":16,"turns":8},{"damage":1,"enemies":"2 Thieves","floor":18,"turns":3},{"damage":1,"enemies":"Spheric Guardian","floor":21,"turns":4},{"damage":1,"enemies":"3 Cultists","floor":22,"turns":6},{"damage":0,"enemies":"Snake Plant","floor":27,"turns":2},{"damage":4,"enemies":"Book of Stabbing","floor":29,"turns":5},{"damage":32,"enemies":"Automaton","floor":33,"turns":12},{"damage":0,"enemies":"Orb Walker","floor":35,"turns":2},{"damage":2,"enemies":"3 Darklings","floor":36,"turns":3},{"damage":5,"enemies":"Writhing Mass","floor":37,"turns":9},{"damage":8,"enemies":"Maw","floor":38,"turns":7},{"damage":0,"enemies":"Transient","floor":39,"turns":5},{"damage":0,"enemies":"Jaw Worm Horde","floor":42,"turns":3},{"damage":15,"enemies":"Reptomancer","floor":44,"turns":6},{"damage":0,"enemies":"Maw","floor":45,"turns":7},{"damage":0,"enemies":"Nemesis","floor":47,"turns":3},{"damage":0,"enemies":"Spire Growth","floor":48,"turns":4},{"damage":29,"enemies":"Donu and Deca","floor":50,"turns":7},{"damage":21,"enemies":"Shield and Spear","floor":54,"turns":5},{"damage":65,"enemies":"The Heart","floor":55,"turns":10}],"seed_played":"-4448174441375452572","potions_obtained":[{"floor":3.0,"key":"SkillPotion"},{"floor":6.0,"key":"SkillPotion"},{"floor":7.0,"key":"Dexterity Potion"},{"floor":21,"key":"DistilledChaos"},{"floor":27,"key":"AttackPotion"},{"floor":29,"key":"GhostInAJar"}],"is_trial":false,"path_per_floor":["M","$","M","?","?","E","M","?","T","M","E","R","?","?","R","B",null,"M","$","?","M","M","R","$","?","T","M","?","E","R","$","R","B",null,"M","M","M","M","M","R","?","M","T","E","M","$","E","M","R","B",null,"R","$","E","B",null],"character_chosen":"THE_SILENT","items_purchased":["Eviscerate","Prepared","Trip","Anchor","Fire Potion","Apotheosis","Acrobatics"],"campfire_rested":0,"item_purchase_floors":[2,2,19,19,19,46,53],"current_hp_per_floor":[70,70,70,53,42,11,11,28,35,30,27,27,12,12,12,4,77,76,76,76,75,74,74,74,74,74,74,74,75,75,75,75,50,77,77,77,77,74,77,77,77,77,77,67,74,74,77,77,77,48,77,77,77,61,8],"gold":83,"neow_bonus":"BOSS_RELIC","is_daily":false,"chose_seed":false,"campfire_upgraded":7,"win_rate":0.0,"timestamp":1610046977,"path_taken":["M","$","M","?","?","E","M","?","T","M","E","R","?","?","R","BOSS","M","$","?","M","?","R","?","?","T","M","?","E","R","?","R","BOSS","M","M","M","M","M","R","?","M","T","E","M","?","E","M","R","BOSS","R","$","E","BOSS"],"items_purchased_type":["Card","Card","Card","Relic","Potion","Card","Card"],"build_version":"2020-12-22","purchased_purges":3,"victory":true,"max_hp_per_floor":[70,70,70,70,70,70,70,70,77,77,77,77,77,77,77,77,77,77,77,77,77,77,77,77,77,77,77,77,77,77,77,77,77,77,77,77,77,77,77,77,77,77,77,77,77,77,77,77,77,77,77,77,77,77,77],"card_choices":[{"not_picked":["Slice","Concentrate"],"picked":"Dash","floor":1.0},{"not_picked":["Dash","Cloak And Dagger"],"picked":"Dagger Throw","floor":3.0},{"not_picked":["Deadly Poison","Backflip"],"picked":"Blade Dance","floor":6.0},{"not_picked":["Acrobatics","Poisoned Stab"],"picked":"Underhanded Strike","floor":7.0},{"not_picked":["Escape Plan","Prepared"],"picked":"Adrenaline","floor":10},{"not_picked":["Slice","Deflect"],"picked":"Backstab","floor":11},{"not_picked":["Cloak And Dagger","Slice"],"picked":"Blade Dance","floor":14},{"not_picked":["Envenom","Corpse Explosion"],"picked":"After Image","floor":16},{"not_picked":["Outmaneuver+1","Blade Dance"],"picked":"Cloak And Dagger+1","floor":18},{"not_picked":["Underhanded Strike","Setup","Poisoned Stab"],"picked":"SKIP","floor":21},{"not_picked":["Dagger Spray","Bane+1"],"picked":"Acrobatics","floor":22},{"not_picked":["Endless Agony","Sucker Punch","Backstab"],"picked":"SKIP","floor":27},{"not_picked":["Sucker Punch","Bane+1"],"picked":"Venomology","floor":29},{"not_picked":["Tools of the Trade","Glass Knife"],"picked":"Phantasmal Killer","floor":33},{"not_picked":["Slice","Deadly Poison"],"picked":"Well Laid Plans","floor":35},{"not_picked":["Outmaneuver+1","Bane+1","Deflect+1"],"picked":"SKIP","floor":36},{"not_picked":["Expertise","Deadly Poison+1"],"picked":"Accuracy+1","floor":37},{"not_picked":["Dash+1","Blade Dance","Well Laid Plans+1"],"picked":"SKIP","floor":38},{"not_picked":["Flechettes","Sucker Punch+1"],"picked":"Tools of the Trade","floor":39},{"not_picked":["Sucker Punch+1","Endless Agony","Setup"],"picked":"SKIP","floor":42},{"not_picked":["Bouncing Flask","Riddle With Holes","Poisoned Stab+1"],"picked":"SKIP","floor":44},{"not_picked":["Dagger Spray","Setup"],"picked":"PiercingWail","floor":45},{"not_picked":["Prepared","Predator+1","Flying Knee"],"picked":"SKIP","floor":47},{"not_picked":["Cloak And Dagger+1","Predator","Outmaneuver+1"],"picked":"SKIP","floor":48},{"not_picked":["Outmaneuver+1","Infinite Blades","Prepared+1"],"picked":"SKIP","floor":54}],"player_experience":787849,"relics_obtained":[{"floor":6.0,"key":"Oddly Smooth Stone"},{"floor":9.0,"key":"Strawberry"},{"floor":11,"key":"Akabeko"},{"floor":14,"key":"Odd Mushroom"},{"floor":29,"key":"Blood Vial"},{"floor":43,"key":"Paper Crane"},{"floor":44,"key":"Bag of Preparation"},{"floor":47,"key":"Toy Ornithopter"},{"floor":54,"key":"Snake Skull"}],"event_choices":[{"damage_healed":0.0,"max_hp_gain":0.0,"max_hp_loss":0.0,"gold_gain":0.0,"event_name":"Golden Idol","player_choice":"Take Damage","floor":4.0,"gold_loss":0.0,"damage_taken":17.0,"relics_obtained":["Golden Idol"]},{"damage_healed":0.0,"max_hp_gain":0.0,"max_hp_loss":0.0,"gold_gain":75.0,"event_name":"World of Goop","player_choice":"Gather Gold","floor":5.0,"gold_loss":0.0,"damage_taken":11.0},{"damage_healed":17.0,"max_hp_gain":0.0,"max_hp_loss":0.0,"gold_gain":0.0,"event_name":"The Cleric","player_choice":"Healed","floor":8.0,"gold_loss":35.0,"damage_taken":0.0},{"damage_healed":0,"gold_gain":0,"player_choice":"Entered Light","damage_taken":15,"max_hp_gain":0,"max_hp_loss":0,"event_name":"Shining Light","floor":13,"gold_loss":0,"cards_upgraded":["Defend_G","Strike_G"]},{"damage_healed":0,"gold_gain":0,"player_choice":"Fought Mushrooms","damage_taken":0,"max_hp_gain":0,"max_hp_loss":0,"event_name":"Mushrooms","floor":14,"gold_loss":0},{"damage_healed":0,"gold_gain":0,"player_choice":"1 cards matched","damage_taken":0,"max_hp_gain":0,"max_hp_loss":0,"event_name":"Match and Keep!","floor":20,"gold_loss":0,"cards_obtained":["Finesse"]},{"damage_healed":0,"gold_gain":0,"player_choice":"Read","damage_taken":0,"max_hp_gain":0,"max_hp_loss":0,"event_name":"The Library","floor":25,"gold_loss":0,"cards_obtained":["Dagger Spray"]},{"damage_healed":0,"gold_gain":0,"player_choice":"Gave Idol","damage_taken":0,"relics_obtained":["Bloody Idol"],"max_hp_gain":0,"max_hp_loss":0,"event_name":"Forgotten Altar","floor":28,"relics_lost":["Golden Idol"],"gold_loss":0},{"damage_healed":0,"gold_gain":0,"player_choice":"Upgraded","damage_taken":0,"max_hp_gain":0,"max_hp_loss":0,"event_name":"Upgrade Shrine","floor":41,"gold_loss":0,"cards_upgraded":["Well Laid Plans"]}],"is_beta":false,"boss_relics":[{"not_picked":["Coffee Dripper","Tiny House"],"picked":"HoveringKite"},{"not_picked":["Black Star","Runic Pyramid"],"picked":"Sozu"}],"items_purged_floors":[19,31,46],"is_endless":false,"potions_floor_spawned":[3,6,7,21,27,29,37,38,39,42,44,54],"ascension_level":0}}