{"host":"l84l8xigz5v5foa2","time":1610011269,"event":{"mods":["2.2 Compatiblity","AchievementEnabler","BaseMod","Better Note","Better Vampires","Card Filter","Colored Map","DeckTracker","Downfall","Gremlin Skip","Highlight Path","Keyboard Shortcuts","Minty Spire (QoL Compilation)","Permanent Neow","Quick Restart","Relic Filter","Relic Stats","StSLib","SuperFastMode","Transform Curses","Unknown Chances"],"gold_per_floor":[99,110,123,140,152,152,198,198,209,229,258,258,258,45,61,140,140,140,153,164,164,49,49,49,67,167,167,202,30,30,48,48,48,48],"floor_reached":32,"playtime":1908,"items_purged":["hexamod:Strike","hexamod:HeatCrush"],"score":524,"play_id":"eb7581b8-2987-41e9-b70c-b710fec2534e","local_time":"20210107182109","is_ascension_mode":true,"campfire_choices":[{"data":"hexamod:Float","floor":1.0,"key":"SMITH"},{"data":"hexamod:CatchUp","floor":6.0,"key":"SMITH"},{"data":"hexamod:ThermalTransfer","floor":8.0,"key":"SMITH"},{"data":"hexamod:GhostOfSpirePast","floor":18.0,"key":"SMITH"},{"data":"hexamod:GiftsFromTheDead","floor":27.0,"key":"SMITH"},{"data":"hexamod:HexaLevel","floor":30.0,"key":"SMITH"}],"circlet_count":0,"master_deck":["AscendersBane","hexamod:Sear","hexamod:Float+1","hexamod:ThermalTransfer+1","hexamod:CatchUp+1","hexamod:InspiringFlames","hexamod:Hexaguard","hexamod:NightmareStrike","hexamod:HauntingEcho","hexamod:HexaLevel+1","hexamod:StepThrough","hexamod:NightmareGuise","hexamod:GiftsFromTheDead+1","hexamod:HauntingEcho","hexamod:GhostOfSpirePast+1","hexamod:TimeWarp","hexamod:ExtraCrispy","hexamod:GhostOfSpirePast","hexamod:EtherealExpedition","hexamod:GhostShield","hexamod:GhostOfSpireFuture+1","hexamod:AdvancingGuard","hexamod:FourthSeal"],"relics":["hexamod:SpiritBrand","Potion Belt","Eternal Feather","Pandora\u0027s Box","downfall:RedIOU","TungstenRod","Frozen Egg 2","Lantern","sneckomod:BlankCard"],"acts_visited":["Exordium","TheCity"],"potions_floor_usage":[32,32],"damage_taken":[{"damage":0.0,"enemies":"Small Slimes","floor":2.0,"turns":3.0},{"damage":2.0,"enemies":"2 Louse","floor":3.0,"turns":3.0},{"damage":1.0,"enemies":"Jaw Worm","floor":4.0,"turns":3.0},{"damage":11.0,"enemies":"Exordium Wildlife","floor":5.0,"turns":7.0},{"damage":11.0,"enemies":"Lots of Slimes","floor":9.0,"turns":6.0},{"damage":1.0,"enemies":"Large Slime","floor":10.0,"turns":4.0},{"damage":10.0,"enemies":"3 Sentries","floor":11.0,"turns":7.0},{"damage":0.0,"enemies":"downfall:FleeingMerchant","floor":14.0,"turns":4.0},{"damage":0.0,"enemies":"Blue Slaver","floor":15.0,"turns":3.0},{"damage":14.0,"enemies":"downfall:Defect","floor":16.0,"turns":6.0},{"damage":16.0,"enemies":"Spheric Guardian","floor":19.0,"turns":4.0},{"damage":5.0,"enemies":"3 Byrds","floor":20.0,"turns":4.0},{"damage":0.0,"enemies":"downfall:FleeingMerchant","floor":22.0,"turns":4.0},{"damage":3.0,"enemies":"Centurion and Healer","floor":25.0,"turns":5.0},{"damage":14.0,"enemies":"downfall:Ironclad","floor":26.0,"turns":8.0},{"damage":26.0,"enemies":"Slavers","floor":28.0,"turns":7.0},{"damage":0.0,"enemies":"downfall:FleeingMerchant","floor":29.0,"turns":4.0},{"damage":0.0,"enemies":"Chosen and Byrds","floor":31.0,"turns":5.0},{"damage":23,"enemies":"Cultist and Chosen","floor":32,"turns":5}],"seed_played":"9100965544213426821","potions_obtained":[{"floor":3.0,"key":"AttackPotion"},{"floor":9.0,"key":"Block Potion"},{"floor":15.0,"key":"Block Potion"},{"floor":16.0,"key":"hexamod:InfernoChargePotion"},{"floor":26.0,"key":"hexamod:InfernoChargePotion"},{"floor":28.0,"key":"Energy Potion"},{"floor":29.0,"key":"FearPotion"},{"floor":31.0,"key":"CultistPotion"}],"is_trial":false,"path_per_floor":["R","M","M","M","M","R","T","R","M","M","E","?","?","$","M","B",null,"R","M","M","?","$","?","T","M","?","R","E","$","R","M","M"],"character_chosen":"THE_SPIRIT","items_purchased":["hexamod:StepThrough","DuplicationPotion","sneckomod:BlankCard"],"campfire_rested":0,"item_purchase_floors":[14,14,29],"current_hp_per_floor":[57,57,55,54,43,43,43,43,32,31,21,21,21,21,21,7,49,61,45,40,40,40,40,40,37,23,35,9,9,21,21,0,0,0],"gold":48,"neow_bonus":"RANDOM_COMMON_RELIC","is_daily":false,"chose_seed":false,"campfire_upgraded":6,"win_rate":0.0,"timestamp":1610011269,"path_taken":["R","M","M","M","M","R","T","R","M","M","E","?","?","$","M","BOSS","R","M","M","?","$","?","T","M","?","R","E","$","R","?","M"],"items_purchased_type":["Card","Potion","Relic"],"build_version":"2020-12-22","purchased_purges":2,"victory":false,"max_hp_per_floor":[63,63,63,63,63,63,63,63,63,63,63,63,63,63,63,63,63,63,63,63,63,63,63,63,63,63,63,63,63,63,63,63,63,63],"relic_stats":{"counters":[19,92],"Eternal Feather":36,"Pandora\u0027s Box":["hexamod:HauntingEcho","hexamod:GhostOfSpirePast","hexamod:TimeWarp","hexamod:ExtraCrispy","hexamod:GhostOfSpirePast","hexamod:HeatCrush","hexamod:EtherealExpedition"],"obtain_stats":[{"Potion Belt":0,"Lantern":28,"sneckomod:BlankCard":29,"Eternal Feather":11,"Pandora\u0027s Box":17,"downfall:RedIOU":23,"Omamori":7,"Frozen Egg 2":26,"hexamod:SpiritBrand":0,"TungstenRod":26},{"Potion Belt":0,"Lantern":16,"sneckomod:BlankCard":17,"Eternal Feather":7,"Pandora\u0027s Box":10,"downfall:RedIOU":13,"Omamori":4,"Frozen Egg 2":15,"hexamod:SpiritBrand":0,"TungstenRod":15},{"Potion Belt":0,"Lantern":78,"sneckomod:BlankCard":82,"Eternal Feather":33,"Pandora\u0027s Box":46,"downfall:RedIOU":58,"Omamori":16,"Frozen Egg 2":71,"hexamod:SpiritBrand":0,"TungstenRod":71}],"TungstenRod":6},"card_choices":[{"not_picked":["hexamod:Firestarter","hexamod:SecondSeal"],"picked":"hexamod:ThermalTransfer","floor":2.0},{"not_picked":["hexamod:FastForward","hexamod:SpectralSpark"],"picked":"hexamod:CatchUp","floor":3.0},{"not_picked":["hexamod:GhostShield","hexamod:BurningTouch"],"picked":"hexamod:InspiringFlames","floor":4.0},{"not_picked":["hexamod:CrushingStance","hexamod:GhostLash"],"picked":"hexamod:Hexaguard","floor":5.0},{"not_picked":["hexamod:GhostShield","hexamod:InspiringFlames"],"picked":"hexamod:NightmareStrike","floor":9.0},{"not_picked":["hexamod:CatchUp","hexamod:Hexaguard","hexamod:PhantomCloak"],"picked":"SKIP","floor":10.0},{"not_picked":["hexamod:RainOfEmbers","hexamod:DynamicBlow"],"picked":"hexamod:HauntingEcho","floor":11.0},{"not_picked":["hexamod:NightmareStrike","hexamod:Hexaguard"],"picked":"hexamod:HexaLevel","floor":14.0},{"not_picked":["hexamod:SwordOfDarkness","hexamod:HauntingEcho"],"picked":"hexamod:NightmareGuise","floor":15.0},{"not_picked":["hexamod:TimeOfNeed","hexamod:VolcanoVisage"],"picked":"hexamod:GiftsFromTheDead","floor":16.0},{"not_picked":["hexamod:SwordOfDarkness","hexamod:GhostflameBarrier"],"picked":"hexamod:GhostShield","floor":19.0},{"not_picked":["hexamod:ShieldOfDarkness","hexamod:GhostLash"],"picked":"hexamod:GhostOfSpireFuture+1","floor":20.0},{"not_picked":["hexamod:EmpoweredFlame","hexamod:BurningTouch","hexamod:Hexaguard"],"picked":"SKIP","floor":22.0},{"not_picked":["hexamod:GhostShield","hexamod:HauntingEcho"],"picked":"hexamod:AdvancingGuard","floor":25.0},{"not_picked":["hexamod:HauntingEcho","hexamod:SpectralAdrenaline"],"picked":"hexamod:FourthSeal","floor":26.0},{"not_picked":["hexamod:PhantomCloak+1","hexamod:UnleashSpirits","hexamod:AdvancingGuard"],"picked":"SKIP","floor":28.0},{"not_picked":["hexamod:NightmareStrike","hexamod:RetreatToShadows","hexamod:HeatShield"],"picked":"SKIP","floor":29.0},{"not_picked":["hexamod:SpectralAdrenaline","hexamod:SwordOfDarkness","hexamod:AdvancingGuard"],"picked":"SKIP","floor":31.0}],"player_experience":2951624,"relics_obtained":[{"floor":7.0,"key":"Omamori"},{"floor":11.0,"key":"Eternal Feather"},{"floor":26.0,"key":"TungstenRod"},{"floor":26.0,"key":"Frozen Egg 2"},{"floor":28.0,"key":"Lantern"}],"event_choices":[],"is_beta":false,"boss_relics":[{"not_picked":["downfall:Hecktoplasm","Runic Pyramid"],"picked":"Pandora\u0027s Box"}],"items_purged_floors":[14,22],"is_endless":false,"potions_floor_spawned":[3,9,15,16,26,28],"killed_by":"Cultist and Chosen","ascension_level":20}}