{"host":"kabf61oc9jgfwufg","time":1610046464,"event":{"mods":["AchievementEnabler","Act Like it!","Aspiration","BaseMod","Conspire","GifTheSpireLib","Halation","HexUI Lib","Hubris","Infinite Spire","Melee Mod","Minty Spire (QoL Compilation)","Quick Restart","Rare Cards Sparkle","Replay The Spire","Shop Mod","StSLib","Waifu the Spire"],"gold_per_floor":[119,119,119,135,60,60,75,91,143,162,62,72,72,72,72,170,170,180,180,180,180,190,190,22,22,45,57,92,104,122,122],"floor_reached":30,"playtime":995,"items_purged":["Strike_B","Defend_B","Strike_B"],"score":218,"play_id":"026836b2-aef7-49ca-823d-97c4c589d5a9","local_time":"20210107190744","is_ascension_mode":false,"campfire_choices":[{"floor":6.0,"key":"RECALL"},{"data":"Defend_B","floor":15.0,"key":"PURGE"},{"floor":23.0,"key":"REST"},{"floor":25,"key":"REST"}],"circlet_count":0,"master_deck":["Strike_B","Defend_B","Defend_B","Zap","Dualcast","Go for the Eyes+1","FTL","Beam Cell","Writhe","hubris:Fate"],"relics":["Cracked Core","infinitespire:Satchel","Replay:Wax Seal","conspire:Flyswatter","aspiration:RitualStick","MutagenicStrength","MerchantsRug","infinitespire:Lucky Rock","MawBank","halation:IllGainedPizza","Prayer Wheel","infinitespire:Magic Flask"],"acts_visited":["Exordium","TheCity"],"potions_floor_usage":[],"damage_taken":[{"damage":3.0,"enemies":"Small Slimes","floor":1.0,"turns":3.0},{"damage":3.0,"enemies":"Jaw Worm","floor":4.0,"turns":2.0},{"damage":6.0,"enemies":"Cultist","floor":7.0,"turns":3.0},{"damage":15.0,"enemies":"Gremlin Gang","floor":8.0,"turns":5.0},{"damage":9.0,"enemies":"Red Slaver","floor":10.0,"turns":3.0},{"damage":7.0,"enemies":"3 Louse","floor":12.0,"turns":2.0},{"damage":29.0,"enemies":"Hexaghost","floor":16.0,"turns":8.0},{"damage":27.0,"enemies":"3 Byrds","floor":18.0,"turns":4.0},{"damage":30.0,"enemies":"2 Thieves","floor":22.0,"turns":4.0},{"damage":69,"enemies":"Cultist and Chosen","floor":28,"turns":8},{"damage":24,"enemies":"Shelled Parasite and Fungi","floor":30,"turns":3}],"seed_played":"6727815318016908227","potions_obtained":[{"floor":7.0,"key":"PowerPotion"},{"floor":12.0,"key":"ColorlessPotion"},{"floor":28,"key":"Strength Potion"}],"is_trial":false,"path_per_floor":["M","?","?","M","$","R","M","M","T","M","$","M","?","?","R","B",null,"M","?","?","?","M","R","$","R","T","AVR","M","T","M"],"character_chosen":"DEFECT","items_purchased":["MerchantsRug","infinitespire:Lucky Rock"],"campfire_rested":2,"item_purchase_floors":[24,24],"current_hp_per_floor":[72,72,72,69,69,69,63,48,48,39,39,32,40,40,40,24,75,48,48,33,33,3,25,25,47,47,47,22,22,13,13],"gold":122,"neow_bonus":"REMOVE_CARD","is_daily":false,"chose_seed":false,"campfire_upgraded":0,"win_rate":0.0,"timestamp":1610046464,"path_taken":["M","?","?","M","$","R","M","?","T","?","?","M","?","?","R","BOSS","M","?","?","?","M","R","?","R","T","AVR","?","?","M"],"items_purchased_type":["Relic","Relic"],"build_version":"2020-12-22","purchased_purges":3,"victory":false,"max_hp_per_floor":[75,75,75,75,75,75,75,75,75,75,75,75,75,75,75,75,75,75,75,75,75,75,75,75,75,75,75,75,75,75,75],"card_choices":[{"not_picked":["Hologram","Coolheaded"],"picked":"Go for the Eyes","floor":1.0},{"not_picked":["Redo","Conserve Battery","Panic Button"],"picked":"SKIP","floor":4.0},{"not_picked":["White Noise","Auto Shields","Cold Snap"],"picked":"SKIP","floor":7.0},{"not_picked":["Stack","Sweeping Beam","Buffer"],"picked":"SKIP","floor":8.0},{"not_picked":["Stack","Compile Driver"],"picked":"FTL","floor":10.0},{"not_picked":["Compile Driver","Seek"],"picked":"Beam Cell","floor":12.0},{"not_picked":["ReplayTheSpireMod:Omega Cannon","Rainbow"],"picked":"ReplayTheSpireMod:Fabricate Wheel","floor":16.0},{"not_picked":["Compile Driver","Heatsinks","Conserve Battery+1"],"picked":"SKIP","floor":18.0},{"not_picked":["Tempest","Cold Snap","Glacier"],"picked":"SKIP","floor":22.0},{"not_picked":["Tempest","Recycle","Barrage"],"picked":"SKIP","floor":28},{"not_picked":["Stack","Turbo","Ball Lightning"],"picked":"SKIP","floor":28}],"player_experience":73726,"relics_obtained":[{"floor":2.0,"key":"infinitespire:Satchel"},{"floor":9.0,"key":"Replay:Wax Seal"},{"floor":26,"key":"MawBank"},{"floor":29,"key":"infinitespire:Magic Flask"}],"event_choices":[{"damage_healed":0.0,"max_hp_gain":0.0,"max_hp_loss":0.0,"gold_gain":0.0,"event_name":"Upgrade Shrine","player_choice":"Upgraded","floor":3.0,"gold_loss":0.0,"damage_taken":0.0,"cards_upgraded":["Go for the Eyes"]},{"damage_healed":0.0,"max_hp_gain":0.0,"max_hp_loss":0.0,"gold_gain":0.0,"event_name":"conspire:Investor","player_choice":"Leave","floor":14.0,"gold_loss":0.0,"damage_taken":0.0},{"damage_healed":0.0,"max_hp_gain":0.0,"max_hp_loss":0.0,"gold_gain":0.0,"event_name":"The Mausoleum","player_choice":"Opened","floor":19.0,"gold_loss":0.0,"damage_taken":0.0,"relics_obtained":["conspire:Flyswatter"],"cards_obtained":["Writhe"]},{"damage_healed":0.0,"max_hp_gain":0.0,"max_hp_loss":0.0,"gold_gain":0.0,"event_name":"Drug Dealer","player_choice":"Inject Mutagens","floor":21.0,"gold_loss":0.0,"damage_taken":0.0,"relics_obtained":["MutagenicStrength"]}],"is_beta":false,"boss_relics":[{"not_picked":["halation:PinkAlligatorPlush","Ectoplasm"],"picked":"halation:Risk"}],"items_purged_floors":[5,11,27],"is_endless":false,"potions_floor_spawned":[7,12,28],"killed_by":"Shelled Parasite and Fungi","ascension_level":0}}