{"host":"v0vmrynbtd2rjg7e","time":1610014881,"event":{"mods":["BaseMod","Colored Map","Downfall","KinomotoSakuraMod(Ä¾Ö®±¾Ó£)","Minty Spire (QoL Compilation)","Shop Mod","StSLib","The Hierophant"],"gold_per_floor":[109,184,204,218,218,186,156,162,162,162,39,39,63,63,63,13,13],"floor_reached":16,"playtime":664,"items_purged":[],"score":104,"play_id":"b11d294c-6a4d-4e4a-bbb0-c70888109acf","local_time":"20210107182121","is_ascension_mode":false,"campfire_choices":[{"floor":15,"key":"REST"}],"circlet_count":0,"master_deck":["hierophant:Strike_Hierophant","hierophant:Strike_Hierophant","hierophant:Strike_Hierophant","hierophant:Punish","hierophant:Defend_Hierophant","hierophant:Defend_Hierophant","hierophant:Defend_Hierophant","hierophant:Defend_Hierophant","hierophant:ChurchCoffers","hierophant:OrnateJavelin","hierophant:PassingBell","hierophant:OrnateBuckler","hierophant:HolyVerse","hierophant:SealAway","hierophant:MorningPrayer","hierophant:OrnateJavelin","hierophant:HolyVerse","hierophant:Smite","hierophant:Patience"],"relics":["hierophant:PropheticMaskRelic","NeowsBlessing","Omamori","CaptainsWheel","Pocketwatch","Golden Idol"],"acts_visited":["Exordium"],"potions_floor_usage":[13,16,16,16],"damage_taken":[{"damage":0,"enemies":"Jaw Worm","floor":1,"turns":1},{"damage":0,"enemies":"Small Slimes","floor":3,"turns":1},{"damage":0,"enemies":"Cultist","floor":4,"turns":1},{"damage":32,"enemies":"Lagavulin","floor":6,"turns":6},{"damage":30,"enemies":"Exordium Thugs","floor":7,"turns":3},{"damage":7,"enemies":"3 Louse","floor":8,"turns":2},{"damage":0,"enemies":"2 Fungi Beasts","floor":10,"turns":2},{"damage":12,"enemies":"Blue Slaver","floor":13,"turns":2},{"damage":32,"enemies":"Hexaghost","floor":16,"turns":11}],"seed_played":"5386775066108955810","potions_obtained":[{"floor":3,"key":"SteroidPotion"},{"floor":4,"key":"FairyPotion"},{"floor":8,"key":"FearPotion"},{"floor":13,"key":"Block Potion"}],"is_trial":false,"path_per_floor":["M","?","M","M","?","E","M","M","T","M","$","?","M","?","R","B"],"character_chosen":"HIEROPHANT","items_purchased":["hierophant:HolyVerse","hierophant:Smite","Fire Potion"],"campfire_rested":1,"item_purchase_floors":[11,11,11],"current_hp_per_floor":[75,64,64,64,64,32,2,22,22,22,22,22,10,10,30,0,0],"gold":13,"neow_bonus":"THREE_ENEMY_KILL","is_daily":false,"chose_seed":false,"campfire_upgraded":0,"win_rate":0.0,"timestamp":1610014881,"path_taken":["M","?","M","M","?","E","M","M","T","?","?","?","M","?","R","BOSS"],"items_purchased_type":["Card","Card","Potion"],"build_version":"2020-12-22","purchased_purges":0,"victory":false,"max_hp_per_floor":[75,75,75,75,75,75,75,75,75,75,75,75,75,69,69,69,69],"card_choices":[{"not_picked":["hierophant:Shelter","hierophant:Racketeering"],"picked":"hierophant:OrnateJavelin","floor":1},{"not_picked":["hierophant:CursedGold","hierophant:FaithHealing"],"picked":"hierophant:PassingBell","floor":3},{"not_picked":["hierophant:RustyCrate","hierophant:Alms"],"picked":"hierophant:OrnateBuckler","floor":4},{"not_picked":["hierophant:Empathy","hierophant:FaithHealing"],"picked":"hierophant:HolyVerse","floor":6},{"not_picked":["hierophant:Remorse","hierophant:Charity"],"picked":"hierophant:SealAway","floor":7},{"not_picked":["hierophant:Purify","hierophant:Shelter"],"picked":"hierophant:MorningPrayer","floor":8},{"not_picked":["hierophant:Exaltation","hierophant:AuricShield"],"picked":"hierophant:OrnateJavelin","floor":10},{"not_picked":["hierophant:Racketeering","hierophant:Embezzle"],"picked":"hierophant:Patience","floor":13}],"player_experience":29201,"relics_obtained":[{"floor":6,"key":"Omamori"},{"floor":9,"key":"CaptainsWheel"}],"event_choices":[{"damage_healed":0,"gold_gain":75,"player_choice":"Gather Gold","damage_taken":11,"max_hp_gain":0,"max_hp_loss":0,"event_name":"World of Goop","floor":2,"gold_loss":0},{"cards_removed":["hierophant:Strike_Hierophant"],"damage_healed":0,"gold_gain":0,"player_choice":"Offered Basic","damage_taken":0,"max_hp_gain":0,"max_hp_loss":0,"event_name":"Bonfire Elementals","floor":5,"gold_loss":0},{"damage_healed":0,"gold_gain":0,"player_choice":"Searched \u00272\u0027 times","damage_taken":0,"relics_obtained":["Pocketwatch"],"max_hp_gain":0,"max_hp_loss":0,"event_name":"Dead Adventurer","floor":12,"gold_loss":0},{"damage_healed":0,"gold_gain":0,"player_choice":"Lose Max HP","damage_taken":0,"relics_obtained":["Golden Idol"],"max_hp_gain":0,"max_hp_loss":6,"event_name":"Golden Idol","floor":14,"gold_loss":0}],"is_beta":false,"boss_relics":[],"items_purged_floors":[],"is_endless":false,"potions_floor_spawned":[3,4,8,13],"killed_by":"Hexaghost","ascension_level":0}}