{"host":"52m1o8iwwagurbjs","time":1610037395,"event":{"mods":["AchievementEnabler","BaseMod","Bestiary","Colored Powertips","GifTheSpireLib","Minty Spire (QoL Compilation)","Quick Restart","RNG Fix","Relic Stats","StSLib"],"gold_per_floor":[118,74,74,74,86,86,114,114,114,130,165,165,191,230,230,316,316,345,345,345],"floor_reached":19,"playtime":581,"items_purged":[],"score":420,"play_id":"4b895dda-7bbf-458a-a403-c6aa567a5fd0","local_time":"20210107113635","is_ascension_mode":true,"campfire_choices":[{"data":"Skewer","floor":6,"key":"SMITH"},{"data":"Neutralize","floor":8,"key":"SMITH"},{"floor":15,"key":"REST"}],"circlet_count":0,"master_deck":["AscendersBane","Strike_G","Strike_G","Strike_G","Strike_G","Defend_G","Defend_G","Defend_G","Defend_G","Defend_G","Survivor","Neutralize+1","Flying Knee","Skewer+1","All Out Attack","Poisoned Stab+1","Dodge and Roll","Dash","Backflip","Catalyst","Phantasmal Killer","Calculated Gamble"],"relics":["Ring of the Snake","NeowsBlessing","Eternal Feather","Strawberry","Question Card","CeramicFish","Art of War","HoveringKite"],"acts_visited":["Exordium","TheCity"],"potions_floor_usage":[11,16,16],"damage_taken":[{"damage":0,"enemies":"Small Slimes","floor":1,"turns":1},{"damage":0,"enemies":"2 Louse","floor":5,"turns":1},{"damage":0,"enemies":"Lagavulin","floor":7,"turns":1},{"damage":0,"enemies":"Cultist","floor":10,"turns":3},{"damage":27,"enemies":"3 Sentries","floor":11,"turns":7},{"damage":0,"enemies":"3 Louse","floor":13,"turns":3},{"damage":44,"enemies":"Gremlin Nob","floor":14,"turns":5},{"damage":27,"enemies":"Slime Boss","floor":16,"turns":9},{"damage":47,"enemies":"3 Byrds","floor":18,"turns":7},{"damage":0,"enemies":"Chosen","floor":19,"turns":5}],"seed_played":"5119710531755104157","potions_obtained":[{"floor":5,"key":"CultistPotion"},{"floor":10,"key":"BlessingOfTheForge"},{"floor":14,"key":"Explosive Potion"},{"floor":16,"key":"Strength Potion"}],"is_trial":false,"path_per_floor":["M","$","?","T","M","R","E","R","T","M","E","?","M","E","R","B",null,"M","M"],"character_chosen":"THE_SILENT","items_purchased":["Skewer"],"campfire_rested":1,"item_purchase_floors":[2],"current_hp_per_floor":[59,59,52,52,52,61,68,73,73,73,46,46,46,2,35,8,57,10,10,10],"gold":345,"neow_bonus":"THREE_ENEMY_KILL","is_daily":false,"chose_seed":false,"campfire_upgraded":2,"win_rate":0.0,"timestamp":1610037395,"path_taken":["M","$","?","?","M","R","E","R","T","M","E","?","M","E","R","BOSS","M","M"],"items_purchased_type":["Card"],"build_version":"2020-12-22","purchased_purges":0,"victory":false,"max_hp_per_floor":[66,66,66,66,66,66,73,73,73,73,73,73,73,73,73,73,73,73,73,73],"relic_stats":{"counters":[10,42],"CeramicFish":45,"HoveringKite":[3],"Eternal Feather":26,"Art of War":[1],"Question Card":6,"obtain_stats":[{"NeowsBlessing":0,"Strawberry":7,"CeramicFish":11,"HoveringKite":17,"Eternal Feather":4,"Art of War":14,"Question Card":9,"Ring of the Snake":0},{"NeowsBlessing":0,"Strawberry":3,"CeramicFish":5,"HoveringKite":8,"Eternal Feather":1,"Art of War":7,"Question Card":3,"Ring of the Snake":0},{"NeowsBlessing":0,"Strawberry":3,"CeramicFish":13,"HoveringKite":30,"Eternal Feather":1,"Art of War":21,"Question Card":3,"Ring of the Snake":0}],"Ring of the Snake":[20]},"card_choices":[{"not_picked":["Blade Dance","Dodge and Roll"],"picked":"Flying Knee","floor":1},{"not_picked":["Blur","PiercingWail"],"picked":"All Out Attack","floor":5},{"not_picked":["Footwork","Dagger Throw"],"picked":"Poisoned Stab","floor":7},{"not_picked":["Poisoned Stab","Catalyst","Caltrops"],"picked":"Dodge and Roll","floor":10},{"not_picked":["Backflip","Backstab","Endless Agony"],"picked":"Dash","floor":11},{"not_picked":["Bane","Tactician","Skewer"],"picked":"Backflip","floor":13},{"not_picked":["Choke","Skewer","Flying Knee"],"picked":"Catalyst","floor":14},{"not_picked":["Bullet Time","Venomology","Night Terror"],"picked":"Phantasmal Killer","floor":16},{"not_picked":["Infinite Blades","Catalyst","Masterful Stab"],"picked":"Calculated Gamble","floor":18}],"player_experience":1100502,"relics_obtained":[{"floor":4,"key":"Eternal Feather"},{"floor":7,"key":"Strawberry"},{"floor":9,"key":"Question Card"},{"floor":11,"key":"CeramicFish"},{"floor":14,"key":"Art of War"}],"event_choices":[{"cards_removed":["Strike_G"],"damage_healed":0,"gold_gain":0,"player_choice":"Card Removal","damage_taken":7,"max_hp_gain":0,"max_hp_loss":0,"event_name":"Golden Wing","floor":3,"gold_loss":0},{"damage_healed":0,"gold_gain":0,"player_choice":"Upgraded","damage_taken":0,"max_hp_gain":0,"max_hp_loss":0,"event_name":"Upgrade Shrine","floor":12,"gold_loss":0,"cards_upgraded":["Poisoned Stab"]}],"is_beta":false,"boss_relics":[{"not_picked":["Runic Dome","Snecko Eye"],"picked":"HoveringKite"}],"items_purged_floors":[],"is_endless":false,"potions_floor_spawned":[5,10,14,16],"killed_by":"Chosen","ascension_level":20}}