{"host":"d4km6p8r92tm3vpl","time":1610055253,"event":{"mods":["AchievementEnabler","BaseMod","Colored Map","Colored Powertips","DeckTracker","Minty Spire (QoL Compilation)","Relic Stats","StSLib"],"gold_per_floor":[116,131,150,30,30,30,46,56,134,134,162,162,179,208,208,208,208],"floor_reached":16,"playtime":536,"items_purged":[],"score":168,"play_id":"672902f4-03ee-449d-8de2-67c47fb67fb9","local_time":"20210107163413","is_ascension_mode":true,"campfire_choices":[{"data":"MentalFortress","floor":6,"key":"SMITH"},{"data":"WaveOfTheHand","floor":10,"key":"SMITH"},{"data":"Conclude","floor":15,"key":"SMITH"}],"circlet_count":0,"master_deck":["AscendersBane","Strike_P","Strike_P","Strike_P","Strike_P","Defend_P","Defend_P","Defend_P","Defend_P","Eruption+1","Vigilance","FlurryOfBlows","WaveOfTheHand+1","MentalFortress+1","FearNoEvil","FlurryOfBlows","EmptyBody","Halt","CutThroughFate","Conclude+1"],"relics":["PureWater","Eternal Feather","TungstenRod","Boot"],"acts_visited":["Exordium"],"potions_floor_usage":[13,14],"damage_taken":[{"damage":3,"enemies":"2 Louse","floor":1,"turns":3},{"damage":0,"enemies":"Cultist","floor":2,"turns":3},{"damage":10,"enemies":"Jaw Worm","floor":3,"turns":4},{"damage":0,"enemies":"Large Slime","floor":7,"turns":4},{"damage":1,"enemies":"2 Fungi Beasts","floor":8,"turns":4},{"damage":28,"enemies":"3 Sentries","floor":11,"turns":11},{"damage":0,"enemies":"Gremlin Gang","floor":13,"turns":4},{"damage":34,"enemies":"Lagavulin","floor":14,"turns":8},{"damage":37,"enemies":"Hexaghost","floor":16,"turns":11}],"seed_played":"-247093272680039006","potions_obtained":[{"floor":3,"key":"Ancient Potion"},{"floor":5,"key":"Dexterity Potion"},{"floor":5,"key":"StancePotion"},{"floor":13,"key":"Weak Potion"},{"floor":14,"key":"Weak Potion"}],"is_trial":false,"path_per_floor":["M","M","M","$","?","R","M","M","T","R","E","?","M","E","R","B"],"character_chosen":"WATCHER","items_purchased":["FearNoEvil","FlurryOfBlows"],"campfire_rested":0,"item_purchase_floors":[4,4],"current_hp_per_floor":[62,62,52,52,52,52,52,51,51,60,32,56,56,22,34,0,0],"gold":208,"neow_bonus":"UPGRADE_CARD","is_daily":false,"chose_seed":false,"campfire_upgraded":3,"win_rate":0.0,"timestamp":1610055253,"path_taken":["M","M","M","$","?","R","M","?","T","R","E","?","M","E","R","BOSS"],"items_purchased_type":["Card","Card"],"build_version":"2020-12-22","purchased_purges":0,"victory":false,"max_hp_per_floor":[72,72,72,72,72,72,72,72,72,72,72,72,72,72,72,72,72],"relic_stats":{"counters":[9,52],"Eternal Feather":21,"Boot":[5],"obtain_stats":[{"Eternal Feather":9,"PureWater":0,"Boot":14,"TungstenRod":11},{"Eternal Feather":5,"PureWater":0,"Boot":8,"TungstenRod":6},{"Eternal Feather":18,"PureWater":0,"Boot":41,"TungstenRod":29}],"TungstenRod":17},"card_choices":[{"not_picked":["ClearTheMind","Evaluate"],"picked":"FlurryOfBlows","floor":1},{"not_picked":["Perseverance","Protect"],"picked":"WaveOfTheHand","floor":2},{"not_picked":["Consecrate","FlyingSleeves"],"picked":"MentalFortress","floor":3},{"not_picked":["Consecrate","Evaluate"],"picked":"EmptyBody","floor":7},{"not_picked":["Indignation","Ragnarok"],"picked":"Halt","floor":8},{"not_picked":["PathToVictory","Prostrate"],"picked":"CutThroughFate","floor":11},{"not_picked":["FlurryOfBlows","JustLucky","PathToVictory"],"picked":"SKIP","floor":13},{"not_picked":["Collect","CutThroughFate"],"picked":"Conclude","floor":14}],"player_experience":817880,"relics_obtained":[{"floor":9,"key":"Eternal Feather"},{"floor":11,"key":"TungstenRod"},{"floor":14,"key":"Boot"}],"event_choices":[{"damage_healed":0,"gold_gain":0,"player_choice":"Got Potions","damage_taken":0,"max_hp_gain":0,"max_hp_loss":0,"event_name":"Lab","floor":5,"gold_loss":0},{"damage_healed":24,"gold_gain":0,"player_choice":"Banana","damage_taken":0,"max_hp_gain":0,"max_hp_loss":0,"event_name":"Big Fish","floor":12,"gold_loss":0}],"is_beta":false,"boss_relics":[],"items_purged_floors":[],"is_endless":false,"potions_floor_spawned":[3,11,13,14],"killed_by":"Hexaghost","ascension_level":10}}