{"host":"v54ek091sdz7ha6h","time":1610038845,"event":{"mods":["BaseMod","Better Vampires","Colored Map","Colored Powertips","Custom Start","DeckTracker","Highlight Path","KOR Keyword Fix","Minty Spire (QoL Compilation)","Quick Restart","Random Character Button","Rare Cards Sparkle","StSLib","SuperFastMode","The Awakened One except there are too many feathers","everything is the same but u backflip on backflip","slay the spire mod where everything is the same but ironclad has a cowboy hat"],"gold_per_floor":[109,124,136,155,171,201,201,234,261,316,403,565,590,268,268,344,344,356,356,114,164,182,210,38,67,117,135,146,146,156,182,182,260,260,275,275,291,291,291,316,99,131,131,131,148,98,132,152,152,152,152,152,152,21,46,46],"floor_reached":57,"playtime":2858,"items_purged":["Doubt"],"score":3620,"play_id":"5ba39db9-a819-4edf-971e-59c62ed1f224","local_time":"20210108020045","is_ascension_mode":true,"campfire_choices":[{"data":"JustLucky","floor":7.0,"key":"SMITH"},{"data":"Eruption","floor":15.0,"key":"SMITH"},{"data":"Adaptation","floor":32.0,"key":"SMITH"},{"data":"Prostrate","floor":44.0,"key":"SMITH"},{"floor":49.0,"key":"RECALL"},{"floor":53.0,"key":"REST"}],"circlet_count":0,"master_deck":["JustLucky+1","JustLucky+1","Weave+1","Weave+1","FlurryOfBlows+1","FlurryOfBlows+1","Eruption+1","Vigilance+1","Nirvana+1","InnerPeace+1","Adaptation+1","Prostrate+1","Fasting2+1","EmptyFist+1","Adaptation+1","JustLucky+1","Halt+1","Prostrate+1","Scrawl+1"],"relics":["HolyWater","InkBottle","Ornamental Fan","WingedGreaves","TeardropLocket","MealTicket","MawBank","War Paint","TheAbacus","Black Star","Oddly Smooth Stone","Juzu Bracelet","Pocketwatch","PreservedInsect","Nunchaku","Pen Nib","Damaru","Nloth\u0027s Gift","Turnip","Smiling Mask","Mark of the Bloom","Lantern","Blue Candle","OrangePellets","Incense Burner","Whetstone","Bag of Preparation","Bottled Flame","Toy Ornithopter","Strawberry"],"acts_visited":["Exordium","TheCity","TheBeyond","TheEnding"],"potions_floor_usage":[56,56],"damage_taken":[{"damage":0.0,"enemies":"2 Louse","floor":1.0,"turns":1.0},{"damage":4.0,"enemies":"Small Slimes","floor":2.0,"turns":2.0},{"damage":0.0,"enemies":"Jaw Worm","floor":3.0,"turns":1.0},{"damage":1.0,"enemies":"Looter","floor":4.0,"turns":2.0},{"damage":0.0,"enemies":"Exordium Thugs","floor":5.0,"turns":3.0},{"damage":0.0,"enemies":"Lagavulin","floor":6.0,"turns":4.0},{"damage":8.0,"enemies":"3 Sentries","floor":8.0,"turns":4.0},{"damage":0.0,"enemies":"Lagavulin Event","floor":10.0,"turns":3.0},{"damage":1.0,"enemies":"Exordium Wildlife","floor":13.0,"turns":3.0},{"damage":25.0,"enemies":"The Guardian","floor":16.0,"turns":6.0},{"damage":0.0,"enemies":"Chosen","floor":18.0,"turns":2.0},{"damage":0.0,"enemies":"2 Thieves","floor":22.0,"turns":2.0},{"damage":0.0,"enemies":"Slavers","floor":23.0,"turns":4.0},{"damage":24.0,"enemies":"Book of Stabbing","floor":25.0,"turns":4.0},{"damage":0.0,"enemies":"Centurion and Healer","floor":27.0,"turns":2.0},{"damage":0.0,"enemies":"Cultist and Chosen","floor":28.0,"turns":4.0},{"damage":0.0,"enemies":"Snake Plant","floor":30.0,"turns":4.0},{"damage":0.0,"enemies":"Gremlin Leader","floor":31.0,"turns":3.0},{"damage":0.0,"enemies":"Champ","floor":33.0,"turns":4.0},{"damage":10.0,"enemies":"Orb Walker","floor":35.0,"turns":3.0},{"damage":10.0,"enemies":"3 Shapes","floor":37.0,"turns":3.0},{"damage":0.0,"enemies":"Nemesis","floor":40.0,"turns":3.0},{"damage":0.0,"enemies":"Giant Head","floor":42.0,"turns":2.0},{"damage":0.0,"enemies":"Jaw Worm Horde","floor":45.0,"turns":2.0},{"damage":0.0,"enemies":"Nemesis","floor":47.0,"turns":3.0},{"damage":0.0,"enemies":"Transient","floor":48.0,"turns":5.0},{"damage":37.0,"enemies":"Time Eater","floor":50.0,"turns":6.0},{"damage":0.0,"enemies":"Donu and Deca","floor":51.0,"turns":2.0},{"damage":0.0,"enemies":"Shield and Spear","floor":55.0,"turns":2.0},{"damage":0,"enemies":"The Heart","floor":56,"turns":5}],"seed_played":"-4983780893657520055","potions_obtained":[{"floor":1.0,"key":"SkillPotion"},{"floor":3.0,"key":"DuplicationPotion"},{"floor":13.0,"key":"BottledMiracle"},{"floor":18.0,"key":"SpeedPotion"},{"floor":23.0,"key":"Strength Potion"},{"floor":35.0,"key":"PowerPotion"},{"floor":45.0,"key":"Ambrosia"}],"is_trial":false,"path_per_floor":["M","M","M","M","M","E","R","E","T","?","?","?","M","$","R","B",null,"M","?","$","?","M","E","$","E","T","M","M","?","M","E","R","B",null,"M","?","M","?","?","E","$","E","T","R","M","?","E","M","R","B","B",null,"R","$","E","B",null],"character_chosen":"WATCHER","items_purchased":["War Paint","TheAbacus","Oddly Smooth Stone","PreservedInsect","OrangePellets","Prostrate","Swift Potion","GamblersBrew"],"campfire_rested":1,"item_purchase_floors":[14,14,20,24,41,41,54,54],"current_hp_per_floor":[61,57,57,56,56,56,56,48,48,48,37,37,36,51,51,26,58,58,58,68,68,68,68,68,44,44,44,44,44,44,44,44,44,62,52,52,42,42,42,42,42,42,42,42,42,42,42,42,42,5,5,5,5,5,5,5],"gold":46,"neow_bonus":"RANDOM_COMMON_RELIC","is_daily":false,"chose_seed":false,"campfire_upgraded":4,"win_rate":0.0,"timestamp":1610038845,"path_taken":["M","M","M","M","M","E","R","E","T","?","?","?","M","$","R","BOSS","M","?","$","?","M","E","$","E","T","M","M","?","M","E","R","BOSS","M","?","M","?","?","E","$","E","T","R","M","?","E","M","R","BOSS","BOSS","R","$","E","BOSS"],"items_purchased_type":["Relic","Relic","Relic","Relic","Relic","Card","Potion","Potion"],"build_version":"2020-12-22","purchased_purges":1,"victory":true,"max_hp_per_floor":[68,68,68,68,68,68,68,68,68,68,68,68,68,68,68,68,68,68,68,68,68,68,68,68,68,68,68,68,68,68,68,68,68,68,68,68,68,68,65,65,65,65,65,65,65,65,65,65,65,65,65,65,65,65,72,72],"card_choices":[{"not_picked":["Vengeance","Evaluate","Swivel"],"picked":"SKIP","floor":1.0},{"not_picked":["ClearTheMind","Sanctity"],"picked":"InnerPeace","floor":2.0},{"not_picked":["Worship","FlurryOfBlows","CarveReality"],"picked":"SKIP","floor":3.0},{"not_picked":["EmptyBody","SandsOfTime","ThirdEye"],"picked":"SKIP","floor":4.0},{"not_picked":["BattleHymn","Conclude","FlurryOfBlows"],"picked":"SKIP","floor":5.0},{"not_picked":["Pray","Protect"],"picked":"Adaptation","floor":6.0},{"not_picked":["DeceiveReality","SignatureMove"],"picked":"Prostrate","floor":8.0},{"not_picked":["Consecrate","ReachHeaven"],"picked":"Fasting2","floor":10.0},{"not_picked":["Blasphemy","ForeignInfluence","FollowUp"],"picked":"SKIP","floor":13.0},{"not_picked":["BowlingBash","Evaluate"],"picked":"EmptyFist","floor":18.0},{"not_picked":["Wallop","SashWhip","FlyingSleeves"],"picked":"SKIP","floor":22.0},{"not_picked":["Evaluate","FlyingSleeves"],"picked":"Adaptation","floor":23.0},{"not_picked":["FlurryOfBlows","FearNoEvil"],"picked":"JustLucky","floor":25.0},{"not_picked":["FollowUp","PathToVictory","WheelKick"],"picked":"SKIP","floor":27.0},{"not_picked":["FollowUp","EmptyFist","Consecrate"],"picked":"SKIP","floor":28.0},{"not_picked":["FollowUp+1","LessonLearned"],"picked":"JustLucky","floor":30.0},{"not_picked":["Omniscience","FollowUp","CarveReality"],"picked":"SKIP","floor":31.0},{"not_picked":["EmptyFist","BowlingBash","Consecrate"],"picked":"SKIP","floor":35.0},{"not_picked":["Consecrate","WheelKick+1"],"picked":"Halt+1","floor":37.0},{"not_picked":["Crescendo","Perseverance","FlyingSleeves+1"],"picked":"SKIP","floor":40.0},{"not_picked":["ThirdEye","FlyingSleeves+1","Consecrate"],"picked":"SKIP","floor":42.0},{"not_picked":["Devotion","Meditate+1"],"picked":"Scrawl","floor":45.0},{"not_picked":["SpiritShield","Judgement","Vengeance"],"picked":"SKIP","floor":47.0},{"not_picked":["Establishment","Prostrate","ForeignInfluence"],"picked":"SKIP","floor":48.0},{"not_picked":["WreathOfFlame+1","Consecrate","WaveOfTheHand+1"],"picked":"SKIP","floor":55.0}],"player_experience":1396514,"relics_obtained":[{"floor":6.0,"key":"WingedGreaves"},{"floor":8.0,"key":"TeardropLocket"},{"floor":9.0,"key":"MealTicket"},{"floor":23.0,"key":"Juzu Bracelet"},{"floor":23.0,"key":"Pocketwatch"},{"floor":25.0,"key":"Nunchaku"},{"floor":25.0,"key":"Pen Nib"},{"floor":26.0,"key":"Damaru"},{"floor":31.0,"key":"Turnip"},{"floor":31.0,"key":"Smiling Mask"},{"floor":40.0,"key":"Lantern"},{"floor":40.0,"key":"Blue Candle"},{"floor":42.0,"key":"Incense Burner"},{"floor":42.0,"key":"Whetstone"},{"floor":47.0,"key":"Bag of Preparation"},{"floor":47.0,"key":"Bottled Flame"},{"floor":55.0,"key":"Toy Ornithopter"},{"floor":55.0,"key":"Strawberry"}],"event_choices":[{"damage_healed":0.0,"max_hp_gain":0.0,"max_hp_loss":0.0,"gold_gain":0.0,"event_name":"Dead Adventurer","player_choice":"Searched \u00272\u0027 times","floor":10.0,"gold_loss":0.0,"damage_taken":0.0,"relics_obtained":["MawBank"]},{"damage_healed":0.0,"max_hp_gain":0.0,"max_hp_loss":0.0,"gold_gain":75.0,"event_name":"World of Goop","player_choice":"Gather Gold","floor":11.0,"gold_loss":0.0,"damage_taken":11.0},{"damage_healed":0.0,"max_hp_gain":0.0,"max_hp_loss":0.0,"gold_gain":150.0,"event_name":"Liars Game","player_choice":"AGREE","floor":12.0,"gold_loss":0.0,"damage_taken":0.0,"cards_obtained":["Doubt"]},{"damage_healed":0.0,"max_hp_gain":0.0,"max_hp_loss":0.0,"gold_gain":0.0,"event_name":"The Mausoleum","player_choice":"Ignored","floor":19.0,"gold_loss":0.0,"damage_taken":0.0},{"damage_healed":0.0,"max_hp_gain":0.0,"max_hp_loss":0.0,"gold_gain":50.0,"event_name":"Nest","player_choice":"Stole From Cult","floor":21.0,"gold_loss":0.0,"damage_taken":0.0},{"damage_healed":0.0,"max_hp_gain":0.0,"max_hp_loss":0.0,"gold_gain":0.0,"event_name":"N\u0027loth","player_choice":"Traded Relic","floor":29.0,"relics_lost":["Art of War"],"gold_loss":0.0,"damage_taken":0.0,"relics_obtained":["Nloth\u0027s Gift"]},{"damage_healed":0.0,"max_hp_gain":0.0,"max_hp_loss":0.0,"gold_gain":0.0,"event_name":"MindBloom","player_choice":"Upgrade","floor":36.0,"gold_loss":0.0,"damage_taken":0.0,"cards_upgraded":["JustLucky","Weave","Weave","FlurryOfBlows","FlurryOfBlows","Nirvana","InnerPeace","Fasting2","EmptyFist","Adaptation","JustLucky","JustLucky"],"relics_obtained":["Mark of the Bloom"]},{"cards_removed":["JustLucky"],"damage_healed":0.0,"max_hp_gain":0.0,"max_hp_loss":0.0,"gold_gain":0.0,"event_name":"Falling","player_choice":"Removed Attack","floor":38.0,"gold_loss":0.0,"damage_taken":0.0},{"damage_healed":0.0,"max_hp_gain":0.0,"max_hp_loss":3.0,"gold_gain":0.0,"event_name":"Winding Halls","player_choice":"Max HP","floor":39.0,"gold_loss":0.0,"damage_taken":0.0},{"damage_healed":0.0,"max_hp_gain":0.0,"max_hp_loss":0.0,"gold_gain":0.0,"event_name":"Designer","player_choice":"Upgrade","floor":46.0,"gold_loss":50.0,"damage_taken":0.0,"cards_upgraded":["Scrawl"]}],"is_beta":false,"boss_relics":[{"not_picked":["Ectoplasm","SlaversCollar"],"picked":"Black Star"},{"not_picked":["Busted Crown","Empty Cage"],"picked":"HolyWater"}],"items_purged_floors":[20],"is_endless":false,"potions_floor_spawned":[1,3,5,6,13,18,23,30,35,45],"ascension_level":20}}