{"host":"ig7tc0uedzltt2sr","time":1610056730,"event":{"mods":["BaseMod","Better Twitch Integration","Block Reminder","Colored Map","Colored Powertips","Communication Mod","Current Relic Mod","GifTheSpireLib","HexUI Lib","Minty Spire (QoL Compilation)","Quick Restart","Random Character Button","Rare Cards Sparkle","Relic Sorter","Relic Stats","Slay the Relics Exporter","StSLib","SuperFastMode","Synergy Search","Twitch Decklist","Twitch Utils","everything is the same but u backflip on backflip","slay the spire mod where everything is the same but ironclad has a cowboy hat"],"gold_per_floor":[110,127,127,141,160,160,160,160,160,160,178,178,178],"floor_reached":12,"playtime":90,"items_purged":[],"score":72,"play_id":"267a516a-13cd-4669-834f-3507dd45e8ca","local_time":"20210107135850","is_ascension_mode":false,"campfire_choices":[{"data":"Flame Barrier","floor":6,"key":"SMITH"},{"floor":8,"key":"REST"}],"circlet_count":0,"master_deck":["Strike_R","Strike_R","Strike_R","Strike_R","Strike_R","Defend_R","Defend_R","Defend_R","Defend_R","Bash","Carnage","Pummel","Flame Barrier+1","Warcry"],"relics":["Burning Blood","NeowsBlessing"],"acts_visited":["Exordium"],"potions_floor_usage":[],"damage_taken":[{"damage":0,"enemies":"Small Slimes","floor":1,"turns":2},{"damage":1,"enemies":"2 Louse","floor":2,"turns":3},{"damage":0,"enemies":"Cultist","floor":4,"turns":1},{"damage":22,"enemies":"3 Louse","floor":5,"turns":13},{"damage":8,"enemies":"Red Slaver","floor":10,"turns":2},{"damage":30,"enemies":"2 Fungi Beasts","floor":11,"turns":7},{"damage":61,"enemies":"3 Sentries","floor":12,"turns":11}],"seed_played":"-4110890957870430100","potions_obtained":[{"floor":2,"key":"Swift Potion"},{"floor":7,"key":"SmokeBomb"},{"floor":7,"key":"Regen Potion"},{"floor":7,"key":"Fruit Juice"}],"is_trial":false,"path_per_floor":["M","M","?","M","M","R","?","R","T","M","M","E"],"character_chosen":"IRONCLAD","items_purchased":[],"campfire_rested":1,"item_purchase_floors":[],"current_hp_per_floor":[80,80,80,80,64,64,64,80,80,83,59,0,0],"gold":178,"neow_bonus":"THREE_ENEMY_KILL","is_daily":false,"chose_seed":false,"campfire_upgraded":1,"win_rate":0.0,"timestamp":1610056730,"path_taken":["M","M","?","M","M","R","?","R","T","M","M","E"],"items_purchased_type":[],"build_version":"2020-12-22","purchased_purges":0,"victory":false,"max_hp_per_floor":[80,80,80,80,80,80,80,80,80,85,85,85,85],"relic_stats":{"counters":[7,39],"obtain_stats":[{"NeowsBlessing":0,"Burning Blood":0},{"NeowsBlessing":0,"Burning Blood":0},{"NeowsBlessing":0,"Burning Blood":0}],"Burning Blood":19},"card_choices":[{"not_picked":["Havoc","Shrug It Off"],"picked":"Carnage","floor":1},{"not_picked":["Whirlwind","Rampage"],"picked":"Pummel","floor":2},{"not_picked":["Reckless Charge","Uppercut","Flex"],"picked":"SKIP","floor":4},{"not_picked":["Second Wind","Headbutt"],"picked":"Flame Barrier","floor":5},{"not_picked":["Heavy Blade","Wild Strike"],"picked":"Warcry","floor":11}],"player_experience":1456692,"relics_obtained":[],"event_choices":[{"damage_healed":0,"gold_gain":0,"player_choice":"Ignored","damage_taken":0,"max_hp_gain":0,"max_hp_loss":0,"event_name":"Golden Wing","floor":3,"gold_loss":0},{"damage_healed":0,"gold_gain":0,"player_choice":"Got Potions","damage_taken":0,"max_hp_gain":0,"max_hp_loss":0,"event_name":"Lab","floor":7,"gold_loss":0}],"is_beta":false,"boss_relics":[],"items_purged_floors":[],"is_endless":false,"potions_floor_spawned":[2,10],"killed_by":"3 Sentries","ascension_level":0}}