{"host":"uceopoba4zvqsgiy","time":1610046678,"event":{"mods":["Act Like it!","BaseMod","Better Skull","Better Third Choice","Elementarium","Evolution","GifTheSpireLib","Hermit","Humility","Infinite Spire","Jorbs\u0027s Wanderer Trilogy","Marked Mod","Minty Spire (QoL Compilation)","Potionbrewer","Replay The Spire","Robot Space Explorer","Shade Mod","Spicy Shops","StSLib","Stuff the Spire","The Blue Laboratory","The Caster","The Cursed","The Dragon Tamer","The Hierophant","The Judge","The Jungle","Wandering Minibosses"],"gold_per_floor":[109,129,37,37,50,50,50],"floor_reached":6,"playtime":691,"items_purged":[],"score":47,"play_id":"b0425da8-3567-420b-adab-26fa855c9a58","local_time":"20210108054118","is_ascension_mode":true,"campfire_choices":[],"circlet_count":0,"master_deck":["Strike_G","Strike_G","Strike_G","Strike_G","Strike_G","Defend_G","Defend_G","Defend_G","Defend_G","Defend_G","Survivor","Neutralize","StuffTheSpire:Incursion","Well Laid Plans","Infinite Blades"],"relics":["Ring of the Snake","EVO:Axolotl","NeowsBlessing"],"acts_visited":["Exordium"],"potions_floor_usage":[],"damage_taken":[{"damage":0,"enemies":"Cultist","floor":1,"turns":1},{"damage":0,"enemies":"Small Slimes","floor":2,"turns":1},{"damage":0,"enemies":"Jaw Worm","floor":5,"turns":1},{"damage":64,"enemies":"3 Sentries","floor":6,"turns":6}],"seed_played":"-1224024650683055411","potions_obtained":[{"floor":1,"key":"blueLaboratory:EnvenomedCoating"}],"is_trial":false,"path_per_floor":["M","M","$","?","M","E"],"character_chosen":"THE_SILENT","items_purchased":["Infinite Blades"],"campfire_rested":0,"item_purchase_floors":[3],"current_hp_per_floor":[63,63,63,63,63,0,0],"gold":50,"neow_bonus":"THREE_ENEMY_KILL","is_daily":false,"chose_seed":false,"campfire_upgraded":0,"win_rate":0.0,"timestamp":1610046678,"path_taken":["M","M","$","?","M","E"],"items_purchased_type":["Card"],"build_version":"2020-12-22","purchased_purges":0,"victory":false,"max_hp_per_floor":[70,70,70,70,70,70,70],"card_choices":[{"not_picked":["Dagger Throw","Quick Slash"],"picked":"StuffTheSpire:Incursion","floor":1},{"not_picked":["Sucker Punch","ReplayTheSpireMod:The Works"],"picked":"Well Laid Plans","floor":2},{"not_picked":["Dagger Throw","Acrobatics","Poisoned Stab"],"picked":"SKIP","floor":5}],"player_experience":1593798,"relics_obtained":[],"event_choices":[{"damage_healed":0,"gold_gain":0,"player_choice":"Leave","damage_taken":0,"max_hp_gain":0,"max_hp_loss":0,"event_name":"The Cleric","floor":4,"gold_loss":0}],"is_beta":false,"boss_relics":[],"items_purged_floors":[],"is_endless":false,"potions_floor_spawned":[1],"killed_by":"3 Sentries","ascension_level":6}}