{"host":"hve1dyh1ly81yl9f","time":1610041533,"event":{"mods":["BaseMod","Colored Map","DeckTracker","Highlight Path","Keyboard Shortcuts","Minty Spire (QoL Compilation)","Permanent Neow","Quick Restart","StSLib","SuperFastMode"],"gold_per_floor":[111,122,87,87,97,127,145,64,88,103,103,278,278,313,313,313,313],"floor_reached":16,"playtime":251,"items_purged":[],"score":169,"play_id":"b2dd65a4-3dbd-484b-a1ee-c7e9f948063e","local_time":"20210108024533","is_ascension_mode":true,"campfire_choices":[{"floor":15,"key":"REST"}],"circlet_count":0,"master_deck":["Strike_R","Strike_R","Strike_R","Strike_R","Strike_R","Defend_R","Defend_R+1","Bash","Flex+1","Flex","Pommel Strike","Twin Strike","Pummel","Twin Strike","Doubt"],"relics":["Burning Blood","Bronze Scales","Lantern","Smiling Mask"],"acts_visited":["Exordium"],"potions_floor_usage":[16,16],"damage_taken":[{"damage":16,"enemies":"Small Slimes","floor":1,"turns":3},{"damage":12,"enemies":"Jaw Worm","floor":2,"turns":2},{"damage":6,"enemies":"Cultist","floor":5,"turns":3},{"damage":45,"enemies":"3 Sentries","floor":6,"turns":8},{"damage":10,"enemies":"Large Slime","floor":7,"turns":2},{"damage":6,"enemies":"Exordium Thugs","floor":10,"turns":3},{"damage":0,"enemies":"Gremlin Nob","floor":14,"turns":2},{"damage":44,"enemies":"The Guardian","floor":16,"turns":4}],"seed_played":"3084437829411205361","potions_obtained":[{"floor":2,"key":"SteroidPotion"},{"floor":6,"key":"PowerPotion"},{"floor":10,"key":"GamblersBrew"}],"is_trial":false,"path_per_floor":["M","M","?","?","M","E","M","$","T","M","?","?","?","E","R","B"],"character_chosen":"IRONCLAD","items_purchased":["Pummel"],"campfire_rested":1,"item_purchase_floors":[8],"current_hp_per_floor":[62,56,72,58,58,19,15,15,15,15,15,15,15,21,42,0,0],"gold":313,"neow_bonus":"REMOVE_TWO","is_daily":false,"chose_seed":false,"campfire_upgraded":0,"win_rate":0.0,"timestamp":1610041533,"path_taken":["M","M","?","?","M","E","M","$","T","M","?","?","?","E","R","BOSS"],"items_purchased_type":["Card"],"build_version":"2020-12-22","purchased_purges":0,"victory":false,"max_hp_per_floor":[72,72,72,72,72,72,72,72,72,72,72,72,72,72,72,72,72],"card_choices":[{"not_picked":["Wild Strike","Anger"],"picked":"Flex","floor":1},{"not_picked":["Warcry","Havoc"],"picked":"Flex","floor":2},{"not_picked":["Iron Wave","Dual Wield","Pommel Strike"],"picked":"SKIP","floor":5},{"not_picked":["Iron Wave","Dual Wield"],"picked":"Pommel Strike","floor":5},{"not_picked":["Burning Pact","Power Through"],"picked":"Twin Strike","floor":6},{"not_picked":["Headbutt","Evolve","Bludgeon"],"picked":"SKIP","floor":7},{"not_picked":["Ghostly Armor","Evolve"],"picked":"Twin Strike","floor":10},{"not_picked":["Rupture","Headbutt","Anger"],"picked":"SKIP","floor":14}],"player_experience":297346,"relics_obtained":[{"floor":6,"key":"Bronze Scales"},{"floor":9,"key":"Lantern"},{"floor":14,"key":"Smiling Mask"}],"event_choices":[{"damage_healed":18,"gold_gain":0,"player_choice":"Healed","damage_taken":0,"max_hp_gain":0,"max_hp_loss":0,"event_name":"The Cleric","floor":3,"gold_loss":35},{"damage_healed":0,"gold_gain":0,"player_choice":"Entered Light","damage_taken":14,"max_hp_gain":0,"max_hp_loss":0,"event_name":"Shining Light","floor":4,"gold_loss":0,"cards_upgraded":["Defend_R","Flex"]},{"damage_healed":0,"gold_gain":0,"player_choice":"Searched \u00270\u0027 times","damage_taken":0,"max_hp_gain":0,"max_hp_loss":0,"event_name":"Dead Adventurer","floor":11,"gold_loss":0},{"damage_healed":0,"gold_gain":175,"player_choice":"AGREE","damage_taken":0,"max_hp_gain":0,"max_hp_loss":0,"event_name":"Liars Game","floor":12,"gold_loss":0,"cards_obtained":["Doubt"]},{"damage_healed":0,"gold_gain":0,"player_choice":"Fled","damage_taken":0,"max_hp_gain":0,"max_hp_loss":0,"event_name":"Scrap Ooze","floor":13,"gold_loss":0}],"is_beta":false,"boss_relics":[],"items_purged_floors":[],"is_endless":false,"potions_floor_spawned":[2,6,10],"killed_by":"The Guardian","ascension_level":5}}