{"host":"2qv44oxt58ptq59r","time":1610037852,"event":{"mods":["AchievementEnabler","BaseMod","Colored Powertips","Highlight Path","Minty Spire (QoL Compilation)","Permanent Neow","StSLib"],"gold_per_floor":[116,134,7,7,7,7,7,7,7,7,26,37,64,78,78,176,176,187,106,106,117,132,132,15,29,29,29,39,51,51,51,51,51,51],"floor_reached":33,"playtime":4556,"items_purged":[],"score":272,"play_id":"5db711e9-d21f-4467-aed6-cce3af13dadf","local_time":"20210107164412","is_ascension_mode":false,"campfire_choices":[{"data":"Bash","floor":7,"key":"SMITH"},{"floor":15,"key":"RECALL"},{"data":"Strike_R","floor":23,"key":"PURGE"},{"data":"Strike_R","floor":27,"key":"PURGE"},{"floor":32,"key":"REST"}],"circlet_count":0,"master_deck":["Defend_R","Defend_R","Defend_R","Defend_R","Bash+1","Bandage Up","Clothesline","Blood for Blood+1","Armaments+1","Uppercut+1","Heavy Blade+1","Spot Weakness","Searing Blow+1","Metallicize","Headbutt+1","Whirlwind+1","Shockwave+1","Metallicize","Sword Boomerang+1"],"relics":["Burning Blood","Molten Egg 2","Gremlin Horn","Peace Pipe","Empty Cage","MutagenicStrength","Toy Ornithopter"],"acts_visited":["Exordium","TheCity"],"potions_floor_usage":[12,22,22,29,29,33],"damage_taken":[{"damage":0,"enemies":"Small Slimes","floor":1,"turns":3},{"damage":0,"enemies":"2 Louse","floor":2,"turns":2},{"damage":0,"enemies":"Jaw Worm","floor":11,"turns":3},{"damage":0,"enemies":"3 Louse","floor":12,"turns":4},{"damage":36,"enemies":"Gremlin Nob","floor":13,"turns":5},{"damage":5,"enemies":"Looter","floor":14,"turns":3},{"damage":33,"enemies":"The Guardian","floor":16,"turns":12},{"damage":8,"enemies":"Chosen","floor":18,"turns":5},{"damage":19,"enemies":"Shell Parasite","floor":21,"turns":8},{"damage":40,"enemies":"Chosen and Byrds","floor":22,"turns":6},{"damage":35,"enemies":"Sentry and Sphere","floor":25,"turns":8},{"damage":6,"enemies":"Snecko","floor":28,"turns":4},{"damage":16,"enemies":"Centurion and Healer","floor":29,"turns":5},{"damage":78,"enemies":"Automaton","floor":33,"turns":10}],"seed_played":"-5164288852599584872","potions_obtained":[{"floor":12,"key":"BloodPotion"},{"floor":14,"key":"Regen Potion"},{"floor":18,"key":"SneckoOil"},{"floor":21,"key":"Weak Potion"},{"floor":25,"key":"PowerPotion"}],"is_trial":false,"path_per_floor":["M","M","$","?","?","?","R","T","T","?","M","M","E","M","R","B",null,"M","$","?","M","M","R","$","M","T","R","M","M","?","?","R","B"],"character_chosen":"IRONCLAD","items_purchased":["HeartOfIron","Armaments","Metallicize","Whirlwind+1","Strength Potion"],"campfire_rested":1,"item_purchase_floors":[3,3,19,24,24],"current_hp_per_floor":[80,80,80,80,64,57,57,57,57,62,74,84,60,65,65,42,85,84,84,84,71,57,57,57,32,32,32,36,40,24,24,51,0,0],"gold":51,"neow_bonus":"RANDOM_COLORLESS","is_daily":false,"chose_seed":false,"campfire_upgraded":1,"win_rate":0.0,"timestamp":1610037852,"path_taken":["M","M","$","?","?","?","R","?","T","?","M","?","E","M","R","BOSS","M","$","?","M","M","R","$","M","T","R","M","M","?","?","R","BOSS"],"items_purchased_type":["Potion","Card","Card","Card","Potion"],"build_version":"2020-12-22","purchased_purges":0,"victory":false,"max_hp_per_floor":[80,80,80,80,80,80,80,80,80,85,85,85,85,85,85,85,85,85,85,85,85,85,85,85,85,85,85,85,85,90,90,90,90,90],"card_choices":[{"not_picked":["Finesse","Good Instincts"],"picked":"Bandage Up","floor":0},{"not_picked":["Pommel Strike","Wild Strike"],"picked":"Clothesline","floor":1},{"not_picked":["Rampage","Cleave"],"picked":"Blood for Blood","floor":2},{"not_picked":["Perfected Strike+1","Seeing Red"],"picked":"Uppercut+1","floor":11},{"not_picked":["Shrug It Off","Thunderclap+1"],"picked":"Heavy Blade+1","floor":12},{"not_picked":["Bloodletting","Warcry"],"picked":"Spot Weakness","floor":13},{"not_picked":["Flame Barrier","Bloodletting"],"picked":"Searing Blow+1","floor":14},{"not_picked":["Spot Weakness","Heavy Blade+1","Armaments"],"picked":"SKIP","floor":18},{"not_picked":["Reckless Charge+1","True Grit"],"picked":"Headbutt+1","floor":21},{"not_picked":["Offering","Dual Wield","Shrug It Off"],"picked":"SKIP","floor":22},{"not_picked":["Second Wind+1","Seeing Red+1"],"picked":"Shockwave+1","floor":25},{"not_picked":["Body Slam+1","Rage"],"picked":"Metallicize","floor":28},{"not_picked":["Power Through","Anger+1"],"picked":"Sword Boomerang+1","floor":29}],"player_experience":5238925,"relics_obtained":[{"floor":8,"key":"Molten Egg 2"},{"floor":9,"key":"Gremlin Horn"},{"floor":13,"key":"Peace Pipe"},{"floor":26,"key":"Toy Ornithopter"}],"event_choices":[{"damage_healed":0,"gold_gain":0,"player_choice":"Ignored","damage_taken":0,"max_hp_gain":0,"max_hp_loss":0,"event_name":"Liars Game","floor":4,"gold_loss":0},{"damage_healed":0,"gold_gain":0,"player_choice":"Entered Light","damage_taken":16,"max_hp_gain":0,"max_hp_loss":0,"event_name":"Shining Light","floor":5,"gold_loss":0,"cards_upgraded":["Armaments","Blood for Blood"]},{"cards_removed":["Strike_R"],"damage_healed":0,"gold_gain":0,"player_choice":"Card Removal","damage_taken":7,"max_hp_gain":0,"max_hp_loss":0,"event_name":"Golden Wing","floor":6,"gold_loss":0},{"damage_healed":0,"gold_gain":0,"player_choice":"Donut","damage_taken":0,"max_hp_gain":5,"max_hp_loss":0,"event_name":"Big Fish","floor":10,"gold_loss":0},{"damage_healed":0,"gold_gain":0,"player_choice":"Inject Mutagens","damage_taken":0,"relics_obtained":["MutagenicStrength"],"max_hp_gain":0,"max_hp_loss":0,"event_name":"Drug Dealer","floor":20,"gold_loss":0},{"damage_healed":0,"gold_gain":0,"player_choice":"Shed Blood","damage_taken":21,"max_hp_gain":5,"max_hp_loss":0,"event_name":"Forgotten Altar","floor":30,"gold_loss":0},{"damage_healed":0,"gold_gain":0,"player_choice":"Ignored","damage_taken":0,"max_hp_gain":0,"max_hp_loss":0,"event_name":"Ghosts","floor":31,"gold_loss":0}],"is_beta":false,"boss_relics":[{"not_picked":["Mark of Pain","Astrolabe"],"picked":"Empty Cage"}],"items_purged_floors":[],"is_endless":false,"potions_floor_spawned":[12,14,18,21,25],"killed_by":"Automaton","ascension_level":0}}