{"host":"wbdly04l9mkn9nrc","time":1610012882,"event":{"mods":["ATMod(°¢èªMod)","AchievementEnabler","BaseMod","BetterRewards","Minty Spire (QoL Compilation)","Replay The Spire","StSLib"],"gold_per_floor":[117,128,128,146,38,38,38,38,116,135,135,145,178,196,196,296,296,306,306,274,49,69,99,99,99,99,126,126,126],"floor_reached":28,"playtime":2188,"items_purged":["Strike_R","Strike_R","Defend_R","Strike_R"],"score":258,"play_id":"0d76d100-9656-4355-a696-071c726d3da6","local_time":"20210107174802","is_ascension_mode":false,"campfire_choices":[{"data":"Body Slam","floor":6.0,"key":"SMITH"},{"data":"Body Slam","floor":25.0,"key":"SMITH"}],"circlet_count":0,"master_deck":["Strike_R","Defend_R","Defend_R","Bash","Body Slam+1","Body Slam+1","Shrug It Off","Second Wind","Power Through","Shrug It Off","Metallicize","Pommel Strike","Dual Wield","Impervious+1","PiercingWail","ReplayTheSpireMod:Stacked","Warcry","Brutality","Feed","Feel No Pain+1","Fire Breathing"],"relics":["Burning Blood"],"acts_visited":["Exordium","TheCity"],"potions_floor_usage":[28],"damage_taken":[{"damage":0.0,"enemies":"Small Slimes","floor":1.0,"turns":4.0},{"damage":0.0,"enemies":"Cultist","floor":2.0,"turns":5.0},{"damage":7.0,"enemies":"Jaw Worm","floor":4.0,"turns":5.0},{"damage":0.0,"enemies":"Exordium Thugs","floor":10.0,"turns":3.0},{"damage":0.0,"enemies":"Looter","floor":12.0,"turns":2.0},{"damage":5.0,"enemies":"3 Sentries","floor":13.0,"turns":8.0},{"damage":2.0,"enemies":"Large Slime","floor":14.0,"turns":9.0},{"damage":32.0,"enemies":"Fading Forest","floor":16.0,"turns":11.0},{"damage":21.0,"enemies":"3 Byrds","floor":18.0,"turns":7.0},{"damage":8.0,"enemies":"2 Thieves","floor":20.0,"turns":5.0},{"damage":17.0,"enemies":"Sentry and Sphere","floor":22.0,"turns":9.0},{"damage":13.0,"enemies":"Replay:Snechameleon","floor":23.0,"turns":10.0},{"damage":37.0,"enemies":"Book of Stabbing","floor":27.0,"turns":8.0},{"damage":21,"enemies":"Snake Plant","floor":28,"turns":4}],"seed_played":"5725684621688184802","potions_obtained":[{"floor":2.0,"key":"BloodPotion"},{"floor":14.0,"key":"SkillPotion"},{"floor":16.0,"key":"Toxic Potion"},{"floor":20.0,"key":"EssenceOfSteel"},{"floor":23.0,"key":"Swift Potion"}],"is_trial":false,"path_per_floor":["M","M","?","M","$","R","?","$","T","M","$","M","E","M","R","B",null,"M","?","M","$","M","E","T","R","T","E","M"],"character_chosen":"IRONCLAD","items_purchased":["Body Slam","Shrug It Off","Second Wind","Power Through","Fruit Juice","Shrug It Off","Metallicize","Impervious+1","Fire Breathing"],"campfire_rested":0,"item_purchase_floors":[0,0,0,0,0,0,0,5,21],"current_hp_per_floor":[55,61,61,60,60,60,60,60,60,66,66,72,73,77,77,68,85,70,70,68,68,60,53,53,53,53,22,1,1],"gold":126,"neow_bonus":"","is_daily":false,"chose_seed":false,"campfire_upgraded":2,"win_rate":0.0,"timestamp":1610012882,"path_taken":["M","M","?","?","$","R","?","$","T","M","?","M","E","M","R","BOSS","M","?","?","$","M","E","?","R","T","E","M"],"items_purchased_type":["Card","Card","Card","Card","Potion","Card","Card","Card","Card"],"build_version":"2020-12-22","purchased_purges":4,"victory":false,"max_hp_per_floor":[85,85,85,85,85,85,85,85,85,85,85,85,85,85,85,85,85,85,85,85,85,88,88,88,88,88,88,88,88],"card_choices":[{"not_picked":["Heavy Blade","Anger"],"picked":"Pommel Strike","floor":1.0},{"not_picked":["Headbutt","Shrug It Off","Rupture"],"picked":"SKIP","floor":2.0},{"not_picked":["Twin Strike","Iron Wave"],"picked":"Dual Wield","floor":4.0},{"not_picked":["Second Wind","ReplayTheSpireMod:Muscle Training"],"picked":"ReplayTheSpireMod:Stacked","floor":10.0},{"not_picked":["Abandon","Metallicize"],"picked":"Warcry","floor":12.0},{"not_picked":["Defy Death","Dark Embrace","Flex"],"picked":"SKIP","floor":13.0},{"not_picked":["Clash","Warcry","Searing Blow"],"picked":"SKIP","floor":14.0},{"not_picked":["Bludgeon","Offering"],"picked":"Feed","floor":16.0},{"not_picked":["Body Slam","Thunderclap","Bloodletting"],"picked":"SKIP","floor":18.0},{"not_picked":["Anger","Flex"],"picked":"Feel No Pain+1","floor":20.0},{"not_picked":["ReplayTheSpireMod:Muscle Training","Hemokinesis+1","Abandon"],"picked":"SKIP","floor":22.0},{"not_picked":["Iron Wave","Shrug It Off","Clothesline+1"],"picked":"SKIP","floor":23.0},{"not_picked":["Fire Breathing","Shrug It Off+1","Blood for Blood"],"picked":"SKIP","floor":27.0}],"player_experience":198487,"relics_obtained":[],"event_choices":[{"damage_healed":0.0,"max_hp_gain":0.0,"max_hp_loss":0.0,"gold_gain":0.0,"event_name":"FaceTrader","player_choice":"Leave","floor":3.0,"gold_loss":0.0,"damage_taken":0.0},{"cards_removed":["Strike_R"],"damage_healed":0.0,"max_hp_gain":0.0,"max_hp_loss":0.0,"gold_gain":0.0,"event_name":"NoteForYourself","player_choice":"Took Card","floor":7.0,"gold_loss":0.0,"damage_taken":0.0,"cards_obtained":["PiercingWail"]},{"damage_healed":0.0,"max_hp_gain":0.0,"max_hp_loss":0.0,"gold_gain":0.0,"cards_transformed":["Defend_R"],"event_name":"Living Wall","player_choice":"Change","floor":15.0,"gold_loss":0.0,"damage_taken":0.0,"cards_obtained":["Brutality"]},{"damage_healed":0.0,"max_hp_gain":0.0,"max_hp_loss":0.0,"gold_gain":0.0,"event_name":"WeMeetAgain","player_choice":"Ignored","floor":19.0,"gold_loss":0.0,"damage_taken":0.0}],"is_beta":false,"boss_relics":[{"not_picked":["Busted Crown","Tiny House","SlaversCollar"]}],"items_purged_floors":[0,0,0,21],"is_endless":false,"potions_floor_spawned":[2,14,16,20,23],"killed_by":"Snake Plant","ascension_level":0}}