{"host":"nqsrckqog5ia9mbo","time":1610056969,"event":{"mods":["AchievementEnabler","BaseMod","Colored Map","Highlight Path","Minty Spire (QoL Compilation)","StSLib","The Hierophant"],"gold_per_floor":[100,32,52,69,61,66,66,66,66,66,46,46],"floor_reached":11,"playtime":1038,"items_purged":[],"score":73,"play_id":"dff35fb9-f8f1-464c-8bcd-7a1bf3f8796b","local_time":"20210107230249","is_ascension_mode":false,"campfire_choices":[{"data":"hierophant:Doubloon","floor":7,"key":"SMITH"},{"floor":10,"key":"REST"}],"circlet_count":0,"master_deck":["hierophant:Strike_Hierophant","hierophant:Strike_Hierophant","hierophant:Strike_Hierophant","hierophant:Strike_Hierophant","hierophant:Punish","hierophant:Defend_Hierophant","hierophant:Defend_Hierophant","hierophant:Defend_Hierophant","hierophant:Defend_Hierophant","hierophant:ChurchCoffers","hierophant:Doomsaying","hierophant:Repentance","hierophant:Bribe","hierophant:Encroach","hierophant:SecretStash","hierophant:Doubloon+1"],"relics":["hierophant:PropheticMaskRelic","Bag of Preparation","White Beast Statue","Anchor"],"acts_visited":["Exordium"],"potions_floor_usage":[6],"damage_taken":[{"damage":3,"enemies":"Cultist","floor":1,"turns":5},{"damage":0,"enemies":"Small Slimes","floor":3,"turns":3},{"damage":6,"enemies":"Jaw Worm","floor":4,"turns":3},{"damage":17,"enemies":"Large Slime","floor":5,"turns":11},{"damage":29,"enemies":"Gremlin Nob","floor":6,"turns":5},{"damage":55,"enemies":"Lagavulin","floor":11,"turns":13}],"seed_played":"527767198548056986","potions_obtained":[{"floor":5,"key":"SteroidPotion"}],"is_trial":false,"path_per_floor":["M","$","M","M","M","E","R","?","T","R","E"],"character_chosen":"HIEROPHANT","items_purchased":["hierophant:Repentance"],"campfire_rested":1,"item_purchase_floors":[2],"current_hp_per_floor":[79,79,79,73,56,27,27,27,27,51,0,0],"gold":46,"neow_bonus":"TEN_PERCENT_HP_BONUS","is_daily":false,"chose_seed":false,"campfire_upgraded":1,"win_rate":0.0,"timestamp":1610056969,"path_taken":["M","?","M","M","M","E","R","?","T","R","E"],"items_purchased_type":["Card"],"build_version":"2020-12-22","purchased_purges":0,"victory":false,"max_hp_per_floor":[82,82,82,82,82,82,82,82,82,82,82,82],"card_choices":[{"not_picked":["hierophant:SealAway","hierophant:PristineSoul"],"picked":"hierophant:Doomsaying","floor":1},{"not_picked":["hierophant:Flagellation","hierophant:Exaltation"],"picked":"hierophant:Bribe","floor":3},{"not_picked":["hierophant:TollTheBells","hierophant:Chorus"],"picked":"hierophant:Encroach","floor":4},{"not_picked":["hierophant:EyeForCoin","hierophant:CursedGold"],"picked":"hierophant:SecretStash","floor":5},{"not_picked":["hierophant:AuricBeam","hierophant:Mercenaries"],"picked":"hierophant:Doubloon","floor":6}],"player_experience":165693,"relics_obtained":[{"floor":6,"key":"Bag of Preparation"},{"floor":8,"key":"White Beast Statue"},{"floor":9,"key":"Anchor"}],"event_choices":[{"damage_healed":0,"gold_gain":0,"player_choice":"Relic","damage_taken":0,"max_hp_gain":0,"max_hp_loss":0,"event_name":"Wheel of Change","floor":8,"gold_loss":0}],"is_beta":false,"boss_relics":[],"items_purged_floors":[],"is_endless":false,"potions_floor_spawned":[5],"killed_by":"Lagavulin","ascension_level":0}}