{"host":"p4v0hquynnreu717","time":1610034547,"event":{"mods":["BaseMod","Better Vampires","DeckTracker","Googly Eyes","Minty Spire (QoL Compilation)","Quick Restart","StSLib","SuperFastMode"],"gold_per_floor":[118,41,41,41,41,67,86,86,112,132,151,164,164,164,164,164,164],"floor_reached":16,"playtime":236,"items_purged":[],"score":219,"play_id":"c80be9b5-469a-431a-beee-4d57a64f733a","local_time":"20210107234907","is_ascension_mode":true,"campfire_choices":[{"data":"Defragment","floor":8,"key":"SMITH"},{"data":"Consume","floor":15,"key":"SMITH"}],"circlet_count":0,"master_deck":["AscendersBane","Strike_B","Strike_B","Strike_B","Strike_B","Defend_B+1","Defend_B+1","Defend_B","Defend_B","Zap","Dualcast","Defragment+1","Core Surge","Skim","Turbo","Consume+1"],"relics":["Cracked Core","NeowsBlessing","Bottled Flame","Orichalcum"],"acts_visited":["Exordium"],"potions_floor_usage":[],"damage_taken":[{"damage":0,"enemies":"2 Louse","floor":1,"turns":1},{"damage":0,"enemies":"Lagavulin","floor":6,"turns":1},{"damage":0,"enemies":"Jaw Worm","floor":7,"turns":1},{"damage":0,"enemies":"Cultist","floor":10,"turns":3},{"damage":9,"enemies":"3 Louse","floor":11,"turns":2},{"damage":6,"enemies":"Large Slime","floor":12,"turns":6},{"damage":53,"enemies":"Slime Boss","floor":16,"turns":9}],"seed_played":"1868101684631310762","potions_obtained":[{"floor":4,"key":"Block Potion"},{"floor":4,"key":"Energy Potion"},{"floor":6,"key":"Fire Potion"},{"floor":10,"key":"LiquidMemories"},{"floor":11,"key":"FocusPotion"}],"is_trial":false,"path_per_floor":["M","$","?","?","$","E","M","R","T","M","M","M","?","?","R","B"],"character_chosen":"DEFECT","items_purchased":["Core Surge"],"campfire_rested":0,"item_purchase_floors":[2],"current_hp_per_floor":[64,64,43,43,43,43,43,43,43,43,34,28,51,51,51,0,0],"gold":164,"neow_bonus":"THREE_ENEMY_KILL","is_daily":false,"chose_seed":false,"campfire_upgraded":2,"win_rate":0.0,"timestamp":1610034547,"path_taken":["M","$","?","?","$","E","?","R","T","M","M","M","?","?","R","BOSS"],"items_purchased_type":["Card"],"build_version":"2020-12-22","purchased_purges":0,"victory":false,"max_hp_per_floor":[71,71,71,71,71,71,71,71,71,71,71,71,71,71,71,71,71],"card_choices":[{"not_picked":["Barrage","Ball Lightning"],"picked":"Defragment","floor":1},{"not_picked":["Genetic Algorithm","Go for the Eyes","Fusion"],"picked":"SKIP","floor":6},{"not_picked":["Compile Driver","Barrage"],"picked":"Skim","floor":7},{"not_picked":["Double Energy","Stack"],"picked":"Turbo","floor":10},{"not_picked":["Darkness","Leap"],"picked":"Consume","floor":11},{"not_picked":["Hello World","Leap","All For One"],"picked":"SKIP","floor":12}],"player_experience":765596,"relics_obtained":[{"floor":6,"key":"Bottled Flame"},{"floor":9,"key":"Orichalcum"}],"event_choices":[{"damage_healed":0,"gold_gain":0,"player_choice":"Entered Light","damage_taken":21,"max_hp_gain":0,"max_hp_loss":0,"event_name":"Shining Light","floor":3,"gold_loss":0,"cards_upgraded":["Defend_B","Defend_B"]},{"damage_healed":0,"gold_gain":0,"player_choice":"Got Potions","damage_taken":0,"max_hp_gain":0,"max_hp_loss":0,"event_name":"Lab","floor":4,"gold_loss":0},{"damage_healed":23,"gold_gain":0,"player_choice":"Banana","damage_taken":0,"max_hp_gain":0,"max_hp_loss":0,"event_name":"Big Fish","floor":13,"gold_loss":0},{"damage_healed":0,"gold_gain":0,"player_choice":"Ignored","damage_taken":0,"max_hp_gain":0,"max_hp_loss":0,"event_name":"Liars Game","floor":14,"gold_loss":0}],"is_beta":false,"boss_relics":[],"items_purged_floors":[],"is_endless":false,"potions_floor_spawned":[6,10,11],"killed_by":"Slime Boss","ascension_level":15}}