{"host":"hwrdjx5eod2cxh09","time":1610026443,"event":{"mods":["AchievementEnabler","BaseMod","Bestiary","Minty Spire (QoL Compilation)","Relic Stats"],"gold_per_floor":[112,125,125,143,197,225,225,255,282,314,314,332,332,352,352,352,352],"floor_reached":16,"playtime":578,"items_purged":[],"score":116,"play_id":"7b9e049e-8466-440d-a799-6886b0409728","local_time":"20210107223403","is_ascension_mode":true,"campfire_choices":[{"floor":7,"key":"REST"},{"floor":13,"key":"REST"},{"data":"Armaments","floor":15,"key":"SMITH"}],"circlet_count":0,"master_deck":["Strike_R","Strike_R","Strike_R+1","Strike_R","Defend_R","Defend_R+1","Defend_R","Defend_R","Bash","True Grit","Armaments+1","Flex","Seeing Red","Wild Strike","Perfected Strike+1","Barricade"],"relics":["Burning Blood","Lantern","Dream Catcher","Smiling Mask","Toy Ornithopter"],"acts_visited":["Exordium"],"potions_floor_usage":[16],"damage_taken":[{"damage":5,"enemies":"Jaw Worm","floor":1,"turns":5},{"damage":0,"enemies":"Small Slimes","floor":2,"turns":4},{"damage":2,"enemies":"2 Louse","floor":4,"turns":4},{"damage":61,"enemies":"Gremlin Nob","floor":6,"turns":6},{"damage":25,"enemies":"Lagavulin","floor":10,"turns":7},{"damage":5,"enemies":"2 Fungi Beasts","floor":12,"turns":4},{"damage":19,"enemies":"Blue Slaver","floor":14,"turns":4},{"damage":28,"enemies":"Slime Boss","floor":16,"turns":10}],"seed_played":"-5668256184409332529","potions_obtained":[{"floor":4,"key":"DistilledChaos"},{"floor":6,"key":"PowerPotion"},{"floor":12,"key":"SkillPotion"},{"floor":14,"key":"FearPotion"}],"is_trial":false,"path_per_floor":["M","M","?","M","T","E","R","?","T","E","?","M","R","M","R","B"],"character_chosen":"IRONCLAD","items_purchased":[],"campfire_rested":2,"item_purchase_floors":[],"current_hp_per_floor":[80,80,64,68,68,13,37,37,37,18,18,19,43,30,30,7,7],"gold":352,"neow_bonus":"TRANSFORM_CARD","is_daily":false,"chose_seed":false,"campfire_upgraded":1,"win_rate":0.0,"timestamp":1610026443,"path_taken":["M","M","?","M","?","E","R","?","T","E","?","M","R","M","R","BOSS"],"items_purchased_type":[],"build_version":"2020-12-22","purchased_purges":0,"victory":false,"max_hp_per_floor":[80,80,80,80,80,80,80,80,80,80,80,80,80,80,80,80,80],"relic_stats":{"Dream Catcher":2,"counters":[8,44],"Smiling Mask":0,"obtain_stats":[{"Lantern":5,"Dream Catcher":6,"Smiling Mask":9,"Burning Blood":0,"Toy Ornithopter":10},{"Lantern":3,"Dream Catcher":4,"Smiling Mask":4,"Burning Blood":0,"Toy Ornithopter":5},{"Lantern":13,"Dream Catcher":19,"Smiling Mask":19,"Burning Blood":0,"Toy Ornithopter":26}],"Burning Blood":35,"Toy Ornithopter":5},"card_choices":[{"not_picked":["Uppercut","Hemokinesis"],"picked":"Armaments","floor":1},{"not_picked":["Searing Blow","Armaments","Sword Boomerang"],"picked":"SKIP","floor":2},{"not_picked":["Dual Wield","Anger"],"picked":"Flex","floor":4},{"not_picked":["Thunderclap","Rage"],"picked":"Seeing Red","floor":6},{"not_picked":["Shrug It Off","Perfected Strike"],"picked":"Wild Strike","floor":7},{"not_picked":["Seeing Red","Clothesline"],"picked":"Perfected Strike","floor":10},{"not_picked":["Whirlwind","Burning Pact"],"picked":"Barricade","floor":12},{"not_picked":["Sword Boomerang","Headbutt","Flex"],"picked":"SKIP","floor":14}],"player_experience":191219,"relics_obtained":[{"floor":5,"key":"Lantern"},{"floor":6,"key":"Dream Catcher"},{"floor":9,"key":"Smiling Mask"},{"floor":10,"key":"Toy Ornithopter"}],"event_choices":[{"damage_healed":0,"gold_gain":0,"player_choice":"Entered Light","damage_taken":16,"max_hp_gain":0,"max_hp_loss":0,"event_name":"Shining Light","floor":3,"gold_loss":0,"cards_upgraded":["Defend_R","Strike_R"]},{"damage_healed":0,"gold_gain":30,"player_choice":"Searched \u00271\u0027 times","damage_taken":0,"max_hp_gain":0,"max_hp_loss":0,"event_name":"Dead Adventurer","floor":8,"gold_loss":0},{"damage_healed":0,"gold_gain":0,"player_choice":"Grow","damage_taken":0,"max_hp_gain":0,"max_hp_loss":0,"event_name":"Living Wall","floor":11,"gold_loss":0,"cards_upgraded":["Perfected Strike"]}],"is_beta":false,"boss_relics":[],"items_purged_floors":[],"is_endless":false,"potions_floor_spawned":[4,6,12,14],"killed_by":"Slime Boss","ascension_level":1}}