{"host":"9kuc8qxv67wkis18","time":1610041869,"event":{"mods":["2.2 Compatiblity","AchievementEnabler","Aspiration","Astrologer","Bard","BaseMod","Beaked The Cultist","Bestiary","Better Note","Better Third Choice","Block Reminder","Challenge The Spire","ChefMod","Conspire","Curses Come First","GifTheSpireLib","Glutton Mod","Halation","Hermit","Highlight Path","Hubris","Infinite Spire","Jorbs\u0027s Wanderer Trilogy","Marked Mod","Melee Mod","Minty Spire (QoL Compilation)","Permanent Neow","Potionbrewer","Random Character Button","Rare Cards Sparkle","Replay The Spire","Shade Mod","Somnambulant","Spikes Relics","StSLib","Stuff the Spire","The Accelerator","The Blue Laboratory","The Caster","The Construct","The Cursed","The Disciple","The Florist","The Forsaken","The Hierophant","The Judge","The Juggle","The Jungle","The Marked","The Necromancer","The Showman","The Wild Card","TheArtist","Thieving Mod","everything is the same but u backflip on backflip","thorton","vexMod"],"gold_per_floor":[219,219,36,47,47,47,67,67,91,118,128,128,128,159,159,256,256,273,291,291,291],"floor_reached":20,"playtime":2346,"items_purged":[],"score":224,"play_id":"63bd51c9-3c30-427a-ac09-820132fa6e37","local_time":"20210107125109","is_ascension_mode":false,"campfire_choices":[{"data":"infinitespire:OneForAll","floor":6,"key":"SMITH"},{"data":"Dual Wield","floor":12,"key":"SMITH"},{"data":"Perfected Strike","floor":15,"key":"SMITH"}],"circlet_count":0,"master_deck":["Strike_R","Strike_R","Strike_R","Strike_R","Strike_R","Defend_R","Defend_R","Defend_R","Defend_R","infinitespire:OneForAll+1","Headbutt","Dual Wield+1","Perfected Strike+1","Eruption","Entrench","Feed"],"relics":["halation:Jellyphish","Blood Vial","SpikesRelics:DaevaFist","Replay:M_SmolderingBlood","thethorton:CrushedCigarette","StuffTheSpire:Barrel"],"acts_visited":["Exordium","TheCity"],"potions_floor_usage":[7,16],"damage_taken":[{"damage":4,"enemies":"2 Louse","floor":1,"turns":4},{"damage":0,"enemies":"Small Slimes","floor":4,"turns":3},{"damage":1,"enemies":"Jaw Worm","floor":7,"turns":3},{"damage":26,"enemies":"Replay:BlueRogue","floor":10,"turns":8},{"damage":13,"enemies":"Exordium Wildlife","floor":11,"turns":5},{"damage":15,"enemies":"Exordium Thugs","floor":14,"turns":5},{"damage":0,"enemies":"Slime Boss","floor":16,"turns":9},{"damage":22,"enemies":"Spheric Guardian","floor":18,"turns":4},{"damage":37,"enemies":"conspire:FuzzyDice","floor":19,"turns":6},{"damage":21,"enemies":"Chosen and Byrds","floor":20,"turns":5}],"seed_played":"5363194912184505041","potions_obtained":[{"floor":4,"key":"Energy Potion"},{"floor":14,"key":"Adrenaline Potion"},{"floor":16,"key":"blueLaboratory:SavagePotion"},{"floor":19,"key":"Dexterity Potion"}],"is_trial":false,"path_per_floor":["M","?","$","M","$","R","M","?","T","E","M","R","?","M","R","B",null,"M","M","M"],"character_chosen":"IRONCLAD","items_purchased":["infinitespire:OneForAll","halation:Jellyphish"],"campfire_rested":0,"item_purchase_floors":[3,3],"current_hp_per_floor":[80,80,80,80,80,80,80,80,80,60,55,55,55,42,42,44,80,61,33,14,14],"gold":291,"neow_bonus":"HUNDRED_GOLD","is_daily":false,"chose_seed":false,"campfire_upgraded":3,"win_rate":0.0,"timestamp":1610041869,"path_taken":["M","?","$","M","$","R","M","?","T","E","M","R","?","M","R","BOSS","M","M","M"],"items_purchased_type":["Card","Relic"],"build_version":"2020-12-22","purchased_purges":0,"victory":false,"max_hp_per_floor":[80,80,80,80,80,80,80,80,80,80,80,80,80,80,80,80,80,83,90,90,90],"card_choices":[{"not_picked":["conspire:ExplosiveBarrier","Armaments","Bloodletting"],"picked":"SKIP","floor":1},{"not_picked":["ReplayTheSpireMod:Strike From Hell","Metallicize"],"picked":"Headbutt","floor":4},{"not_picked":["Reckless Charge","Warcry","Armaments"],"picked":"SKIP","floor":7},{"not_picked":["StuffTheSpire:RockThrow","Abandon"],"picked":"Dual Wield","floor":10},{"not_picked":["Carnage","Blood for Blood"],"picked":"Perfected Strike","floor":11},{"not_picked":["Halt","ReplayTheSpireMod:LeadingStrike"],"picked":"Entrench","floor":14},{"not_picked":["Impervious","Brutality"],"picked":"Feed","floor":16},{"not_picked":["Clothesline+1","StuffTheSpire:Resist","Iron Wave"],"picked":"SKIP","floor":18},{"not_picked":["Clothesline","Thunderclap+1","Pommel Strike"],"picked":"SKIP","floor":19}],"player_experience":187167,"relics_obtained":[{"floor":9,"key":"Blood Vial"},{"floor":10,"key":"SpikesRelics:DaevaFist"}],"event_choices":[],"is_beta":false,"boss_relics":[{"not_picked":["Ectoplasm","Honey Jar"],"picked":"thethorton:CrushedCigarette"}],"items_purged_floors":[],"is_endless":false,"potions_floor_spawned":[4,14,16,19],"killed_by":"Chosen and Byrds","ascension_level":0}}