{"host":"1c52r9kaxdyo25eq","time":1610013136,"event":{"mods":["AchievementEnabler","BaseMod","Minty Spire (QoL Compilation)","Rare Cards Sparkle","SuperFastMode","everything is the same but u backflip on backflip"],"gold_per_floor":[113,38,57,57,132,176,176,200,278,303,328,328,70,95,95,95,95],"floor_reached":16,"playtime":258,"items_purged":["Strike_G","Defend_G"],"score":246,"play_id":"5bbc7add-4e25-4319-accd-9b33bebbcdc4","local_time":"20210107185216","is_ascension_mode":true,"campfire_choices":[{"floor":12,"key":"REST"},{"data":"Prepared","floor":15,"key":"SMITH"}],"circlet_count":0,"master_deck":["AscendersBane","Strike_G","Strike_G","Strike_G","Strike_G","Defend_G","Defend_G","Defend_G","Defend_G","Survivor","Neutralize","Reflex","Escape Plan","Quick Slash","Tactician","Prepared+1","Footwork"],"relics":["Ring of the Snake","NeowsBlessing","Golden Idol","Tiny Chest","FaceOfCleric","Odd Mushroom","TheAbacus","Boot"],"acts_visited":["Exordium"],"potions_floor_usage":[11],"damage_taken":[{"damage":0.0,"enemies":"Jaw Worm","floor":1.0,"turns":1.0},{"damage":0.0,"enemies":"2 Louse","floor":3.0,"turns":1.0},{"damage":0.0,"enemies":"3 Sentries","floor":6.0,"turns":2.0},{"damage":4.0,"enemies":"Small Slimes","floor":8.0,"turns":3.0},{"damage":1.0,"enemies":"Red Slaver","floor":10.0,"turns":4.0},{"damage":11,"enemies":"The Mushroom Lair","floor":11,"turns":3},{"damage":32,"enemies":"The Guardian","floor":16,"turns":9}],"seed_played":"-6397046365155902132","potions_obtained":[{"floor":1.0,"key":"Ancient Potion"},{"floor":3.0,"key":"CunningPotion"},{"floor":10.0,"key":"Explosive Potion"}],"is_trial":false,"path_per_floor":["M","$","M","?","?","E","?","M","T","M","?","R","$","T","R","B"],"character_chosen":"THE_SILENT","items_purchased":["TheAbacus"],"campfire_rested":1,"item_purchase_floors":[13],"current_hp_per_floor":[59,59,59,36,25,25,25,22,22,22,12,32,32,32,32,0,0],"gold":95,"neow_bonus":"THREE_ENEMY_KILL","is_daily":false,"chose_seed":false,"campfire_upgraded":1,"win_rate":0.0,"timestamp":1610013136,"path_taken":["M","$","M","?","?","E","?","M","T","?","?","R","$","?","R","BOSS"],"items_purchased_type":["Relic"],"build_version":"2020-12-22","purchased_purges":2,"victory":false,"max_hp_per_floor":[66,66,66,66,66,66,66,67,67,68,69,69,69,69,69,69,69],"card_choices":[{"not_picked":["Acrobatics","Deflect"],"picked":"Reflex","floor":1.0},{"not_picked":["Terror","Flying Knee"],"picked":"Escape Plan","floor":3.0},{"not_picked":["Caltrops","Slice"],"picked":"Quick Slash","floor":6.0},{"not_picked":["Finisher","Cloak And Dagger"],"picked":"Tactician","floor":8.0},{"not_picked":["Storm of Steel","Quick Slash"],"picked":"Prepared","floor":10.0},{"not_picked":["Underhanded Strike","Dagger Spray"],"picked":"Footwork","floor":11}],"player_experience":553493,"relics_obtained":[{"floor":6.0,"key":"Tiny Chest"},{"floor":11,"key":"Odd Mushroom"},{"floor":14,"key":"Boot"}],"event_choices":[{"damage_healed":0.0,"max_hp_gain":0.0,"max_hp_loss":0.0,"gold_gain":0.0,"event_name":"Golden Idol","player_choice":"Take Damage","floor":4.0,"gold_loss":0.0,"damage_taken":23.0,"relics_obtained":["Golden Idol"]},{"damage_healed":0.0,"max_hp_gain":0.0,"max_hp_loss":0.0,"gold_gain":75.0,"event_name":"World of Goop","player_choice":"Gather Gold","floor":5.0,"gold_loss":0.0,"damage_taken":11.0},{"damage_healed":0.0,"max_hp_gain":0.0,"max_hp_loss":0.0,"gold_gain":0.0,"event_name":"FaceTrader","player_choice":"Trade","floor":7.0,"gold_loss":0.0,"damage_taken":0.0,"relics_obtained":["FaceOfCleric"]},{"damage_healed":0,"gold_gain":0,"player_choice":"Fought Mushrooms","damage_taken":0,"max_hp_gain":0,"max_hp_loss":0,"event_name":"Mushrooms","floor":11,"gold_loss":0}],"is_beta":false,"boss_relics":[],"items_purged_floors":[2,13],"is_endless":false,"potions_floor_spawned":[1,3,10],"killed_by":"The Guardian","ascension_level":20}}