{"host":"3twtdwjpiqhvvn5s","time":1610047537,"event":{"mods":["AchievementEnabler","Act Like it!","BaseMod","BetterRewards","Colored Map","Colored Powertips","Downfall","Duelist Mod","Friendly Minions","GifTheSpireLib","Hallownest","Hermit","Hubris","Infinite Spire","Jorbs\u0027s Wanderer Trilogy","Koishi","KomeijiMod","Marisa????????","Minty Spire (QoL Compilation)","Random Character Mod","Rare Cards Sparkle","Replay The Spire","Shop Mod","StSLib","Td1madao Mod","The Administrix","The Animator","The Bug Knight","The Caster","The Cursed","The Disciple","The Hierophant","The Necromancer","The Poker Player","The Runesmith","The Servant 0.9.4","TheFirefly"],"gold_per_floor":[113,133,146,159,171,204,224,224,306,321,321,335,356,356,356,476,476,490,506,524,524,524],"floor_reached":21,"playtime":59911,"items_purged":[],"score":189,"play_id":"75cd2b71-b528-4e83-a6d5-3c22aa463fbc","local_time":"20210107132537","daily_mods":["SealedDeck","Night Terrors"],"is_ascension_mode":false,"campfire_choices":[{"data":"ReplayTheSpireMod:Scrap Shanks","floor":8.0,"key":"SMITH"},{"floor":15,"key":"REST"}],"circlet_count":0,"master_deck":["Draining Mist","animator:DolaRiku","animator:SayakaMiki","animator:Shigure","animator:Shinoa","animator:YuiTsuruno","Prepared","animator:Yoichi","ReplayTheSpireMod:Scrap Shanks+1","Accuracy","animator:Mikaela","Cloak And Dagger","Blade Dance","hubris:SlightOfHand","ReplayTheSpireMod:Speed Training","ReplayTheSpireMod:Tripwire","Well Laid Plans","Prepared","Injury","ReplayTheSpireMod:Speed Training","PiercingWail","Storm of Steel","Concentrate+1","Dagger Throw+1","Concentrate"],"relics":["Ring of the Snake","Toy Ornithopter","hubris:DeckOfHolding","Golden Idol","Honey Jar"],"acts_visited":["Exordium","TheCity"],"potions_floor_usage":[],"damage_taken":[{"damage":1.0,"enemies":"Cultist","floor":1.0,"turns":2.0},{"damage":0.0,"enemies":"2 Louse","floor":2.0,"turns":2.0},{"damage":1.0,"enemies":"Jaw Worm","floor":3.0,"turns":3.0},{"damage":13.0,"enemies":"2 Fungi Beasts","floor":4.0,"turns":4.0},{"damage":2.0,"enemies":"3 Louse","floor":5.0,"turns":3.0},{"damage":36.0,"enemies":"Gremlin Nob","floor":6.0,"turns":5.0},{"damage":0.0,"enemies":"Exordium Thugs","floor":7.0,"turns":2.0},{"damage":0.0,"enemies":"2 Fungi Beasts","floor":10.0,"turns":2.0},{"damage":11.0,"enemies":"Looter","floor":12.0,"turns":3.0},{"damage":9.0,"enemies":"3 Louse","floor":13.0,"turns":2.0},{"damage":58,"enemies":"The Guardian","floor":16,"turns":9},{"damage":9,"enemies":"Shell Parasite","floor":18,"turns":6},{"damage":18,"enemies":"Spheric Guardian","floor":19,"turns":5},{"damage":20,"enemies":"Snecko","floor":20,"turns":6},{"damage":22,"enemies":"Sentry and Sphere","floor":21,"turns":3}],"seed_played":"-8011530492793082502","potions_obtained":[{"floor":3.0,"key":"Fire Potion"},{"floor":6.0,"key":"CunningPotion"},{"floor":7.0,"key":"EssenceOfSteel"},{"floor":12.0,"key":"Fire Potion"}],"is_trial":true,"path_per_floor":["M","M","M","M","M","E","M","R","T","M","?","M","M","?","R","B",null,"M","M","M","M"],"character_chosen":"THE_SILENT","items_purchased":[],"campfire_rested":1,"item_purchase_floors":[],"current_hp_per_floor":[69,69,68,55,53,17,22,22,22,22,22,16,12,12,65,7,65,56,38,18,0,0],"gold":524,"neow_bonus":"","is_daily":false,"chose_seed":false,"campfire_upgraded":1,"win_rate":0.0,"timestamp":1610047537,"path_taken":["M","M","M","M","M","E","M","R","T","M","?","M","M","?","R","BOSS","M","M","M","M"],"items_purchased_type":[],"build_version":"2020-12-22","purchased_purges":0,"victory":false,"max_hp_per_floor":[70,70,70,70,70,70,70,70,70,70,70,70,70,70,65,65,65,65,65,65,65,65],"card_choices":[{"not_picked":["animator:Aisha","animator:YaoHaDucy"],"picked":"animator:Mikaela","floor":1.0},{"not_picked":["animator:Assassin","ReplayTheSpireMod:Exploit Weakness"],"picked":"Cloak And Dagger","floor":2.0},{"not_picked":["ReplayTheSpireMod:The Works","Crippling Poison"],"picked":"Blade Dance","floor":3.0},{"not_picked":["ReplayTheSpireMod:Exploit Weakness","Outmaneuver"],"picked":"hubris:SlightOfHand","floor":4.0},{"not_picked":["Flying Knee","Dodge and Roll"],"picked":"ReplayTheSpireMod:Speed Training","floor":5.0},{"not_picked":["Masterful Stab","Dodge and Roll"],"picked":"ReplayTheSpireMod:Tripwire","floor":6.0},{"not_picked":["Bane","Fluid Movement"],"picked":"Well Laid Plans","floor":7.0},{"not_picked":["Deflect","Sucker Punch"],"picked":"Prepared","floor":10.0},{"not_picked":["Toxin Wave","Corpse Explosion"],"picked":"ReplayTheSpireMod:Speed Training","floor":12.0},{"not_picked":["Dagger Spray","Predator"],"picked":"PiercingWail","floor":13.0},{"not_picked":["Burst","Adrenaline"],"picked":"Storm of Steel","floor":16},{"not_picked":["Escape Plan","Poisoned Stab","Quick Slash"],"picked":"Concentrate+1","floor":18},{"not_picked":["Backstab","Underhanded Strike+1","Footwork"],"picked":"Dagger Throw+1","floor":19},{"not_picked":["Dodge and Roll","Deadly Poison","Blade Dance"],"picked":"Concentrate","floor":20}],"player_experience":1302890,"relics_obtained":[{"floor":6.0,"key":"Toy Ornithopter"},{"floor":9.0,"key":"hubris:DeckOfHolding"}],"event_choices":[{"damage_healed":0.0,"max_hp_gain":0.0,"max_hp_loss":0.0,"gold_gain":0.0,"event_name":"Golden Idol","player_choice":"Take Wound","floor":11.0,"gold_loss":0.0,"damage_taken":0.0,"relics_obtained":["Golden Idol"],"cards_obtained":["Injury"]},{"damage_healed":0,"gold_gain":0,"player_choice":"Ignored","damage_taken":0,"max_hp_gain":0,"max_hp_loss":0,"event_name":"Transmorgrifier","floor":14,"gold_loss":0}],"is_beta":false,"boss_relics":[{"not_picked":["hubris:Backtick","Cursed Key"],"picked":"Honey Jar"}],"items_purged_floors":[],"is_endless":false,"potions_floor_spawned":[3,6,7,12],"killed_by":"Sentry and Sphere","ascension_level":0}}