{"host":"hfxp6ue4pvwo3fit","time":1610002389,"event":{"mods":["AchievementEnabler","BaseMod","Colored Map","Colored Powertips","Highlight Path","Minty Spire (QoL Compilation)","Relic Stats","StSLib","SuperFastMode"],"gold_per_floor":[112,187,22,38,57,92,92,92,92,92,119,119,147,162,162,162,162],"floor_reached":16,"playtime":488,"items_purged":[],"score":240,"play_id":"0c2152fe-c5de-41e3-a619-963931c9e135","local_time":"20210107005309","is_ascension_mode":true,"campfire_choices":[{"floor":7,"key":"REST"},{"data":"Dash","floor":12,"key":"SMITH"},{"data":"Bouncing Flask","floor":15,"key":"SMITH"}],"circlet_count":0,"master_deck":["AscendersBane","Strike_G","Strike_G","Strike_G","Strike_G","Defend_G","Defend_G","Defend_G","Defend_G","Defend_G","Survivor","Neutralize","Backflip","Skewer","Sucker Punch","Dash+1","Acrobatics","Bouncing Flask+1"],"relics":["Philosopher\u0027s Stone","PreservedInsect","Torii","FossilizedHelix","Darkstone Periapt","Ancient Tea Set"],"acts_visited":["Exordium"],"potions_floor_usage":[6,10,16,16],"damage_taken":[{"damage":6,"enemies":"Small Slimes","floor":1,"turns":4},{"damage":0,"enemies":"Cultist","floor":4,"turns":5},{"damage":0,"enemies":"Jaw Worm","floor":5,"turns":3},{"damage":13,"enemies":"3 Sentries","floor":6,"turns":8},{"damage":0,"enemies":"Gremlin Gang","floor":10,"turns":1},{"damage":16,"enemies":"Gremlin Nob","floor":11,"turns":4},{"damage":7,"enemies":"3 Sentries","floor":13,"turns":8},{"damage":0,"enemies":"Exordium Thugs","floor":14,"turns":6},{"damage":34,"enemies":"Slime Boss","floor":16,"turns":8}],"seed_played":"5208226957954352780","potions_obtained":[{"floor":1,"key":"SmokeBomb"},{"floor":5,"key":"SkillPotion"},{"floor":11,"key":"BlessingOfTheForge"},{"floor":14,"key":"Block Potion"}],"is_trial":false,"path_per_floor":["M","?","$","M","M","E","R","?","T","M","E","R","E","M","R","B"],"character_chosen":"THE_SILENT","items_purchased":["PreservedInsect"],"campfire_rested":1,"item_purchase_floors":[3],"current_hp_per_floor":[53,42,42,42,42,29,48,48,48,48,32,32,25,25,25,0,0],"gold":162,"neow_bonus":"BOSS_RELIC","is_daily":false,"chose_seed":false,"campfire_upgraded":2,"win_rate":0.0,"timestamp":1610002389,"path_taken":["M","?","$","M","M","E","R","?","T","?","E","R","E","M","R","BOSS"],"items_purchased_type":["Relic"],"build_version":"2020-12-22","purchased_purges":0,"victory":false,"max_hp_per_floor":[66,66,66,66,66,66,66,66,66,66,66,66,66,66,66,66,66],"relic_stats":{"Darkstone Periapt":0,"Torii":4,"counters":[9,47],"PreservedInsect":87,"obtain_stats":[{"Darkstone Periapt":11,"Torii":6,"Philosopher\u0027s Stone":0,"PreservedInsect":3,"Ancient Tea Set":13,"FossilizedHelix":9,"Ring of the Snake":0},{"Darkstone Periapt":6,"Torii":4,"Philosopher\u0027s Stone":0,"PreservedInsect":1,"Ancient Tea Set":7,"FossilizedHelix":4,"Ring of the Snake":0},{"Darkstone Periapt":25,"Torii":20,"Philosopher\u0027s Stone":0,"PreservedInsect":4,"Ancient Tea Set":33,"FossilizedHelix":20,"Ring of the Snake":0}]},"card_choices":[{"not_picked":["Heel Hook","Eviscerate"],"picked":"Backflip","floor":1},{"not_picked":["Slice","Reflex"],"picked":"Skewer","floor":4},{"not_picked":["Outmaneuver","Underhanded Strike"],"picked":"Sucker Punch","floor":5},{"not_picked":["Dagger Spray","Blade Dance"],"picked":"Dash","floor":6},{"not_picked":["All Out Attack","Setup"],"picked":"Acrobatics","floor":11},{"not_picked":["Tactician","Riddle With Holes"],"picked":"Bouncing Flask","floor":13},{"not_picked":["Distraction","Slice","Tactician"],"picked":"SKIP","floor":14}],"player_experience":477743,"relics_obtained":[{"floor":6,"key":"Torii"},{"floor":9,"key":"FossilizedHelix"},{"floor":11,"key":"Darkstone Periapt"},{"floor":13,"key":"Ancient Tea Set"}],"event_choices":[{"damage_healed":0,"gold_gain":75,"player_choice":"Gather Gold","damage_taken":11,"max_hp_gain":0,"max_hp_loss":0,"event_name":"World of Goop","floor":2,"gold_loss":0},{"cards_removed":["Strike_G"],"damage_healed":0,"gold_gain":0,"player_choice":"Purged","damage_taken":0,"max_hp_gain":0,"max_hp_loss":0,"event_name":"Purifier","floor":8,"gold_loss":0}],"is_beta":false,"boss_relics":[],"items_purged_floors":[],"is_endless":false,"potions_floor_spawned":[1,5,11,14],"killed_by":"Slime Boss","ascension_level":20}}