{"host":"q2j4ef1ti78v4imq","time":1610011864,"event":{"mods":["AchievementEnabler","BaseMod","Better Altar","Better Match","Better Note","Better Sensory Stone","Better Skull","Better Third Choice","Block Reminder","Hermit","Minty Spire (QoL Compilation)","Relic Stats","Replay The Spire","Shade Mod","StSLib"],"gold_per_floor":[115,115,35,45,65,65,85,85,85,85,104,104,123,138,138,212,212,225,225,31,31,45,78,78,78,78,95,95,110,110,110],"floor_reached":30,"playtime":2057,"items_purged":["Strike_B"],"score":436,"play_id":"53cd06f2-2bbe-402c-bf3e-beca842f4c10","local_time":"20210107093104","is_ascension_mode":true,"campfire_choices":[{"data":"Zap","floor":6,"key":"SMITH"},{"data":"Defragment","floor":8,"key":"SMITH"},{"data":"Loop","floor":10,"key":"SMITH"},{"data":"Dualcast","floor":12,"key":"SMITH"},{"data":"ReplayTheSpireMod:Calculation Training","floor":15,"key":"SMITH"},{"data":"ReplayTheSpireMod:Calculation Training","floor":24,"key":"SMITH"},{"floor":28,"key":"REST"}],"circlet_count":0,"master_deck":["AscendersBane","Strike_B","Strike_B","Strike_B","Defend_B","Defend_B","Defend_B","Defend_B","Zap+1","Dualcast+1","Loop+1","Defragment+1","Genetic Algorithm","Ball Lightning","ReplayTheSpireMod:Calculation Training+1","Machine Learning","Defragment+1","Storm","Stack","Ball Lightning","ReplayTheSpireMod:Calculation Training+1","Writhe","Leap+1","ReplayTheSpireMod:Reroute Power"],"relics":["Cracked Core","Solar Panel","HornCleat","Cursed Key","Shuriken","Replay:Ringing Soul","Garlic"],"acts_visited":["Exordium","TheCity"],"potions_floor_usage":[23,30],"damage_taken":[{"damage":7,"enemies":"Jaw Worm","floor":1,"turns":3},{"damage":0,"enemies":"Cultist","floor":4,"turns":4},{"damage":12,"enemies":"Small Slimes","floor":5,"turns":3},{"damage":4,"enemies":"Exordium Wildlife","floor":7,"turns":4},{"damage":2,"enemies":"2 Fungi Beasts","floor":11,"turns":3},{"damage":9,"enemies":"Red Slaver","floor":13,"turns":3},{"damage":0,"enemies":"Large Slime","floor":14,"turns":3},{"damage":22,"enemies":"The Guardian","floor":16,"turns":8},{"damage":2,"enemies":"Chosen","floor":18,"turns":4},{"damage":31,"enemies":"Shell Parasite","floor":22,"turns":5},{"damage":26,"enemies":"Gremlin Leader","floor":23,"turns":6},{"damage":20,"enemies":"Snecko","floor":27,"turns":4},{"damage":10,"enemies":"Shelled Parasite and Fungi","floor":29,"turns":4},{"damage":44,"enemies":"Slavers","floor":30,"turns":3}],"seed_played":"7960938375374796729","potions_obtained":[{"floor":4,"key":"DuplicationPotion"},{"floor":7,"key":"SkillPotion"},{"floor":16,"key":"Block Potion"}],"is_trial":false,"path_per_floor":["M","?","$","M","M","R","M","R","T","R","M","R","M","M","R","B",null,"M","?","$","?","M","E","R","$","T","M","R","M","E"],"character_chosen":"DEFECT","items_purchased":["Loop","Storm","Stack"],"campfire_rested":1,"item_purchase_floors":[3,20,20],"current_hp_per_floor":[64,64,64,64,54,54,54,54,54,54,58,58,53,57,57,39,68,70,70,70,70,45,26,26,26,29,18,44,43,0,0],"gold":110,"neow_bonus":"TEN_PERCENT_HP_BONUS","is_daily":false,"chose_seed":false,"campfire_upgraded":6,"win_rate":0.0,"timestamp":1610011864,"path_taken":["M","?","$","?","M","R","M","R","T","R","M","R","M","M","R","BOSS","M","?","$","?","?","E","R","$","T","M","R","M","E"],"items_purchased_type":["Card","Card","Card"],"build_version":"2020-12-22","purchased_purges":1,"victory":false,"max_hp_per_floor":[78,78,78,78,78,78,78,78,78,78,78,78,78,78,78,78,78,78,78,78,78,78,81,81,81,84,87,87,90,90,90],"relic_stats":{"counters":[14,57],"Shuriken":[1],"Cursed Key":1,"obtain_stats":[{"Solar Panel":2,"Replay:Ringing Soul":23,"HornCleat":9,"Shuriken":19,"Garlic":26,"Cracked Core":0,"Cursed Key":17},{"Solar Panel":1,"Replay:Ringing Soul":11,"HornCleat":4,"Shuriken":9,"Garlic":11,"Cracked Core":0,"Cursed Key":8},{"Solar Panel":3,"Replay:Ringing Soul":46,"HornCleat":14,"Shuriken":35,"Garlic":46,"Cracked Core":0,"Cursed Key":31}]},"card_choices":[{"not_picked":["Ball Lightning","Panic Button"],"picked":"Conserve Battery","floor":1},{"not_picked":["Ball Lightning","Steam"],"picked":"Defragment","floor":4},{"not_picked":["Conserve Battery","Fusion"],"picked":"Genetic Algorithm","floor":5},{"not_picked":["Skim","Conserve Battery"],"picked":"Ball Lightning","floor":7},{"not_picked":["Rebound","BasicCrystalCard","Beam Cell"],"picked":"SKIP","floor":11},{"not_picked":["Streamline","White Noise","Panic Button"],"picked":"SKIP","floor":13},{"not_picked":["ReplayTheSpireMod:GoodbyeWorld","Hologram"],"picked":"ReplayTheSpireMod:Calculation Training","floor":14},{"not_picked":["Meteor Strike","Mirror Shield"],"picked":"Machine Learning","floor":16},{"not_picked":["Gash","Go for the Eyes"],"picked":"Defragment+1","floor":18},{"not_picked":["Rebound","Compile Driver"],"picked":"Ball Lightning","floor":22},{"not_picked":["Static Discharge","Genetic Algorithm"],"picked":"ReplayTheSpireMod:Calculation Training","floor":23},{"not_picked":["Cold Snap","Barrage"],"picked":"Leap+1","floor":27},{"not_picked":["ReplayTheSpireMod:Reroute Power","Barrage","Genetic Algorithm"],"picked":"SKIP","floor":29},{"not_picked":["Barrage","Genetic Algorithm"],"picked":"ReplayTheSpireMod:Reroute Power","floor":29}],"player_experience":831452,"relics_obtained":[{"floor":9,"key":"HornCleat"},{"floor":23,"key":"Replay:Ringing Soul"},{"floor":26,"key":"Garlic"}],"event_choices":[{"cards_removed":["Conserve Battery"],"damage_healed":0,"gold_gain":0,"player_choice":"Gave Card","damage_taken":0,"relics_obtained":["Solar Panel"],"max_hp_gain":0,"max_hp_loss":0,"event_name":"WeMeetAgain","floor":2,"gold_loss":0},{"damage_healed":0,"gold_gain":0,"player_choice":"Opened","damage_taken":0,"relics_obtained":["Shuriken"],"max_hp_gain":0,"max_hp_loss":0,"event_name":"The Mausoleum","floor":19,"gold_loss":0},{"damage_healed":0,"gold_gain":0,"player_choice":"Ignored","damage_taken":0,"max_hp_gain":0,"max_hp_loss":0,"event_name":"N\u0027loth","floor":21,"gold_loss":0}],"is_beta":false,"boss_relics":[{"not_picked":["Astrolabe","Ectoplasm"],"picked":"Cursed Key"}],"items_purged_floors":[20],"is_endless":false,"potions_floor_spawned":[4,7,16,22],"killed_by":"Slavers","ascension_level":14}}