{"host":"4coy96o7l3fioe37","time":1610021943,"event":{"mods":["AchievementEnabler","Act Like it!","AlwaysNeverKeys","BaseMod","Better Altar","Better Match","Better Note","Better Sensory Stone","Better Skull","Better Third Choice","Better Vampires","BetterRewards","ChefMod","Colored Map","Disable Question Mark Monsters","Downfall","Minty Spire (QoL Compilation)","Rare Cards Sparkle","StSLib","The Dragon Tamer","The Marked"],"gold_per_floor":[115,126,144,144,159,191,191,207,207,207,236,236,236,251,251,354,354,366,366,382,397,412,443,459,483,483,510,510,530,544,564,564,666,666,681,128,139,139,139,167,167,198,198,249,249,260,260,275,275,275],"floor_reached":51,"playtime":2342,"items_purged":[],"score":1061,"play_id":"2a4540de-a954-4dd3-aebf-bd27c89f0947","local_time":"20210107121903","is_ascension_mode":false,"campfire_choices":[{"data":"Twin Strike","floor":7,"key":"SMITH"},{"data":"Iron Wave","floor":10,"key":"SMITH"},{"data":"Rage","floor":15,"key":"SMITH"},{"data":"Twin Strike","floor":28,"key":"SMITH"},{"data":"Body Slam","floor":32,"key":"SMITH"},{"floor":45,"key":"REST"},{"data":"Limit Break","floor":49,"key":"SMITH"}],"circlet_count":0,"master_deck":["Strike_R","Strike_R","Strike_R","Strike_R","Strike_R","Defend_R","Defend_R","Defend_R","Defend_R","Bash","Inflame+1","Inflame+1","Twin Strike+1","Iron Wave+1","Battle Trance","Metallicize+1","Rage+1","Twin Strike+1","Barricade+1","Metallicize+1","Body Slam+1","Limit Break+1","expansioncontent:DefensiveMode+1","Mayhem+1"],"relics":["Burning Blood","Frozen Egg 2","Thread and Needle","Strawberry","Akabeko","Bronze Scales","Mummified Hand","Black Star","Self Forming Clay","Ornamental Fan","PreservedInsect","Anchor","Question Card","Lizard Tail","Vajra","SlaversCollar","HornCleat","Ice Cream","Matryoshka","Kunai","Art of War","Juzu Bracelet","Blue Candle","Bottled Flame","Ginger"],"acts_visited":["Exordium","TheCity","TheBeyond"],"potions_floor_usage":[11,33,33,50],"damage_taken":[{"damage":2,"enemies":"Cultist","floor":1,"turns":3},{"damage":2,"enemies":"2 Louse","floor":2,"turns":3},{"damage":2,"enemies":"Jaw Worm","floor":3,"turns":2},{"damage":3,"enemies":"Looter","floor":5,"turns":3},{"damage":20,"enemies":"Gremlin Nob","floor":6,"turns":4},{"damage":0,"enemies":"Large Slime","floor":8,"turns":2},{"damage":1,"enemies":"3 Sentries","floor":11,"turns":4},{"damage":0,"enemies":"Red Slaver","floor":14,"turns":2},{"damage":36,"enemies":"Hexaghost","floor":16,"turns":5},{"damage":13,"enemies":"2 Thieves","floor":18,"turns":3},{"damage":0,"enemies":"Spheric Guardian","floor":20,"turns":3},{"damage":9,"enemies":"3 Cultists","floor":21,"turns":5},{"damage":0,"enemies":"Sentry and Sphere","floor":22,"turns":5},{"damage":9,"enemies":"Book of Stabbing","floor":23,"turns":5},{"damage":0,"enemies":"Snecko","floor":24,"turns":5},{"damage":7,"enemies":"Slavers","floor":27,"turns":4},{"damage":0,"enemies":"Snake Plant","floor":29,"turns":3},{"damage":10,"enemies":"Chosen and Byrds","floor":30,"turns":5},{"damage":3,"enemies":"Centurion and Healer","floor":31,"turns":4},{"damage":14,"enemies":"Collector","floor":33,"turns":7},{"damage":0,"enemies":"3 Shapes","floor":35,"turns":4},{"damage":19,"enemies":"3 Darklings","floor":37,"turns":5},{"damage":0,"enemies":"Giant Head","floor":40,"turns":5},{"damage":15,"enemies":"Nemesis","floor":42,"turns":5},{"damage":43,"enemies":"2 Orb Walkers","floor":44,"turns":6},{"damage":0,"enemies":"Writhing Mass","floor":46,"turns":6},{"damage":0,"enemies":"4 Shapes","floor":48,"turns":4},{"damage":7,"enemies":"Time Eater","floor":50,"turns":7}],"seed_played":"-5427142855929534853","potions_obtained":[{"floor":2,"key":"sneckomod:MuddlingPotion"},{"floor":6,"key":"ElixirPotion"},{"floor":8,"key":"PowerPotion"},{"floor":16,"key":"sneckomod:MuddlingPotion"},{"floor":18,"key":"PowerPotion"},{"floor":21,"key":"SkillPotion"},{"floor":27,"key":"Swift Potion"},{"floor":33,"key":"GamblersBrew"},{"floor":37,"key":"LiquidBronze"},{"floor":40,"key":"AttackPotion"}],"is_trial":false,"path_per_floor":["M","M","M","?","M","E","R","M","T","R","E","?","T","M","R","B",null,"M","?","M","M","M","E","M","T","T","E","R","M","M","M","R","B",null,"M","$","M","?","$","E","$","E","T","?","R","M","?","M","R","B",null],"character_chosen":"IRONCLAD","items_purchased":["Frozen Egg 2","Thread and Needle","Inflame+1","HornCleat","Ice Cream"],"campfire_rested":1,"item_purchase_floors":[0,0,0,36,36],"current_hp_per_floor":[68,72,76,76,79,72,72,78,78,78,83,83,83,87,87,57,87,80,80,86,83,87,84,87,87,87,86,86,87,83,86,86,78,87,87,87,74,74,74,80,80,71,71,34,60,66,66,72,72,71],"gold":275,"neow_bonus":"","is_daily":false,"chose_seed":false,"campfire_upgraded":6,"win_rate":0.0,"timestamp":1610021943,"path_taken":["M","M","?","?","M","E","R","M","T","R","E","?","?","M","R","BOSS","M","?","M","?","M","E","M","?","T","E","R","M","?","M","R","BOSS","M","?","?","?","$","E","$","E","T","?","R","M","?","M","R","BOSS"],"items_purchased_type":["Relic","Relic","Card","Relic","Relic"],"build_version":"2020-12-22","purchased_purges":0,"victory":true,"max_hp_per_floor":[80,80,80,80,80,87,87,87,87,87,87,87,87,87,87,87,87,87,87,87,87,87,87,87,87,87,87,87,87,87,87,87,87,87,87,87,87,87,87,87,87,87,87,87,87,87,87,87,87,87],"card_choices":[{"not_picked":["Iron Wave","Flex"],"picked":"Inflame+1","floor":1},{"not_picked":["Entrench","Flex"],"picked":"Twin Strike","floor":2},{"not_picked":["Anger","Flex"],"picked":"Iron Wave","floor":3},{"not_picked":["Blood for Blood","Body Slam","Sword Boomerang"],"picked":"SKIP","floor":5},{"not_picked":["Havoc","Anger"],"picked":"Battle Trance","floor":6},{"not_picked":["Cleave","Pommel Strike"],"picked":"Metallicize+1","floor":8},{"not_picked":["Wild Strike","Warcry"],"picked":"Rage","floor":11},{"not_picked":["Perfected Strike","Bloodletting"],"picked":"Twin Strike","floor":14},{"not_picked":["Corruption+1","Feed"],"picked":"Barricade+1","floor":16},{"not_picked":["Shrug It Off+1","Body Slam"],"picked":"Metallicize+1","floor":18},{"not_picked":["Headbutt+1","Twin Strike","Perfected Strike+1"],"picked":"SKIP","floor":20},{"not_picked":["Rage","Feed","Cleave"],"picked":"SKIP","floor":21},{"not_picked":["Twin Strike","Havoc","Uppercut+1"],"picked":"SKIP","floor":22},{"not_picked":["Pommel Strike+1","Infernal Blade","Flex"],"picked":"SKIP","floor":23},{"not_picked":["Disarm","Feed","Pommel Strike"],"picked":"SKIP","floor":24},{"not_picked":["Headbutt+1","Wild Strike","Warcry","Armaments"],"picked":"SKIP","floor":27},{"not_picked":["Feel No Pain+1","Fire Breathing+1","Twin Strike","Clash"],"picked":"SKIP","floor":29},{"not_picked":["Anger","Warcry+1","Cleave","Twin Strike"],"picked":"SKIP","floor":30},{"not_picked":["Brutality+1","Wild Strike+1","Hemokinesis"],"picked":"Body Slam","floor":31},{"not_picked":["Demon Form+1","Fiend Fire","Feed"],"picked":"Limit Break","floor":33},{"not_picked":["Ghostly Armor","Rage","Wild Strike+1","Sword Boomerang+1"],"picked":"SKIP","floor":35},{"not_picked":["Headbutt","Clash","Pommel Strike","Anger"],"picked":"SKIP","floor":37},{"not_picked":["Finesse","Good Instincts","Secret Technique"],"picked":"expansioncontent:DefensiveMode+1","floor":38},{"not_picked":["Finesse","Violence","Apotheosis"],"picked":"Mayhem+1","floor":38},{"not_picked":["Whirlwind+1","Heavy Blade+1","Entrench","Searing Blow+1"],"picked":"SKIP","floor":40},{"not_picked":["True Grit","Havoc+1","Seeing Red","Dark Embrace+1"],"picked":"SKIP","floor":42},{"not_picked":["Shrug It Off+1","Combust+1","Clothesline+1","Heavy Blade"],"picked":"SKIP","floor":46},{"not_picked":["Body Slam+1","Sentinel+1","Pommel Strike","Shrug It Off+1"],"picked":"SKIP","floor":48}],"player_experience":273665,"relics_obtained":[{"floor":6,"key":"Strawberry"},{"floor":9,"key":"Akabeko"},{"floor":11,"key":"Bronze Scales"},{"floor":13,"key":"Mummified Hand"},{"floor":23,"key":"Ornamental Fan"},{"floor":23,"key":"PreservedInsect"},{"floor":25,"key":"Anchor"},{"floor":26,"key":"Question Card"},{"floor":27,"key":"Lizard Tail"},{"floor":27,"key":"Vajra"},{"floor":40,"key":"Matryoshka"},{"floor":40,"key":"Kunai"},{"floor":42,"key":"Art of War"},{"floor":42,"key":"Juzu Bracelet"},{"floor":43,"key":"Blue Candle"},{"floor":43,"key":"Bottled Flame"},{"floor":44,"key":"Ginger"}],"event_choices":[{"damage_healed":76,"gold_gain":0,"player_choice":"Embrace Burn","damage_taken":0,"max_hp_gain":0,"max_hp_loss":80,"event_name":"betterThird:BetterShining","floor":4,"gold_loss":0},{"cards_removed":["Burn"],"damage_healed":0,"gold_gain":0,"player_choice":"Forget","damage_taken":0,"max_hp_gain":0,"max_hp_loss":0,"event_name":"Living Wall","floor":12,"gold_loss":0},{"damage_healed":0,"gold_gain":0,"player_choice":"Gave Potion","damage_taken":0,"relics_obtained":["Self Forming Clay"],"max_hp_gain":0,"max_hp_loss":0,"event_name":"WeMeetAgain","floor":19,"gold_loss":0},{"damage_healed":0,"gold_gain":3,"player_choice":"1","damage_taken":0,"max_hp_gain":0,"max_hp_loss":0,"event_name":"betterStone:BetterStone","floor":38,"gold_loss":0},{"damage_healed":0,"gold_gain":0,"player_choice":"Fight","damage_taken":0,"max_hp_gain":0,"max_hp_loss":0,"event_name":"Mysterious Sphere","floor":44,"gold_loss":0},{"damage_healed":0,"gold_gain":0,"player_choice":"Bought 0 Potions","damage_taken":0,"max_hp_gain":0,"max_hp_loss":0,"event_name":"The Woman in Blue","floor":47,"gold_loss":0}],"is_beta":false,"boss_relics":[{"not_picked":["Busted Crown","Black Blood"],"picked":"Black Star"},{"not_picked":["Astrolabe","Tiny House"],"picked":"SlaversCollar"}],"items_purged_floors":[],"is_endless":false,"potions_floor_spawned":[2,6,8,16,18,21,27,33,37,40,42],"ascension_level":0}}