{"host":"7c402rm0fqc13zvz","time":1610014509,"event":{"mods":["BaseMod","Marisa（F雨　魔理沙）","Minty Spire (QoL Compilation)","Remilia（蕾米莉亚）","StSLib","The Servant 0.9.4","Youmu（魂魄妖梦）","[功能]功能增强和修复MOD"],"gold_per_floor":[113,73,73,87,262,262,281,291,291,308,318,318,330,330,330,579,579,598,598,578,592,607,607,522,536,563,594,594,605,622,642,642,913,913,923,923,935,930,949,978,995,995,1018,1013,1029,1029,1040,1052,1052,1052],"floor_reached":51,"playtime":2487,"items_purged":["Defend_MRS","Defend_MRS","Defend_MRS","Strike_MRS","Strike_MRS","Strike_MRS","Strike_MRS","EventHorizon","6A","MasterSpark","UpSweep","PowerUp","StarlightTyphoon","DoubleSpark"],"score":1020,"play_id":"fbf3f90d-aebc-4133-a17e-c945c08fec49","local_time":"20210107181509","is_ascension_mode":true,"campfire_choices":[{"data":"MachineGunSpark","floor":6.0,"key":"SMITH"},{"data":"MachineGunSpark","floor":12.0,"key":"SMITH"},{"data":"ChargingUp","floor":15.0,"key":"SMITH"},{"data":"FinalSpark","floor":23.0,"key":"SMITH"},{"data":"MilkyWay","floor":32.0,"key":"SMITH"},{"data":"MillisecondPulsars","floor":42,"key":"SMITH"},{"data":"ChargeUpSpray","floor":46,"key":"SMITH"},{"data":"Acceleration","floor":49,"key":"SMITH"}],"circlet_count":0,"master_deck":["MachineGunSpark+1","PowerUp+1","MachineGunSpark+1","Parasite","Parasite","MilkyWay+1","ChargingUp+1","Parasite","FinalSpark+1","PowerUp+1","Acceleration+1","OrrerysSun+1","MilkyWay+1","MillisecondPulsars+1","UnstableBomb+1","Trip","Acceleration+1","Flash of Steel","ChargeUpSpray+1","CasketOfStar","ChargeUpSpray+1","PowerUp+1"],"relics":["BewitchedHakkero","Blood Vial","Mercury Hourglass","TheAbacus","Kunai","ShroomBag","AmplifyWand","ExperimentalFamiliar","Lizard Tail","HandDrill","Strawberry","Anchor","Boot","War Paint","SimpleLauncher","Du-Vu Doll","TungstenRod","Bronze Scales","Incense Burner","Bag of Preparation","Orrery"],"acts_visited":["Exordium","TheCity","TheBeyond"],"potions_floor_usage":[50,50,50],"damage_taken":[{"damage":6.0,"enemies":"Cultist","floor":1.0,"turns":3.0},{"damage":1.0,"enemies":"2 Louse","floor":4.0,"turns":2.0},{"damage":0.0,"enemies":"Small Slimes","floor":7.0,"turns":2.0},{"damage":0.0,"enemies":"2 Fungi Beasts","floor":8.0,"turns":2.0},{"damage":0.0,"enemies":"Gremlin Gang","floor":10.0,"turns":2.0},{"damage":15.0,"enemies":"Exordium Wildlife","floor":11.0,"turns":2.0},{"damage":0.0,"enemies":"Looter","floor":13.0,"turns":1.0},{"damage":0.0,"enemies":"Slime Boss","floor":16.0,"turns":2.0},{"damage":8.0,"enemies":"Shell Parasite","floor":18.0,"turns":3.0},{"damage":0.0,"enemies":"Spheric Guardian","floor":21.0,"turns":2.0},{"damage":0.0,"enemies":"Snecko","floor":22.0,"turns":1.0},{"damage":3.0,"enemies":"Cultist and Chosen","floor":25.0,"turns":2.0},{"damage":0.0,"enemies":"Book of Stabbing","floor":27.0,"turns":2.0},{"damage":0.0,"enemies":"Snake Plant","floor":29.0,"turns":2.0},{"damage":0.0,"enemies":"Chosen and Byrds","floor":30.0,"turns":2.0},{"damage":0.0,"enemies":"Shelled Parasite and Fungi","floor":31.0,"turns":2.0},{"damage":0.0,"enemies":"Automaton","floor":33.0,"turns":5.0},{"damage":7.0,"enemies":"3 Shapes","floor":35.0,"turns":3.0},{"damage":11.0,"enemies":"3 Darklings","floor":37.0,"turns":3.0},{"damage":8.0,"enemies":"Writhing Mass","floor":39.0,"turns":3.0},{"damage":0.0,"enemies":"Reptomancer","floor":40.0,"turns":2.0},{"damage":0,"enemies":"Transient","floor":41,"turns":4},{"damage":0,"enemies":"Jaw Worm Horde","floor":45,"turns":2},{"damage":3,"enemies":"4 Shapes","floor":47,"turns":3},{"damage":0,"enemies":"Writhing Mass","floor":48,"turns":1},{"damage":23,"enemies":"Time Eater","floor":50,"turns":4}],"seed_played":"9074560566478670650","potions_obtained":[{"floor":11.0,"key":"SteroidPotion"},{"floor":16.0,"key":"Energy Potion"},{"floor":18.0,"key":"BottledSpark"},{"floor":21.0,"key":"Explosive Potion"},{"floor":25.0,"key":"Swift Potion"},{"floor":30.0,"key":"Energy Potion"},{"floor":45,"key":"FearPotion"},{"floor":48,"key":"SpeedPotion"},{"floor":48,"key":"Fire Potion"}],"is_trial":false,"path_per_floor":["M","$","?","M","?","R","M","M","T","M","M","R","M","?","R","B",null,"M","?","$","M","M","R","?","M","T","E","?","M","M","M","R","B",null,"M","?","M","$","M","E","M","R","T","$","M","R","M","M","R","B",null],"character_chosen":"MARISA","items_purchased":["SteroidPotion","Block Potion","BlessingOfTheForge","Blood Vial","Mercury Hourglass","TheAbacus","6A","PowerUp","EventHorizon","Lizard Tail","HandDrill","DoubleSpark","SimpleLauncher","Trip","Du-Vu Doll","Flash of Steel","ChargeUpSpray","CasketOfStar","Incense Burner","Bag of Preparation","Orrery"],"campfire_rested":0,"item_purchase_floors":[2,2,2,2,2,2,2,2,2,20,20,20,38,38,38,44,44,44,44,44,44],"current_hp_per_floor":[69,69,66,67,67,67,69,71,71,75,62,62,66,75,75,75,75,71,71,71,75,75,75,82,79,79,82,82,82,82,82,82,82,82,79,79,71,71,71,79,82,82,82,82,82,82,82,82,82,59],"gold":1052,"neow_bonus":"TRANSFORM_CARD","is_daily":false,"chose_seed":false,"campfire_upgraded":8,"win_rate":0.0,"timestamp":1610014509,"path_taken":["M","?","?","M","?","R","M","M","T","M","M","R","M","?","R","BOSS","M","?","$","?","M","R","?","M","T","E","?","M","?","M","R","BOSS","M","?","?","$","M","E","M","R","T","$","M","R","M","M","R","BOSS"],"items_purchased_type":["Potion","Potion","Potion","Relic","Relic","Relic","Card","Card","Card","Relic","Relic","Card","Relic","Card","Relic","Card","Card","Card","Relic","Relic","Relic"],"build_version":"2020-12-22","purchased_purges":14,"victory":true,"max_hp_per_floor":[75,75,75,75,75,75,75,75,75,75,75,75,75,75,75,75,75,75,75,75,75,75,75,82,82,82,82,82,82,82,82,82,82,82,82,82,82,82,82,82,82,82,82,82,82,82,82,82,82,82],"card_choices":[{"not_picked":["AsteroidBelt","PropBag"],"picked":"StarlightTyphoon","floor":1.0},{"not_picked":["NonDirectionalLaser","ChargingUp"],"picked":"PowerUp","floor":4.0},{"not_picked":["DC","LuminesStrike","EventHorizon"],"picked":"SKIP","floor":7.0},{"not_picked":["SuperNova","OrrerysSun"],"picked":"MachineGunSpark","floor":8.0},{"not_picked":["Acceleration","Robbery"],"picked":"MilkyWay","floor":10.0},{"not_picked":["MysteriousBeam","ManaConvection","IllusionStar"],"picked":"SKIP","floor":11.0},{"not_picked":["EarthLightRay","EnergyRecoil"],"picked":"ChargingUp","floor":13.0},{"not_picked":["JA","UltimateShortwave"],"picked":"FinalSpark","floor":16.0},{"not_picked":["DarkSpark","ShootingEcho","PropBag"],"picked":"SKIP","floor":18.0},{"not_picked":["DarkMatter","LuminesStrike"],"picked":"PowerUp+1","floor":21.0},{"not_picked":["ManaRampage","MagicChant"],"picked":"Acceleration+1","floor":22.0},{"not_picked":["LuminesStrike","WitchLeyline+1","SporeBomb+1"],"picked":"SKIP","floor":25.0},{"not_picked":["LuminesStrike+1","TreasureHunter","DC"],"picked":"SKIP","floor":27.0},{"not_picked":["Acceleration","SuperPerseids","DoubleSpark"],"picked":"SKIP","floor":29.0},{"not_picked":["Acceleration","DC"],"picked":"OrrerysSun+1","floor":30.0},{"not_picked":["6A","NonDirectionalLaser"],"picked":"MilkyWay","floor":31.0},{"not_picked":["ManaRampage","CollectingQuirk"],"picked":"MillisecondPulsars","floor":33.0},{"not_picked":["PowerUp+1","DoubleSpark"],"picked":"UnstableBomb+1","floor":35.0},{"not_picked":["ChargingUp+1","WitchOfGreed","DC"],"picked":"SKIP","floor":37.0},{"not_picked":["ChargingUp+1","WitchOfGreed","DC"],"picked":"SKIP","floor":37.0},{"not_picked":["ChargingUp+1","WitchOfGreed","DC"],"picked":"SKIP","floor":37.0},{"not_picked":["WitchLeyline+1","Occultation","GalacticHalo"],"picked":"SKIP","floor":39.0},{"not_picked":["GalacticHalo","WitchLeyline","ManaConvection+1"],"picked":"SKIP","floor":40.0},{"not_picked":["WitchOfGreed","WitchLeyline+1"],"picked":"Acceleration","floor":41},{"not_picked":["CollectingQuirk","WitchLeyline+1"],"picked":"ChargeUpSpray+1","floor":44},{"not_picked":["DragonMeteor","DoubleSpark","PropBag"],"picked":"SKIP","floor":45},{"not_picked":["6A","IllusionStar+1","PowerUp+1"],"picked":"SKIP","floor":47},{"not_picked":["6A","IllusionStar+1"],"picked":"PowerUp+1","floor":47},{"not_picked":["IllusionStar+1","GrandCross","OneTimeOff+1"],"picked":"SKIP","floor":48}],"player_experience":35011,"relics_obtained":[{"floor":9.0,"key":"ShroomBag"},{"floor":16.0,"key":"AmplifyWand"},{"floor":26.0,"key":"Anchor"},{"floor":27.0,"key":"Boot"},{"floor":33.0,"key":"War Paint"},{"floor":40.0,"key":"TungstenRod"},{"floor":43,"key":"Bronze Scales"}],"event_choices":[{"damage_healed":0.0,"max_hp_gain":0.0,"max_hp_loss":0.0,"gold_gain":0.0,"event_name":"Scrap Ooze","player_choice":"Success","floor":3.0,"gold_loss":0.0,"damage_taken":3.0,"relics_obtained":["Kunai"]},{"damage_healed":0.0,"max_hp_gain":0.0,"max_hp_loss":0.0,"gold_gain":175.0,"event_name":"Liars Game","player_choice":"AGREE","floor":5.0,"gold_loss":0.0,"damage_taken":0.0,"cards_obtained":["Doubt"]},{"damage_healed":18.0,"max_hp_gain":0.0,"max_hp_loss":0.0,"gold_gain":0.0,"event_name":"Mushrooms_MRS","player_choice":"Healed and dodged fight","floor":14.0,"gold_loss":0.0,"damage_taken":0.0,"cards_obtained":["Parasite"]},{"cards_removed":["Doubt"],"damage_healed":0.0,"max_hp_gain":0.0,"max_hp_loss":0.0,"gold_gain":0.0,"event_name":"Purifier","player_choice":"Purged","floor":19.0,"gold_loss":0.0,"damage_taken":0.0},{"damage_healed":0.0,"max_hp_gain":0.0,"max_hp_loss":0.0,"gold_gain":0.0,"event_name":"Addict","player_choice":"Obtained Relic","floor":24.0,"gold_loss":85.0,"damage_taken":0.0,"relics_obtained":["Strawberry"]},{"damage_healed":0.0,"max_hp_gain":0.0,"max_hp_loss":0.0,"gold_gain":0.0,"event_name":"Fountain of Cleansing","player_choice":"Ignored","floor":28.0,"gold_loss":0.0,"damage_taken":0.0},{"damage_healed":0.0,"max_hp_gain":0.0,"max_hp_loss":0.0,"gold_gain":0.0,"event_name":"Lab","player_choice":"Got Potions","floor":36.0,"gold_loss":0.0,"damage_taken":0.0}],"is_beta":false,"boss_relics":[{"not_picked":["Fusion Hammer","Cursed Key"],"picked":"ExperimentalFamiliar"},{"not_picked":["Busted Crown","Philosopher\u0027s Stone"],"picked":"BewitchedHakkero"}],"items_purged_floors":[2,2,2,2,2,2,2,2,20,20,20,20,38,44],"is_endless":false,"potions_floor_spawned":[1,8,10,11,13,16,18,21,22,25,27,29,30,31,33,35,37,37,39,45,47,48,48],"ascension_level":3}}