{"host":"z9811rt50ti81n54","time":1610015290,"event":{"mods":["BaseMod","Minty Spire (QoL Compilation)","Relic Stats","SuperFastMode"],"gold_per_floor":[19,34,44,57,22,22,32,32,32,98,98,22,22,48,48,148,148,168,168,184,184,28,28,28,47,129,204,218,218,252,278,278,374,374,386,397,22,32,32,32,42,52,127,127,127,127,127,25,25,25],"floor_reached":51,"playtime":1106,"items_purged":["Strike_R","Strike_R"],"score":738,"play_id":"1029f852-ede7-4995-aceb-83050645137b","local_time":"20210107192810","is_ascension_mode":false,"campfire_choices":[{"data":"Fiend Fire","floor":6.0,"key":"SMITH"},{"data":"Fire Breathing","floor":8.0,"key":"SMITH"},{"data":"Impervious","floor":15.0,"key":"SMITH"},{"data":"Corruption","floor":23.0,"key":"SMITH"},{"data":"Flame Barrier","floor":32.0,"key":"SMITH"},{"data":"Evolve","floor":40.0,"key":"SMITH"},{"floor":44.0,"key":"REST"},{"floor":47.0,"key":"REST"},{"data":"Flame Barrier","floor":49.0,"key":"SMITH"}],"circlet_count":0,"master_deck":["Strike_R","Defend_R","Defend_R","Defend_R","Defend_R","Bash","Fiend Fire+1","Warcry","Fire Breathing+1","Flame Barrier+1","Pommel Strike","Spot Weakness","Headbutt","Evolve+1","Impervious+1","Corruption+1","True Grit","Thunderclap+1","Flame Barrier+1","Immolate+1","Exhume+1","Heavy Blade+1","Impervious+1"],"relics":["Burning Blood","Letter Opener","Molten Egg 2","White Beast Statue","Velvet Choker","Lee\u0027s Waffle","Pear","Toxic Egg 2","Tiny Chest","SacredBark","Anchor","Bag of Marbles","Mummified Hand","Smiling Mask"],"acts_visited":["Exordium","TheCity","TheBeyond"],"potions_floor_usage":[50,50,50],"damage_taken":[{"damage":9.0,"enemies":"2 Louse","floor":1.0,"turns":3.0},{"damage":10.0,"enemies":"Jaw Worm","floor":2.0,"turns":4.0},{"damage":0.0,"enemies":"Cultist","floor":3.0,"turns":2.0},{"damage":8.0,"enemies":"2 Fungi Beasts","floor":4.0,"turns":3.0},{"damage":4.0,"enemies":"Blue Slaver","floor":7.0,"turns":4.0},{"damage":25.0,"enemies":"3 Sentries","floor":14.0,"turns":7.0},{"damage":7.0,"enemies":"Slime Boss","floor":16.0,"turns":6.0},{"damage":16.0,"enemies":"2 Thieves","floor":18.0,"turns":4.0},{"damage":15.0,"enemies":"3 Byrds","floor":20.0,"turns":6.0},{"damage":5.0,"enemies":"Centurion and Healer","floor":25.0,"turns":7.0},{"damage":29.0,"enemies":"Sentry and Sphere","floor":28.0,"turns":6.0},{"damage":0.0,"enemies":"Slavers","floor":30.0,"turns":4.0},{"damage":77.0,"enemies":"Champ","floor":33.0,"turns":11.0},{"damage":18.0,"enemies":"Orb Walker","floor":35.0,"turns":3.0},{"damage":0.0,"enemies":"3 Shapes","floor":36.0,"turns":3.0},{"damage":20.0,"enemies":"Spire Growth","floor":38.0,"turns":4.0},{"damage":0.0,"enemies":"4 Shapes","floor":41.0,"turns":2.0},{"damage":59.0,"enemies":"Maw","floor":42.0,"turns":8.0},{"damage":7,"enemies":"Time Eater","floor":50,"turns":8}],"seed_played":"8425813352988743241","potions_obtained":[{"floor":2.0,"key":"LiquidBronze"},{"floor":3.0,"key":"Fruit Juice"},{"floor":4.0,"key":"EntropicBrew"},{"floor":16.0,"key":"SneckoOil"},{"floor":20.0,"key":"DuplicationPotion"},{"floor":25.0,"key":"DuplicationPotion"},{"floor":30.0,"key":"Weak Potion"},{"floor":33.0,"key":"SpeedPotion"},{"floor":35.0,"key":"LiquidMemories"},{"floor":36.0,"key":"FearPotion"},{"floor":38.0,"key":"SteroidPotion"},{"floor":41.0,"key":"ColorlessPotion"},{"floor":42.0,"key":"PowerPotion"}],"is_trial":false,"path_per_floor":["M","M","M","M","$","R","M","R","T","?","T","$","?","E","R","B",null,"M","?","M","?","$","R","$","M","T","?","M","?","E","T","R","B",null,"M","M","$","M","?","R","M","M","T","R","?","T","R","$","R","B",null],"character_chosen":"IRONCLAD","items_purchased":["Spot Weakness","Evolve","Lee\u0027s Waffle","Anchor","Bag of Marbles","Dexterity Potion"],"campfire_rested":2,"item_purchase_floors":[5,12,22,37,37,48],"current_hp_per_floor":[77,73,84,82,82,82,84,84,84,84,84,84,84,65,65,64,85,75,59,50,50,97,97,97,97,107,97,74,74,80,80,80,9,107,95,101,101,87,87,87,93,40,40,70,70,70,100,100,100,99],"gold":25,"neow_bonus":"THREE_RARE_CARDS","is_daily":false,"chose_seed":false,"campfire_upgraded":7,"win_rate":0.0,"timestamp":1610015290,"path_taken":["M","M","M","M","$","R","M","R","T","?","?","$","?","E","R","BOSS","M","?","M","?","$","R","$","M","T","?","?","?","E","?","R","BOSS","M","M","$","?","?","R","M","M","T","R","?","?","R","$","R","BOSS"],"items_purchased_type":["Card","Card","Relic","Relic","Relic","Potion"],"build_version":"2020-12-22","purchased_purges":2,"victory":true,"max_hp_per_floor":[80,80,85,85,85,85,85,85,85,85,85,85,85,85,85,85,85,85,90,90,90,97,97,97,97,107,107,107,107,107,107,107,107,107,107,107,107,107,102,102,102,102,102,102,102,102,102,102,102,102],"relic_stats":{"Lee\u0027s Waffle":47,"counters":[19,95],"Mummified Hand":[7],"Tiny Chest":1,"Letter Opener":[90],"Smiling Mask":50,"obtain_stats":[{"Lee\u0027s Waffle":22,"Pear":26,"SacredBark":34,"Velvet Choker":17,"Letter Opener":9,"Smiling Mask":46,"Burning Blood":0,"White Beast Statue":14,"Anchor":37,"Mummified Hand":43,"Molten Egg 2":11,"Tiny Chest":31,"Bag of Marbles":37,"Toxic Egg 2":30},{"Lee\u0027s Waffle":9,"Pear":10,"SacredBark":13,"Velvet Choker":7,"Letter Opener":5,"Smiling Mask":18,"Burning Blood":0,"White Beast Statue":6,"Anchor":15,"Mummified Hand":18,"Molten Egg 2":5,"Tiny Chest":12,"Bag of Marbles":15,"Toxic Egg 2":12},{"Lee\u0027s Waffle":39,"Pear":46,"SacredBark":67,"Velvet Choker":29,"Letter Opener":16,"Smiling Mask":87,"Burning Blood":0,"White Beast Statue":23,"Anchor":73,"Mummified Hand":87,"Molten Egg 2":16,"Tiny Chest":56,"Bag of Marbles":73,"Toxic Egg 2":56}],"Burning Blood":113},"card_choices":[{"not_picked":["Impervious","Brutality"],"picked":"Fiend Fire","floor":0.0},{"not_picked":["Body Slam","Heavy Blade"],"picked":"Warcry","floor":1.0},{"not_picked":["Clash","Feel No Pain"],"picked":"Fire Breathing","floor":2.0},{"not_picked":["Cleave","Perfected Strike"],"picked":"Flame Barrier","floor":3.0},{"not_picked":["Flex","Shrug It Off"],"picked":"Pommel Strike","floor":4.0},{"not_picked":["Clothesline","Flex"],"picked":"Headbutt","floor":7.0},{"not_picked":["Pommel Strike+1","Flex"],"picked":"Impervious","floor":14.0},{"not_picked":["Double Tap","Exhume"],"picked":"Corruption","floor":16.0},{"not_picked":["Perfected Strike+1","Inflame"],"picked":"True Grit","floor":18.0},{"not_picked":["Clothesline+1","Metallicize"],"picked":"Thunderclap+1","floor":20.0},{"not_picked":["Clothesline+1","Clash+1"],"picked":"Flame Barrier","floor":25.0},{"not_picked":["Dual Wield","Evolve","Armaments"],"picked":"SKIP","floor":28.0},{"not_picked":["Iron Wave+1","Clothesline+1"],"picked":"Immolate+1","floor":30.0},{"not_picked":["Brutality","Demon Form"],"picked":"Exhume+1","floor":33.0},{"not_picked":["Wild Strike+1","Body Slam+1"],"picked":"Heavy Blade+1","floor":35.0},{"not_picked":["Havoc+1","Body Slam+1","Heavy Blade+1"],"picked":"SKIP","floor":36.0},{"not_picked":["Wild Strike+1","Fire Breathing","Hemokinesis+1"],"picked":"SKIP","floor":38.0},{"not_picked":["Cleave+1","Heavy Blade+1","Twin Strike+1"],"picked":"SKIP","floor":41.0},{"not_picked":["Headbutt+1","Sword Boomerang+1"],"picked":"Impervious+1","floor":42.0}],"player_experience":305578,"relics_obtained":[{"floor":9.0,"key":"Letter Opener"},{"floor":11.0,"key":"Molten Egg 2"},{"floor":14.0,"key":"White Beast Statue"},{"floor":26.0,"key":"Pear"},{"floor":30.0,"key":"Toxic Egg 2"},{"floor":31.0,"key":"Tiny Chest"},{"floor":43.0,"key":"Mummified Hand"},{"floor":46.0,"key":"Smiling Mask"}],"event_choices":[{"damage_healed":0.0,"max_hp_gain":0.0,"max_hp_loss":0.0,"gold_gain":66.0,"event_name":"Golden Wing","player_choice":"Gained Gold","floor":10.0,"gold_loss":0.0,"damage_taken":0.0},{"cards_removed":["Strike_R"],"damage_healed":0.0,"max_hp_gain":0.0,"max_hp_loss":0.0,"gold_gain":0.0,"event_name":"Purifier","player_choice":"Purged","floor":13.0,"gold_loss":0.0,"damage_taken":0.0},{"damage_healed":0.0,"max_hp_gain":5.0,"max_hp_loss":0.0,"gold_gain":0.0,"event_name":"Forgotten Altar","player_choice":"Shed Blood","floor":19.0,"gold_loss":0.0,"damage_taken":21.0},{"damage_healed":0.0,"max_hp_gain":0.0,"max_hp_loss":0.0,"gold_gain":0.0,"event_name":"Vampires","player_choice":"Ignored","floor":21.0,"gold_loss":0.0,"damage_taken":0.0},{"damage_healed":0.0,"max_hp_gain":0.0,"max_hp_loss":0.0,"gold_gain":75.0,"event_name":"FaceTrader","player_choice":"Touch","floor":27.0,"gold_loss":0.0,"damage_taken":10.0},{"cards_removed":["Strike_R"],"damage_healed":0.0,"max_hp_gain":0.0,"max_hp_loss":0.0,"gold_gain":0.0,"event_name":"Back to Basics","player_choice":"Elegance","floor":29.0,"gold_loss":0.0,"damage_taken":0.0},{"damage_healed":0.0,"max_hp_gain":0.0,"max_hp_loss":5.0,"gold_gain":0.0,"event_name":"Winding Halls","player_choice":"Max HP","floor":39.0,"gold_loss":0.0,"damage_taken":0.0},{"damage_healed":0.0,"max_hp_gain":0.0,"max_hp_loss":0.0,"gold_gain":0.0,"event_name":"Mysterious Sphere","player_choice":"Ignored","floor":45.0,"gold_loss":0.0,"damage_taken":0.0}],"is_beta":false,"boss_relics":[{"not_picked":["Runic Cube","Black Blood"],"picked":"Velvet Choker"},{"not_picked":["Sozu","Calling Bell"],"picked":"SacredBark"}],"items_purged_floors":[37,48],"is_endless":false,"potions_floor_spawned":[2,3,4,16,18,20,25,28,30,33,35,36,38,41,42],"ascension_level":0}}