{"host":"acw864156wjp8gcv","time":1610061459,"event":{"mods":["2.2 Compatiblity","AchievementEnabler","Aspiration","BaseMod","Beaked The Cultist","Better Altar","Better Match","Better Note","Better Sensory Stone","Better Silent Start","Better Skull","Better Third Choice","Better Vampires","BetterRewards","Challenge The Spire","Colored Map","Colored Powertips","Conspire","Curses Come First","Downfall","Energized Spire","GifTheSpireLib","Halation","Hubris","Infinite Spire","Ironclad Rager","Jedi Mod","Mimic Mod","Minty Spire (QoL Compilation)","Permanent Neow","Relic Sorter","Replay The Spire","Shop Mod","Spicy Shops","Spikes Relics","StSLib","Stuff the Spire","The Blue Laboratory","The Construct","The Jungle","Wandering Minibosses","everything is the same but u backflip on backflip","vexMod"],"gold_per_floor":[113,113,113,113,113,113,146,146,176,43,43,75,128,163,163,267,267,285,285,324,324,149,176,195,213,213,243,255,280,292,339,351,465,477,501,513,537,549,636,648,672,684,719,765,777,70,93,93,93,93,93,93,294,423,423],"floor_reached":56,"playtime":1783,"items_purged":["construct:DefenseMode","construct:Defend_Gold","construct:Defend_Gold","construct:Defend_Gold","construct:Strike_Gold+1"],"score":1653,"play_id":"7691a12a-7e71-4615-a970-267e6133f3e3","local_time":"20210107171739","is_ascension_mode":true,"campfire_choices":[{"data":"construct:ShiftStrike","floor":6.0,"key":"SMITH"},{"floor":8.0,"key":"REST"},{"data":"construct:ShiftStrike+1","floor":11.0,"key":"SMITH"},{"data":"construct:ScopeCore","floor":15,"key":"SMITH"},{"floor":28,"key":"RECALL"},{"data":"construct:GatlingGun+1","floor":30,"key":"SMITH"},{"data":"construct:SweepLaser+1","floor":32,"key":"SMITH"},{"data":"construct:AttackMode","floor":40,"key":"SMITH"},{"data":"construct:BatteryCore","floor":42,"key":"SMITH"},{"data":"construct:FlameCore","floor":45,"key":"SMITH"},{"data":"construct:Tumble+1","floor":49,"key":"SMITH"},{"data":"construct:BatteryCore+1","floor":52,"key":"SMITH"}],"circlet_count":0,"master_deck":["construct:Strike_Gold+1","construct:Strike_Gold+1","construct:Strike_Gold+1","construct:Strike_Gold+1","construct:Defend_Gold","construct:Defend_Gold","construct:AttackMode+1","construct:ShiftStrike+1","construct:SweepLaser+2","construct:ShiftStrike+2","construct:ScopeCore+1","construct:OmegaCannon+1","construct:GatlingGun+2","construct:FlameCore+1","construct:ScopeCore","construct:BatteryCore+2","construct:Tumble+2","construct:BatteryCore+1","construct:BatteryCore","construct:Reserves"],"relics":["construct:ClockworkPhoenix","hubris:DeckOfHolding","halation:PinkSoulGem","jedi:matchstick","hubris:Icosahedron","jedi:archwizardhat","Molten Egg 2","aspiration:EmptySkull","StuffTheSpire:HeavyRock","Replay:Baseball","PreservedInsect","hubris:HerbalPaste","halation:LettersToHer","StuffTheSpire:BottledEssence","Tiny Chest","Blue Doll","construct:WeddingRing","Letter Opener","wanderingMiniBosses:AbyssPearl","construct:FoamFinger","Replay:Bottled Eggs","Chameleon Ring","aspiration:Nostalgia","Cracked Core","MawBank","MealTicket","Ring of Chaos","ShockBauble","infinitespire:Lucky Rock","Bronze Scales","LugNut","infinitespire:ShieldingShard","vexMod:FocusSash","Garlic","Oddly Smooth Stone","SpikesRelics:DaevaFist"],"acts_visited":["TheCity","TheBeyond","TheEnding"],"potions_floor_usage":[33,33],"damage_taken":[{"damage":0.0,"enemies":"Small Slimes","floor":1.0,"turns":3.0},{"damage":19.0,"enemies":"Replay:BlueRogue","floor":7.0,"turns":5.0},{"damage":9.0,"enemies":"2 Louse","floor":9.0,"turns":5.0},{"damage":11.0,"enemies":"3 Sentries","floor":12.0,"turns":3.0},{"damage":0,"enemies":"Lagavulin","floor":14,"turns":2},{"damage":0,"enemies":"Slime Boss","floor":16,"turns":3},{"damage":22,"enemies":"2 Thieves","floor":18,"turns":2},{"damage":6,"enemies":"Spheric Guardian","floor":20,"turns":3},{"damage":0,"enemies":"Nightmare","floor":23,"turns":2},{"damage":0,"enemies":"Spheric Guardian","floor":24,"turns":1},{"damage":12,"enemies":"conspire:HollyBat","floor":25,"turns":5},{"damage":0,"enemies":"conspire:SneckoGhost","floor":27,"turns":1},{"damage":0,"enemies":"3 Cultists","floor":29,"turns":3},{"damage":0,"enemies":"Slavers","floor":31,"turns":1},{"damage":3,"enemies":"Automaton","floor":33,"turns":3},{"damage":4,"enemies":"3 Darklings","floor":35,"turns":2},{"damage":0,"enemies":"Orb Walker","floor":37,"turns":1},{"damage":10,"enemies":"Transient","floor":41,"turns":4},{"damage":1,"enemies":"beaked:SuperParasite","floor":44,"turns":2},{"damage":38,"enemies":"infinitespire:MassOfShapes","floor":50,"turns":2},{"damage":0,"enemies":"Shield and Spear","floor":54,"turns":1},{"damage":43,"enemies":"The Heart","floor":55,"turns":3}],"seed_played":"2998164680307734396","potions_obtained":[{"floor":7.0,"key":"Adrenaline Potion"},{"floor":41,"key":"Adrenaline Potion"}],"is_trial":false,"path_per_floor":["M","?","?","?","?","R","E","R","MIM","$","R","E","T","E","R","B",null,"M","?","MIM","T","$","NM","M","M","T","E","R","M","R","E","R","B",null,"M","?","M","?","T","R","M","R","T","E","R","$","T","?","R","B",null,"R","$","E","B",null],"character_chosen":"THE_CONSTRUCT_MOD","items_purchased":["jedi:matchstick","jedi:archwizardhat","blueLaboratory:FruitPunch","construct:ScopeCore","Replay:Baseball","PreservedInsect","hubris:HerbalPaste","halation:LettersToHer","StuffTheSpire:BottledEssence","Replay:Bottled Eggs","LugNut","infinitespire:ShieldingShard","construct:Tumble+1","construct:BatteryCore","Garlic","Oddly Smooth Stone","SpikesRelics:DaevaFist"],"campfire_rested":1,"item_purchase_floors":[0,0,0,10,10,10,10,10,10,22,46,46,46,53,53,53,53],"current_hp_per_floor":[36,36,36,36,36,36,17,42,33,33,33,27,27,30,30,35,85,63,63,62,62,62,65,65,59,59,59,59,64,64,64,64,69,88,84,84,84,84,84,84,80,80,80,82,82,88,88,88,88,53,88,88,88,88,45],"gold":423,"neow_bonus":"","is_daily":false,"chose_seed":false,"campfire_upgraded":10,"win_rate":0.0,"timestamp":1610061459,"path_taken":["M","?","?","?","?","R","E","R","MIM","?","R","E","?","E","R","BOSS","M","?","?","?","$","NM","M","M","T","E","R","M","R","E","R","BOSS","M","?","M","?","?","R","M","R","T","E","R","$","?","?","R","BOSS","R","$","E","BOSS"],"items_purchased_type":["Relic","Relic","Potion","Card","Relic","Relic","Relic","Relic","Relic","Relic","Relic","Relic","Card","Card","Relic","Relic","Relic"],"build_version":"2020-12-22","purchased_purges":5,"victory":true,"max_hp_per_floor":[85,85,85,85,85,85,85,85,85,85,85,85,85,85,85,85,85,85,85,85,85,85,85,85,85,85,85,85,85,85,85,85,88,88,88,88,88,88,88,88,88,88,88,88,88,88,88,88,88,88,88,88,88,88,88],"card_choices":[{"not_picked":["construct:Hazardproof","construct:SuppressiveFire"],"picked":"construct:ShiftStrike","floor":1.0},{"not_picked":["construct:Autoturret","construct:ModeShift"],"picked":"construct:SweepLaser+1","floor":7.0},{"not_picked":["construct:Construct_Overclock","construct:SuppressiveFire+1"],"picked":"construct:ShiftStrike+1","floor":9.0},{"not_picked":["construct:HastyRepair","construct:ScrapCannon+1","construct:Accumulate+1"],"picked":"SKIP","floor":12},{"not_picked":["construct:FierceBash+1","construct:ShiftStrike+1"],"picked":"construct:OmegaCannon+1","floor":14},{"not_picked":["construct:ShieldGenerator","construct:HammerDown+1"],"picked":"construct:GatlingGun+1","floor":16},{"not_picked":["construct:GuardCore","construct:Analyze"],"picked":"construct:FlameCore","floor":18},{"not_picked":["construct:Analyze+1","construct:ScrapCannon+1","construct:HeavyBolt+1"],"picked":"SKIP","floor":23},{"not_picked":["construct:ModeShift+1","construct:VentSteam","construct:SweepLaser+1"],"picked":"SKIP","floor":24},{"not_picked":["construct:SiegeForm","construct:ChargeShot+1","construct:SweepLaser+1"],"picked":"SKIP","floor":25},{"not_picked":["construct:OmegaCannon+1","construct:Anticipate","construct:ClusterMines+1"],"picked":"SKIP","floor":27},{"not_picked":["construct:Isolate","construct:Reinforce"],"picked":"construct:ScopeCore","floor":29},{"not_picked":["construct:Overcharge","construct:ShiftStrike+1","construct:HeavyBolt+1"],"picked":"SKIP","floor":31},{"not_picked":["construct:MassProduction","construct:MemoryTap"],"picked":"construct:BatteryCore","floor":33},{"not_picked":["construct:VentSteam","construct:Forcefield+1","construct:PointDefense+1"],"picked":"SKIP","floor":35},{"not_picked":["construct:SuppressiveFire+1","construct:Versatility+1","construct:BatteryAcid"],"picked":"SKIP","floor":37},{"not_picked":["construct:SaveState+1","construct:HeavyBolt+1","construct:ShiftStrike+1"],"picked":"SKIP","floor":41},{"not_picked":["construct:SaveState+1","construct:HeavyBolt+1","construct:ShiftStrike+1"],"picked":"SKIP","floor":41},{"not_picked":["construct:SaveState+1","construct:HeavyBolt+1","construct:ShiftStrike+1"],"picked":"SKIP","floor":41},{"not_picked":["construct:Forcefield+1","construct:Failsafe","construct:FocusedBeam+1"],"picked":"SKIP","floor":44},{"not_picked":["construct:QuickAttack+1","construct:Autoturret"],"picked":"construct:Reserves","floor":54}],"player_experience":129066,"relics_obtained":[{"floor":7.0,"key":"aspiration:EmptySkull"},{"floor":9.0,"key":"StuffTheSpire:HeavyRock"},{"floor":12,"key":"Tiny Chest"},{"floor":13,"key":"halation:LettersToHer"},{"floor":14,"key":"Blue Doll"},{"floor":20,"key":"Letter Opener"},{"floor":20,"key":"halation:LettersToHer"},{"floor":20,"key":"wanderingMiniBosses:AbyssPearl"},{"floor":21,"key":"halation:LettersToHer"},{"floor":21,"key":"construct:FoamFinger"},{"floor":23,"key":"Chameleon Ring"},{"floor":26,"key":"halation:LettersToHer"},{"floor":26,"key":"aspiration:Nostalgia"},{"floor":27,"key":"MawBank"},{"floor":31,"key":"MealTicket"},{"floor":39,"key":"halation:LettersToHer"},{"floor":39,"key":"ShockBauble"},{"floor":43,"key":"halation:LettersToHer"},{"floor":43,"key":"infinitespire:Lucky Rock"},{"floor":44,"key":"Bronze Scales"},{"floor":47,"key":"halation:LettersToHer"},{"floor":47,"key":"vexMod:FocusSash"},{"floor":54,"key":"hubris:DeckOfHolding"}],"event_choices":[{"damage_healed":0.0,"max_hp_gain":0.0,"max_hp_loss":0.0,"gold_gain":0.0,"event_name":"conspire:LoneGhost","player_choice":"Disagree","floor":2.0,"gold_loss":0.0,"damage_taken":0.0},{"damage_healed":0,"gold_gain":0,"player_choice":"Ignored","damage_taken":0,"max_hp_gain":0,"max_hp_loss":0,"event_name":"betterNote:BetterNote","floor":19,"gold_loss":0,"cards_obtained":["hubris:InfiniteBlow"]},{"damage_healed":0,"gold_gain":0,"player_choice":"Leave","damage_taken":0,"max_hp_gain":0,"max_hp_loss":0,"event_name":"conspire:Investor","floor":38,"gold_loss":0},{"damage_healed":0,"gold_gain":0,"player_choice":"Copied","damage_taken":0,"max_hp_gain":0,"max_hp_loss":0,"event_name":"Duplicator","floor":48,"gold_loss":0,"cards_obtained":["construct:BatteryCore"]}],"is_beta":false,"boss_relics":[{"not_picked":["halation:Yufonium","Replay:Bronze Core"],"picked":"construct:WeddingRing"},{"not_picked":["Fusion Hammer","vexMod:TanglingVine"],"picked":"Ring of Chaos"}],"items_purged_floors":[0,10,22,46,53],"is_endless":false,"potions_floor_spawned":[1,7,14,23,24,27,29,41],"ascension_level":2}}