{"host":"8h3glbk9j4k4ylc4","time":1610053511,"event":{"mods":["AchievementEnabler","Act Like it!","BaseMod","Colored Map","Colored Powertips","Downfall","Energized Spire","Gensokyo","Hallownest","Hermit","Hubris","Infinite Spire","Jorbs\u0027s Wanderer Trilogy","Lobotomy","Marisa????????","Minty Spire (QoL Compilation)","Replay The Spire","Somnambulant","StSLib","The Animator","The Bug Knight","The Judge"],"gold_per_floor":[271,19,35,35,35,77,105,185,212,255,255,297,297,331,331,470,470,499,529,183,219,259,259,324,324,324,324,334,334],"floor_reached":28,"playtime":1945,"items_purged":["animator:Strike","animator:Strike"],"score":363,"play_id":"ffee1329-7852-4884-82ea-63cf79e22e7b","local_time":"20210107230511","is_ascension_mode":true,"campfire_choices":[{"floor":11,"key":"REST"},{"data":"animator:Kira","floor":13,"key":"SMITH"},{"data":"animator:ElricAlphonse","floor":15,"key":"SMITH"},{"floor":23,"key":"REST"},{"data":"animator:Strike_Kancolle","floor":25,"key":"SMITH"}],"circlet_count":0,"master_deck":["animator:Strike_Kancolle+1","animator:Defend_Kancolle","animator:Defend","animator:Shimakaze","animator:Priestess","animator:Kira+1","animator:Chris","infinitespire:FutureSight","animator:YunYun","animator:Shuna","animator:Rimuru","animator:ElricEdward","animator:ElricAlphonse+1","animator:Envy","animator:Pride","animator:YachiyoNanami+1","animator:Millim+1","animator:Kazuma","animator:Megumin"],"relics":["animator:LivingPicture","animator:TheMissingPiece","animator:PurgingStone","NeowsBlessing","hubris:BottledRain","infinitespire:Satchel","animator:CursedBlade","infinitespire:ShieldingShard","Gremlin Food","MealTicket","hubris:Towel"],"acts_visited":["Gensokyo:Gensokyo","Gensokyo:Gensokyoer"],"potions_floor_usage":[21,21,21],"damage_taken":[{"damage":0,"enemies":"Gensokyo:3_Fairies","floor":1,"turns":1},{"damage":0,"enemies":"Gensokyo:2_Kodama","floor":3,"turns":1},{"damage":0,"enemies":"Gensokyo:Mamizou","floor":6,"turns":1},{"damage":0,"enemies":"Gensokyo:Python","floor":7,"turns":2},{"damage":0,"enemies":"Gensokyo:Cirno","floor":10,"turns":4},{"damage":0,"enemies":"Gensokyo:VengefulSpirit","floor":12,"turns":3},{"damage":0,"enemies":"Gensokyo:LivingMonolith","floor":14,"turns":3},{"damage":0,"enemies":"Gensokyo:Yukari","floor":16,"turns":6},{"damage":0,"enemies":"Gensokyo:2_Gloops","floor":18,"turns":3},{"damage":5,"enemies":"Gensokyo:CosmicMonolith","floor":19,"turns":5},{"damage":16,"enemies":"Gensokyo:Slime_Group","floor":21,"turns":4},{"damage":35,"enemies":"Gensokyo:Swordslinger","floor":22,"turns":5},{"damage":12,"enemies":"Nightmare","floor":24,"turns":8},{"damage":27,"enemies":"Gensokyo:3_Gloops","floor":28,"turns":3}],"seed_played":"3375721234599554172","potions_obtained":[{"floor":6,"key":"Reflective Coating"},{"floor":7,"key":"Venom Potion"},{"floor":12,"key":"SteroidPotion"},{"floor":14,"key":"champ:CounterPotion"}],"is_trial":false,"path_per_floor":["M","$","M","?","?","E","M","?","T","E","R","M","R","M","R","B",null,"M","M","$","M","M","R","NM","R","T","?","M"],"character_chosen":"THE_ANIMATOR","items_purchased":["animator:Kira","infinitespire:ShieldingShard"],"campfire_rested":2,"item_purchase_floors":[2,20],"current_hp_per_floor":[66,66,66,51,25,25,25,25,25,25,44,44,44,45,45,45,67,68,63,63,47,12,32,20,20,20,20,0,0],"gold":334,"neow_bonus":"THREE_ENEMY_KILL","is_daily":false,"chose_seed":false,"campfire_upgraded":3,"win_rate":0.0,"timestamp":1610053511,"path_taken":["M","$","M","?","?","E","M","?","T","E","R","?","R","?","R","BOSS","M","M","$","M","M","R","NM","R","T","?","M"],"items_purchased_type":["Card","Relic"],"build_version":"2020-12-22","purchased_purges":2,"victory":false,"max_hp_per_floor":[66,66,66,66,66,66,66,66,66,66,66,66,66,67,67,67,67,68,68,68,68,68,68,68,68,68,68,68,68],"card_choices":[{"not_picked":["animator:PandorasActor","animator:Hitei"],"picked":"animator:Priestess","floor":1},{"not_picked":["animator:Bozes","animator:Hakurou"],"picked":"animator:Chris","floor":3},{"not_picked":["infinitespire:FinalStrike","infinitespire:Oblivion"],"picked":"infinitespire:FutureSight","floor":4},{"not_picked":["animator:Arpeggio","animator:Verdia"],"picked":"animator:YunYun","floor":6},{"not_picked":["animator:Souei","animator:Kaijin"],"picked":"animator:Shuna","floor":7},{"not_picked":["animator:Konayuki","animator:SayakaMiki"],"picked":"animator:Rimuru","floor":10},{"not_picked":["animator:Cocytus","animator:PandorasActor"],"picked":"animator:ElricEdward","floor":12},{"not_picked":["animator:SayakaMiki","animator:MaesHughes"],"picked":"animator:ElricAlphonse","floor":14},{"not_picked":["animator:Biyorigo","animator:Hans"],"picked":"animator:Envy","floor":16},{"not_picked":["animator:ElricAlphonse","animator:WinryRockbell"],"picked":"animator:Pride","floor":18},{"not_picked":["animator:Aqua","animator:Priestess"],"picked":"animator:YachiyoNanami+1","floor":19},{"not_picked":["animator:Spearman","animator:MaesHughes+1"],"picked":"animator:Millim+1","floor":21},{"not_picked":["animator:IrohaTamaki","animator:Priestess"],"picked":"animator:Kazuma","floor":22},{"not_picked":["animator:Mitsurugi","animator:Kazuma"],"picked":"animator:Megumin","floor":24}],"player_experience":367729,"relics_obtained":[{"floor":6,"key":"hubris:BottledRain"},{"floor":10,"key":"infinitespire:Satchel"},{"floor":24,"key":"Gremlin Food"},{"floor":26,"key":"MealTicket"}],"event_choices":[],"is_beta":false,"boss_relics":[{"not_picked":["hubris:Stopwatch","Sozu"],"picked":"animator:CursedBlade"}],"items_purged_floors":[2,20],"is_endless":true,"potions_floor_spawned":[6,7,12,14],"killed_by":"Gensokyo:3_Gloops","ascension_level":1}}