{"host":"u21q392b5xaj11fl","time":1610002698,"event":{"mods":["2.2 Compatiblity","Bard","BaseMod","Better Note","Colored Map","Colored Powertips","Conspire","Custom Start","Downfall","Faster Ascension Climbing","GifTheSpireLib","Glutton Mod","Gremlin Skip","Highlight Path","Hubris","Infinite Spire","Mad Scientist","Marisa????????","Mimic Mod","Minty Spire (QoL Compilation)","Permanent Neow","Potionbrewer","Quick Restart","READ ME - Guardian Mod","Relic Sorter","Replay The Spire","Shop Mod","Somnambulant","StSLib","Stuff the Spire","SuperFastMode","The Construct","The Disciple","The Mystic","The Servant 0.9.4","vexMod"],"gold_per_floor":[209,209,221,146,193,193,224,241,313,329,329,346,366,395,395,473,473,483,483,483,500,516,516,551,551,588,317,317,331,356,373,373,449,449,469,429,441,13,33,63,83,112,112,144,157,157,172,253,253,253,253,253,54,88,88],"floor_reached":56,"playtime":8181,"items_purged":["Defend_Br","Strike_Br","Strike_Br","Strike_Br"],"score":1783,"play_id":"2ea0fe7b-e140-47ba-8f89-7e524dd4e88f","local_time":"20210107005818","is_ascension_mode":true,"campfire_choices":[{"data":"PrimeTime","floor":6.0,"key":"SMITH"},{"floor":11.0,"key":"REST"},{"data":"HandsUpC","floor":15.0,"key":"SMITH"},{"data":"Keepsakes","floor":23.0,"key":"SMITH"},{"floor":25.0,"key":"REST"},{"data":"construct:ClockworkEgg","floor":32.0,"key":"SMITH"},{"data":"Pendulum","floor":46,"key":"SMITH"},{"floor":49,"key":"RECALL"},{"data":"Analog","floor":52,"key":"SMITH"}],"circlet_count":0,"master_deck":["Moderato+1","AscendersBane","Strike_Br","Defend_Br","Defend_Br","Defend_Br","SecondHand","PatternShift","PrimeTime+1","BlueShift","FormalWear","SlimeSpray","LockedAnchor","Keepsakes+1","HandsUpC+1","Echonomics","Echoward","infinitespire:Collect","BeatsPerMinute+1","AlternateTimeline+1","Keepsakes","LockedBlood+1","construct:ClockworkEgg+2","Echoward","LockedBlood+1","Echonomics","HandsUpB+1","ReplayTheSpireMod:Brewmster+1","LockedThread+1","Analog+1","Engulf+1","LockedAnchor+1","Pendulum+1","LockedPlans+1"],"relics":["Chronometer","potionbrewer:Torch","Gambling Chip","Replay:Bottled Flurry","Happy Flower","Metronome","hubris:Zylophone","Sundial","OrangePellets","hubris:Spice","MerchantsRug","Letter Opener","Replay:Rubber Ducky","Vajra"],"acts_visited":["Exordium","TheCity","TheBeyond","TheEnding"],"potions_floor_usage":[45,47,47,47,54,54,55,55,55,55,55,55],"damage_taken":[{"damage":0.0,"enemies":"2 Louse","floor":1.0,"turns":5.0},{"damage":1.0,"enemies":"Cultist","floor":3.0,"turns":4.0},{"damage":25.0,"enemies":"3 Sentries","floor":7.0,"turns":11.0},{"damage":2.0,"enemies":"Small Slimes","floor":8.0,"turns":4.0},{"damage":16.0,"enemies":"Exordium Wildlife","floor":10.0,"turns":4.0},{"damage":0.0,"enemies":"Blue Slaver","floor":12.0,"turns":4.0},{"damage":2.0,"enemies":"Gremlin Gang","floor":13.0,"turns":3.0},{"damage":3.0,"enemies":"Gremlin Nob","floor":14.0,"turns":4.0},{"damage":4.0,"enemies":"The Guardian","floor":16.0,"turns":9.0},{"damage":17.0,"enemies":"2 Thieves","floor":18.0,"turns":3.0},{"damage":12.0,"enemies":"3 Byrds","floor":21.0,"turns":4.0},{"damage":2.0,"enemies":"Cultist and Chosen","floor":22.0,"turns":5.0},{"damage":19.0,"enemies":"Slavers","floor":24.0,"turns":4.0},{"damage":0.0,"enemies":"Sentry and Sphere","floor":26.0,"turns":6.0},{"damage":0.0,"enemies":"Sentry and Sphere","floor":29.0,"turns":2.0},{"damage":16.0,"enemies":"Gremlin Leader","floor":30.0,"turns":5.0},{"damage":0.0,"enemies":"Centurion and Healer","floor":31.0,"turns":6.0},{"damage":0.0,"enemies":"Automaton","floor":33.0,"turns":9.0},{"damage":0.0,"enemies":"3 Shapes","floor":35.0,"turns":3.0},{"damage":0.0,"enemies":"Orb Walker","floor":37.0,"turns":2.0},{"damage":0.0,"enemies":"Spire Growth","floor":39.0,"turns":5.0},{"damage":0.0,"enemies":"Nightmare","floor":40.0,"turns":6.0},{"damage":23.0,"enemies":"Transient","floor":41.0,"turns":4.0},{"damage":0.0,"enemies":"Nemesis","floor":42.0,"turns":5.0},{"damage":0.0,"enemies":"R_Hoarder","floor":44.0,"turns":5.0},{"damage":0,"enemies":"Sphere and 2 Shapes","floor":45,"turns":6},{"damage":8,"enemies":"3 Darklings","floor":47,"turns":6},{"damage":0,"enemies":"conspire:OrnateMirror","floor":50,"turns":1},{"damage":10,"enemies":"Shield and Spear","floor":54,"turns":7},{"damage":63,"enemies":"The Heart","floor":55,"turns":10}],"seed_played":"513622032864094423","potions_obtained":[{"floor":7.0,"key":"potionbrewer:SplittingPotion"},{"floor":10.0,"key":"ColorlessPotion"},{"floor":12.0,"key":"Strength Potion"},{"floor":13.0,"key":"potionbrewer:SplittingPotion"},{"floor":18.0,"key":"PowerPotion"},{"floor":22.0,"key":"potionbrewer:AcidPotion"},{"floor":24.0,"key":"potionbrewer:QuicksilverPotion"},{"floor":30.0,"key":"DuplicationPotion"},{"floor":37.0,"key":"Energy Potion"},{"floor":45,"key":"PowerPotion"},{"floor":47,"key":"FearPotion"}],"is_trial":false,"path_per_floor":["M","?","M","$","T","R","E","M","T","M","R","M","M","E","R","B",null,"M","AVR","?","M","M","R","E","R","MIM","$","?","M","E","M","R","B",null,"M","?","M","$","M","NM","M","E","T","E","M","R","M","$","R","B",null,"R","$","E","B",null],"character_chosen":"CHRONO_CLASS","items_purchased":["OrangePellets","LockedBlood+1","MerchantsRug","ReplayTheSpireMod:Brewmster+1","Letter Opener","Ancient Potion"],"campfire_rested":2,"item_purchase_floors":[27,27,38,38,38,53],"current_hp_per_floor":[59,59,58,58,58,58,33,31,31,15,34,34,32,29,29,25,55,55,55,55,43,41,41,22,41,41,41,41,41,42,60,60,73,73,73,73,73,73,73,73,53,73,73,73,73,73,73,73,73,73,73,73,73,72,27],"gold":88,"neow_bonus":"HUNDRED_GOLD","is_daily":false,"chose_seed":false,"campfire_upgraded":6,"win_rate":0.0,"timestamp":1610002698,"path_taken":["M","?","M","$","?","R","E","?","T","?","R","M","M","E","R","BOSS","M","AVR","?","M","M","R","E","R","MIM","$","?","M","E","M","R","BOSS","M","?","M","$","M","NM","M","E","T","E","M","R","M","?","R","BOSS","R","$","E","BOSS"],"items_purchased_type":["Relic","Card","Relic","Card","Relic","Potion"],"build_version":"2020-12-22","purchased_purges":4,"victory":true,"max_hp_per_floor":[65,65,65,65,65,65,65,65,65,65,65,65,65,65,65,65,65,65,65,65,65,65,65,65,65,65,65,65,65,73,73,73,73,73,73,73,73,73,73,73,73,73,73,73,73,73,73,73,73,73,73,73,73,73,73],"card_choices":[{"not_picked":["ResonantCall","Tempo"],"picked":"PrimeTime","floor":1.0},{"not_picked":["LockedScales","DaylightSavings"],"picked":"BlueShift","floor":3.0},{"not_picked":["HandsUpB","Backlash"],"picked":"FormalWear","floor":7.0},{"not_picked":["LockedMedicine","LockedOrichalcum"],"picked":"SlimeSpray","floor":8.0},{"not_picked":["BeatsPerMinute","Accruing"],"picked":"LockedAnchor","floor":10.0},{"not_picked":["LockedMercury","Engulf","SlimeSpray"],"picked":"SKIP","floor":12.0},{"not_picked":["WakeUpCall","HandsUpC"],"picked":"Keepsakes","floor":13.0},{"not_picked":["BackFourSeconds","TiringSlam"],"picked":"HandsUpC","floor":14.0},{"not_picked":["LockedBell","Pendulum"],"picked":"Echonomics","floor":16.0},{"not_picked":["Tempo","BlueShift"],"picked":"Echoward","floor":18.0},{"not_picked":["LockedMercury","Break","Facsimile"],"picked":"SKIP","floor":21.0},{"not_picked":["Facsimile","LockedMedicine+1"],"picked":"BeatsPerMinute+1","floor":22.0},{"not_picked":["TiringSlam","Stagnate+1"],"picked":"AlternateTimeline+1","floor":24.0},{"not_picked":["LockedWarPaint+1","ReapSow"],"picked":"Keepsakes","floor":26.0},{"not_picked":["Backlash","ShortSighted"],"picked":"Echoward","floor":29.0},{"not_picked":["LockedScales+1","LockedCalendar+1"],"picked":"LockedBlood+1","floor":30.0},{"not_picked":["LockedOrichalcum+1","HandsUpC","BlueShift"],"picked":"SKIP","floor":31.0},{"not_picked":["OracleForm+1","LockedFlame+1"],"picked":"Echonomics","floor":33.0},{"not_picked":["Parity","LockedWhetstone+1"],"picked":"HandsUpB+1","floor":35.0},{"not_picked":["ReapSow","Keepsakes","Accruing"],"picked":"SKIP","floor":37.0},{"not_picked":["HandsUpC","Cuckoo","VestedLegacy"],"picked":"SKIP","floor":39.0},{"not_picked":["infinitespire:FutureSight","infinitespire:SevenWalls"],"picked":"infinitespire:SealOfDarkness+","floor":40.0},{"not_picked":["SlimeSpray","LockedScales+1"],"picked":"LockedThread+1","floor":40.0},{"not_picked":["DaylightSavings","BiteCommand"],"picked":"Analog","floor":41.0},{"not_picked":["WindUp+1","ReapSow"],"picked":"Engulf+1","floor":42.0},{"not_picked":["PrimeTime+1","LockedScales+1"],"picked":"LockedAnchor+1","floor":44.0},{"not_picked":["VestedLegacy","LockedBlood+1"],"picked":"Pendulum","floor":45},{"not_picked":["Keepsakes","EscortCommand+1"],"picked":"LockedPlans+1","floor":47},{"not_picked":["LockedUrn+1","HandsUpB","LockedMedicine"],"picked":"SKIP","floor":54}],"player_experience":161749,"relics_obtained":[{"floor":5.0,"key":"potionbrewer:Torch"},{"floor":7.0,"key":"Gambling Chip"},{"floor":9.0,"key":"Replay:Bottled Flurry"},{"floor":14.0,"key":"Happy Flower"},{"floor":24.0,"key":"Replay:Mystery Machine"},{"floor":26.0,"key":"Frozen Egg 2"},{"floor":30.0,"key":"hubris:Spice"},{"floor":42.0,"key":"Replay:Rubber Ducky"},{"floor":54,"key":"Vajra"}],"event_choices":[{"damage_healed":0.0,"max_hp_gain":0.0,"max_hp_loss":0.0,"gold_gain":0.0,"event_name":"The Woman in Blue","player_choice":"Bought 0 Potions","floor":2.0,"gold_loss":0.0,"damage_taken":0.0},{"damage_healed":0.0,"max_hp_gain":0.0,"max_hp_loss":0.0,"gold_gain":0.0,"event_name":"WeMeetAgain","player_choice":"Gave Potion","floor":20.0,"gold_loss":0.0,"damage_taken":0.0,"relics_obtained":["Sundial"]},{"cards_removed":["infinitespire:Collect"],"damage_healed":0.0,"max_hp_gain":0.0,"max_hp_loss":0.0,"gold_gain":0.0,"event_name":"betterNote:BetterNote","player_choice":"Take \u0026 Give","floor":28.0,"gold_loss":0.0,"damage_taken":0.0,"cards_obtained":["construct:ClockworkEgg"]},{"damage_healed":0.0,"max_hp_gain":0.0,"max_hp_loss":0.0,"gold_gain":0.0,"event_name":"Designer","player_choice":"Upgrade","floor":36.0,"gold_loss":40.0,"damage_taken":0.0,"cards_upgraded":["construct:ClockworkEgg"]}],"is_beta":false,"boss_relics":[{"not_picked":["StuffTheSpire:RunicHypercube","Ring of Chaos"],"picked":"Metronome"},{"not_picked":["infinitespire:Cupcake","Replay:Ancient Bell"],"picked":"Philosopher\u0027s Stone"}],"items_purged_floors":[4,19,27,53],"is_endless":false,"potions_floor_spawned":[7,10,12,13,18,22,24,30,37,42,45,47],"ascension_level":13}}