{"host":"wj90f2q0h2omert0","time":1610057898,"event":{"mods":["BaseMod","Beaked The Cultist","Better Third Choice","ChefMod","Clawfect","Colored Map","DeckTracker","Downfall","Hubris","JesterMod","Minty Spire (QoL Compilation)","Relic Stats","Robot Space Explorer","Shade Mod","StSLib","The Blackbeard","The Caster","The Dragon Tamer","The Druid"],"gold_per_floor":[115,132,132,148,223,223,3,21,21,35,59,59,59,78,78,179,179,197,197,122,47,47,61,87,112,163,163,8,8,26,42,42,137,187,206,223,223,223,153,166,180,180,180,180,200,218,231,4,4,4],"floor_reached":51,"playtime":2381,"items_purged":["jesterMod:Strike"],"score":759,"play_id":"7bc7a225-b4ff-477c-a562-b0d63eee143c","local_time":"20210107171818","is_ascension_mode":false,"campfire_choices":[{"data":"jesterMod:Precipitation","floor":6,"key":"SMITH"},{"data":"jesterMod:Precipitation","floor":12,"key":"SMITH"},{"data":"jesterMod:Sickle","floor":15,"key":"SMITH"},{"floor":27,"key":"REST"},{"data":"jesterMod:Momentum","floor":29,"key":"SMITH"},{"floor":32,"key":"REST"},{"floor":42,"key":"REST"},{"data":"jesterMod:Swiftness","floor":44,"key":"SMITH"},{"floor":49,"key":"REST"}],"circlet_count":0,"master_deck":["jesterMod:Strike","jesterMod:Strike","jesterMod:Sickle+1","jesterMod:Defend","jesterMod:Defend","jesterMod:Defend","jesterMod:Defend","jesterMod:Dodge+1","jesterMod:Anticipation","jesterMod:Precipitation+1","jesterMod:Precipitation+1","jesterMod:DancingMad","jesterMod:Discretion","jesterMod:Momentum+1","jesterMod:Flee","jesterMod:Precipitation+1","jesterMod:Swiftness+1","jesterMod:Illness","jesterMod:Prankster","jesterMod:Overthink","jesterMod:Haste","jesterMod:Haste+1","jesterMod:Exasperation","jesterMod:Mending","jesterMod:Precipitation+1","jesterMod:Precipitation+1","jesterMod:Precipitation+1","jesterMod:Feint+1"],"relics":["jesterMod:JesterCap","NeowsBlessing","beaked:ShinyBauble","Anchor","hubris:BottledRain","Potion Belt","hubris:Towel","jesterMod:HauntedLute","jesterMod:BagOfTricks","Oddly Smooth Stone","Mercury Hourglass","Omamori","Blood Vial","Tiny House","White Beast Statue","PreservedInsect"],"acts_visited":["Exordium","TheCity","TheBeyond"],"potions_floor_usage":[16,16,18,30,35,36,40,45,45,46,50,50],"damage_taken":[{"damage":0,"enemies":"Cultist","floor":1,"turns":1},{"damage":0,"enemies":"2 Louse","floor":2,"turns":1},{"damage":0,"enemies":"Jaw Worm","floor":4,"turns":1},{"damage":0,"enemies":"Exordium Wildlife","floor":8,"turns":4},{"damage":3,"enemies":"Red Slaver","floor":10,"turns":4},{"damage":4,"enemies":"Exordium Thugs","floor":14,"turns":4},{"damage":50,"enemies":"Hexaghost","floor":16,"turns":11},{"damage":7,"enemies":"Shell Parasite","floor":18,"turns":5},{"damage":3,"enemies":"2 Thieves","floor":20,"turns":5},{"damage":11,"enemies":"Centurion and Healer","floor":23,"turns":7},{"damage":7,"enemies":"Book of Stabbing","floor":25,"turns":8},{"damage":20,"enemies":"Cultist and Chosen","floor":30,"turns":7},{"damage":17,"enemies":"3 Cultists","floor":31,"turns":5},{"damage":31,"enemies":"hubris:MusketHawk","floor":33,"turns":10},{"damage":2,"enemies":"3 Shapes","floor":35,"turns":4},{"damage":2,"enemies":"3 Darklings","floor":36,"turns":3},{"damage":10,"enemies":"4 Shapes","floor":40,"turns":4},{"damage":14,"enemies":"Spire Growth","floor":41,"turns":7},{"damage":16,"enemies":"Sphere and 2 Shapes","floor":45,"turns":6},{"damage":26,"enemies":"4 Shapes","floor":46,"turns":5},{"damage":7,"enemies":"Spire Growth","floor":47,"turns":5},{"damage":12,"enemies":"Time Eater","floor":50,"turns":8}],"seed_played":"4935295224909623561","potions_obtained":[{"floor":2,"key":"ColorlessPotion"},{"floor":4,"key":"sneckomod:MuddlingPotion"},{"floor":10,"key":"Fire Potion"},{"floor":16,"key":"AttackPotion"},{"floor":23,"key":"Energy Potion"},{"floor":30,"key":"Ancient Potion"},{"floor":31,"key":"Energy Potion"},{"floor":33,"key":"Fire Potion"},{"floor":34,"key":"LiquidBronze"},{"floor":36,"key":"SpeedPotion"},{"floor":45,"key":"ColorlessPotion"},{"floor":46,"key":"Weak Potion"},{"floor":47,"key":"DuplicationPotion"}],"is_trial":false,"path_per_floor":["M","M","?","M","?","R","$","M","T","M","T","R","?","M","R","B",null,"M","?","M","?","?","M","T","E","T","R","$","R","M","M","R","B",null,"M","M","?","?","$","M","M","R","T","R","M","M","M","$","R","B",null],"character_chosen":"THE_JESTER","items_purchased":["jesterMod:Precipitation","jesterMod:DancingMad","Anchor","Blood Vial","jesterMod:Mending","PreservedInsect"],"campfire_rested":4,"item_purchase_floors":[7,7,7,28,39,48],"current_hp_per_floor":[70,70,70,70,59,59,59,59,59,56,56,56,56,52,52,2,70,63,63,60,60,60,49,49,42,42,63,63,63,45,30,51,22,75,73,73,73,71,71,61,49,70,70,70,55,31,26,26,47,37],"gold":4,"neow_bonus":"THREE_ENEMY_KILL","is_daily":false,"chose_seed":false,"campfire_upgraded":5,"win_rate":0.0,"timestamp":1610057898,"path_taken":["M","?","?","M","?","R","?","?","T","M","?","R","?","M","R","BOSS","M","?","M","?","?","?","?","E","T","R","$","R","M","M","R","BOSS","M","?","?","?","$","M","M","R","T","R","M","M","M","?","R","BOSS"],"items_purchased_type":["Card","Card","Relic","Relic","Card","Relic"],"build_version":"2020-12-22","purchased_purges":1,"victory":true,"max_hp_per_floor":[70,70,70,70,70,70,70,70,70,70,70,70,70,70,70,70,70,70,70,70,70,70,70,70,70,70,70,70,70,70,70,70,70,75,75,75,75,71,71,71,71,71,71,71,71,71,71,71,71,71],"relic_stats":{"Blood Vial":17,"counters":[22,115],"PreservedInsect":0,"obtain_stats":[{"Potion Belt":11,"jesterMod:BagOfTricks":19,"beaked:ShinyBauble":3,"Tiny House":34,"NeowsBlessing":0,"Oddly Smooth Stone":24,"jesterMod:JesterCap":0,"PreservedInsect":48,"Omamori":26,"hubris:Towel":13,"White Beast Statue":43,"Mercury Hourglass":25,"Blood Vial":28,"Anchor":7,"jesterMod:HauntedLute":17,"hubris:BottledRain":9},{"Potion Belt":5,"jesterMod:BagOfTricks":8,"beaked:ShinyBauble":2,"Tiny House":14,"NeowsBlessing":0,"Oddly Smooth Stone":10,"jesterMod:JesterCap":0,"PreservedInsect":21,"Omamori":11,"hubris:Towel":5,"White Beast Statue":18,"Mercury Hourglass":11,"Blood Vial":11,"Anchor":3,"jesterMod:HauntedLute":7,"hubris:BottledRain":4},{"Potion Belt":11,"jesterMod:BagOfTricks":31,"beaked:ShinyBauble":2,"Tiny House":73,"NeowsBlessing":0,"Oddly Smooth Stone":43,"jesterMod:JesterCap":0,"PreservedInsect":107,"Omamori":51,"hubris:Towel":11,"White Beast Statue":91,"Mercury Hourglass":51,"Blood Vial":51,"Anchor":3,"jesterMod:HauntedLute":26,"hubris:BottledRain":7}],"Mercury Hourglass":[329]},"card_choices":[{"not_picked":["jesterMod:JackInTheBox","jesterMod:Feint"],"picked":"jesterMod:Anticipation","floor":1},{"not_picked":["jesterMod:Swiftness","jesterMod:Unleash"],"picked":"jesterMod:Precipitation","floor":2},{"not_picked":["jesterMod:Taunt","jesterMod:Loot","jesterMod:HitAndRun"],"picked":"SKIP","floor":4},{"not_picked":["jesterMod:Taunt","jesterMod:RecklessStrike","jesterMod:Twirl"],"picked":"SKIP","floor":8},{"not_picked":["jesterMod:Hide","jesterMod:SmokeScreen"],"picked":"jesterMod:Discretion","floor":10},{"not_picked":["jesterMod:OblivionStrike","jesterMod:TrickyDodge","jesterMod:Tinker"],"picked":"SKIP","floor":14},{"not_picked":["jesterMod:Overthink","jesterMod:Placebo"],"picked":"jesterMod:Momentum","floor":16},{"not_picked":["jesterMod:Twirl","jesterMod:SmokeScreen","jesterMod:ButterKnife"],"picked":"SKIP","floor":18},{"not_picked":["jesterMod:Arrythmia","jesterMod:Procrastination"],"picked":"jesterMod:Flee","floor":20},{"not_picked":["jesterMod:RecklessStrike","jesterMod:Frustration","jesterMod:FlameDance"],"picked":"SKIP","floor":23},{"not_picked":["jesterMod:PerfectDodge","jesterMod:JugglerBlade"],"picked":"jesterMod:Swiftness","floor":25},{"not_picked":["jesterMod:ButterKnife","jesterMod:Hide"],"picked":"jesterMod:Illness","floor":30},{"not_picked":["jesterMod:Pillage","jesterMod:Patience"],"picked":"jesterMod:Prankster","floor":31},{"not_picked":["jesterMod:BoilDown","jesterMod:Leeches"],"picked":"jesterMod:Overthink","floor":33},{"not_picked":["jesterMod:ButterKnife","jesterMod:JackInTheBox"],"picked":"jesterMod:Haste","floor":34},{"not_picked":["jesterMod:Arrythmia+1","jesterMod:SelfMockery+1"],"picked":"jesterMod:Haste+1","floor":35},{"not_picked":["jesterMod:Flee","jesterMod:RecklessStrike"],"picked":"jesterMod:Exasperation","floor":36},{"not_picked":["jesterMod:Discretion","jesterMod:Procrastination+1"],"picked":"jesterMod:Precipitation+1","floor":40},{"not_picked":["jesterMod:Anticipation","jesterMod:Taunt+1"],"picked":"jesterMod:Precipitation+1","floor":41},{"not_picked":["jesterMod:Patience+1","jesterMod:LaughingGas","jesterMod:ButterKnife"],"picked":"SKIP","floor":45},{"not_picked":["jesterMod:Anticipation","jesterMod:Inspiration"],"picked":"jesterMod:Precipitation+1","floor":46},{"not_picked":["jesterMod:BouncingKnife","jesterMod:DaggerRain+1"],"picked":"jesterMod:Feint+1","floor":47}],"player_experience":689551,"relics_obtained":[{"floor":9,"key":"hubris:BottledRain"},{"floor":11,"key":"Potion Belt"},{"floor":24,"key":"Oddly Smooth Stone"},{"floor":25,"key":"Mercury Hourglass"},{"floor":26,"key":"Omamori"},{"floor":43,"key":"White Beast Statue"}],"event_choices":[{"damage_healed":0,"gold_gain":0,"player_choice":"Box","damage_taken":0,"relics_obtained":["beaked:ShinyBauble"],"max_hp_gain":0,"max_hp_loss":0,"event_name":"Big Fish","floor":3,"gold_loss":0,"cards_obtained":["Regret"]},{"damage_healed":0,"gold_gain":75,"player_choice":"Gold","damage_taken":11,"max_hp_gain":0,"max_hp_loss":0,"event_name":"betterThird:BetterGoop","floor":5,"gold_loss":0},{"damage_healed":0,"gold_gain":0,"player_choice":"Opened","damage_taken":0,"relics_obtained":["jesterMod:BagOfTricks"],"max_hp_gain":0,"max_hp_loss":0,"event_name":"The Mausoleum","floor":19,"gold_loss":0},{"cards_removed":["Regret"],"damage_healed":0,"gold_gain":0,"player_choice":"Gave Gold","damage_taken":0,"max_hp_gain":0,"max_hp_loss":0,"event_name":"Beggar","floor":21,"gold_loss":75},{"damage_healed":0,"gold_gain":0,"player_choice":"Copied","damage_taken":0,"max_hp_gain":0,"max_hp_loss":0,"event_name":"Duplicator","floor":22,"gold_loss":0,"cards_obtained":["jesterMod:Precipitation"]},{"cards_removed":["jesterMod:Strike"],"damage_healed":0,"gold_gain":0,"player_choice":"Removed Attack","damage_taken":0,"max_hp_gain":0,"max_hp_loss":0,"event_name":"Falling","floor":37,"gold_loss":0},{"damage_healed":0,"gold_gain":0,"player_choice":"Max HP","damage_taken":0,"max_hp_gain":0,"max_hp_loss":4,"event_name":"Winding Halls","floor":38,"gold_loss":0}],"is_beta":false,"boss_relics":[{"not_picked":["Black Star","Cursed Key"],"picked":"jesterMod:HauntedLute"},{"not_picked":["beaked:SacredDeck","SlaversCollar"],"picked":"Tiny House"}],"items_purged_floors":[48],"is_endless":false,"potions_floor_spawned":[2,4,10,16,23,30,31,33,36,45,46,47],"ascension_level":0}}