{"host":"qxeepl7ydvsgmfdb","time":1610002551,"event":{"mods":["AchievementEnabler","BaseMod","Colored Powertips","Minty Spire (QoL Compilation)","Quick Restart","slay the spire mod where everything is the same but ironclad has a cowboy hat"],"gold_per_floor":[113,288,369,6,6,6,41,55,55,66,66,66],"floor_reached":11,"playtime":259,"items_purged":["Doubt"],"score":121,"play_id":"45a8a394-7609-40e4-9467-f469b8d13101","local_time":"20210107015551","is_ascension_mode":true,"campfire_choices":[{"data":"Backstab","floor":6,"key":"SMITH"}],"circlet_count":0,"master_deck":["Strike_G","Strike_G","Strike_G","Strike_G","Strike_G","Defend_G","Defend_G","Defend_G","Defend_G","Defend_G","Survivor","Neutralize","Backstab+1","Deadly Poison+1","Deadly Poison","All Out Attack","Noxious Fumes"],"relics":["Ring of the Snake","Mummified Hand","Shuriken","Question Card","Molten Egg 2"],"acts_visited":["Exordium"],"potions_floor_usage":[1,11,11],"damage_taken":[{"damage":6,"enemies":"Jaw Worm","floor":1,"turns":6},{"damage":52,"enemies":"3 Sentries","floor":7,"turns":11},{"damage":0,"enemies":"Small Slimes","floor":8,"turns":2},{"damage":0,"enemies":"Cultist","floor":10,"turns":2},{"damage":20,"enemies":"Lagavulin","floor":11,"turns":3}],"seed_played":"391820267428174302","potions_obtained":[{"floor":1,"key":"Fruit Juice"},{"floor":8,"key":"AttackPotion"},{"floor":10,"key":"LiquidBronze"}],"is_trial":false,"path_per_floor":["M","?","T","$","?","R","E","M","T","M","E"],"character_chosen":"THE_SILENT","items_purchased":["Shuriken","Deadly Poison"],"campfire_rested":0,"item_purchase_floors":[4,4],"current_hp_per_floor":[58,58,58,58,58,58,6,6,6,6,0,0],"gold":66,"neow_bonus":"TWENTY_PERCENT_HP_BONUS","is_daily":false,"chose_seed":false,"campfire_upgraded":1,"win_rate":0.0,"timestamp":1610002551,"path_taken":["M","?","?","?","?","R","E","M","T","?","E"],"items_purchased_type":["Relic","Card"],"build_version":"2020-12-22","purchased_purges":1,"victory":false,"max_hp_per_floor":[89,89,89,89,89,89,89,89,89,89,89,89],"card_choices":[{"not_picked":["Slice","Backflip"],"picked":"Backstab","floor":1},{"not_picked":["Slice","Cloak And Dagger"],"picked":"Deadly Poison","floor":7},{"not_picked":["Riddle With Holes","PiercingWail","Deadly Poison"],"picked":"All Out Attack","floor":8},{"not_picked":["Setup","Quick Slash+1","Dagger Spray+1"],"picked":"Noxious Fumes","floor":10}],"player_experience":382723,"relics_obtained":[{"floor":3,"key":"Mummified Hand"},{"floor":7,"key":"Question Card"},{"floor":9,"key":"Molten Egg 2"}],"event_choices":[{"damage_healed":0,"gold_gain":175,"player_choice":"AGREE","damage_taken":0,"max_hp_gain":0,"max_hp_loss":0,"event_name":"Liars Game","floor":2,"gold_loss":0,"cards_obtained":["Doubt"]},{"damage_healed":0,"gold_gain":0,"player_choice":"Upgraded","damage_taken":0,"max_hp_gain":0,"max_hp_loss":0,"event_name":"Upgrade Shrine","floor":5,"gold_loss":0,"cards_upgraded":["Deadly Poison"]}],"is_beta":false,"boss_relics":[],"items_purged_floors":[4],"is_endless":false,"potions_floor_spawned":[1,8,10],"killed_by":"Lagavulin","ascension_level":7}}