{"host":"w5vfr18i2ft1pzo2","time":1610031520,"event":{"mods":["Act Like it!","Aspiration","BaseMod","Better Third Choice","BetterRewards","Colored Map","Colored Powertips","Conspire","Curses Come First","DNKmod","Defuse TimeMaze Blight","Dota2Spire","Elementarium","Energized Spire","Evolution","Force Act Four","Friendly Minions","Gensokyo","GifTheSpireLib","Gold Saver","GungeonMod","Halation","Hallownest","Hubris","Hyrulean Relics","Infinite Spire","Jedi Mod","Marisa????????","Minty Spire (QoL Compilation)","MostiFishMod","Prisma Mod","Remilia??????","Replay The Spire","SacredBarkPlus","Small Relic Pack","Spicy Shops","Spikes Relics","StSLib","Stuff the Spire","SuperFastMode","Synergy Search","The Blue Laboratory","The Servant 0.9.4","Trackpad","Treasure Hunter","Uncapped","Wandering Minibosses","Yakumo Yukari mod","noobMod","vexMod","??????REMEMod"],"gold_per_floor":[3316,2929,2929,2941,1898,1930,1941,1968,2009,2038,2057,2075,2075,2100,2100,2176,2176,2237,2237,2237,2313,2313,2324,2324,2324,2324,2324,2181,2215,2215],"floor_reached":56,"playtime":999,"items_purged":["Defend_P","Defend_P","Strike_P"],"score":2179,"play_id":"fb17f558-7c00-4c6a-ae0d-c818814b14b1","local_time":"20210107225840","is_ascension_mode":true,"campfire_choices":[{"floor":15,"key":"RECALL"},{"data":"Strike_P","floor":32,"key":"PURGE"},{"data":"hubris:InfiniteBlow+6","floor":52,"key":"SMITH"}],"circlet_count":0,"master_deck":["AscendersBane","Strike_P","Strike_P","Defend_P","Defend_P","Eruption","Vigilance","Flash of Steel","ReplayTheSpireMod:Brewmster+1","JustLucky+1","Gensokyo:CrescentMoonSlash","Nirvana","EmptyMind","Ragnarok+1","TH:DeckOfManyThings+1","Consecrate","TH:CursedSword+1","Tantrum","Wireheading","TH:DeckOfManyThings+1","MostiFishMod:Moonprays+1","FollowUp","Weave","TH:TreasureMap+1","CutThroughFate","TH:CursedSword+1","Vault+1","hubris:InfiniteBlow+7","TH:ElvenBoots+1","Vault+1","relicPack:StarPlatinum","ForeignInfluence","Nirvana","Nirvana","TH:DeckOfManyThings+1","Replay:Hum"],"relics":["PureWater","EVO:Axolotl","DaveBox","ice","REME_ComplimentaryCards","BrkXgEgg","SynthV:TestCard","SynthV:C4","Dota2Spire:ShadowBlade","REME_HourglassOfDeath","Dota2Spire:BladeMail","halation:Sosunser","GoldenEye","jedi:arcanewood","wanderingMiniBosses:CarrionFlame","Bag of Marbles","Gensokyo:PortableGap","aspiration:FrozenJewel","relicPack:KazumaCape","Elementarium:ElementariumTrophy","relicPack:StarArrow","hubris:AstralHammer"],"acts_visited":["Gensokyo:Gensokyo","Elementarium:Elementarium","TheBeyond","TheEnding"],"potions_floor_usage":[1,1,4,4,4,8,8,8,9,9,16,16,16,16,33,33,33,33,33,33,50,55],"damage_taken":[{"damage":0,"enemies":"Gensokyo:Gryphon","floor":1,"turns":1},{"damage":0,"enemies":"Gensokyo:Python","floor":4,"turns":2},{"damage":0,"enemies":"Gensokyo:Cirno","floor":6,"turns":4},{"damage":0,"enemies":"Gensokyo:2_Kodama","floor":7,"turns":1},{"damage":0,"enemies":"Gensokyo:Mamizou","floor":8,"turns":1},{"damage":0,"enemies":"Gensokyo:2_Rabbits","floor":9,"turns":4},{"damage":0,"enemies":"Gensokyo:Aya","floor":10,"turns":2},{"damage":0,"enemies":"Gensokyo:2_Rabbits","floor":11,"turns":1},{"damage":0,"enemies":"Gensokyo:VengefulSpirit","floor":12,"turns":1},{"damage":0,"enemies":"Gensokyo:Cirno","floor":14,"turns":4},{"damage":0,"enemies":"Gensokyo:Reimu","floor":16,"turns":3},{"damage":0,"enemies":"Elementarium:2_ELEMENTALS","floor":18,"turns":1},{"damage":37,"enemies":"Elementarium:GoldenDragon","floor":33,"turns":4},{"damage":0,"enemies":"3 Darklings","floor":35,"turns":1},{"damage":0,"enemies":"Time Eater","floor":50,"turns":5},{"damage":1,"enemies":"Shield and Spear","floor":54,"turns":2},{"damage":85,"enemies":"The Heart","floor":55,"turns":6}],"seed_played":"33346661206655087","potions_obtained":[{"floor":1,"key":"blueLaboratory:PyrophylliteBrew"},{"floor":6,"key":"SkillPotion"},{"floor":11,"key":"Explosive Potion"},{"floor":14,"key":"Languid Potion"},{"floor":33,"key":"PowerPotion"}],"is_trial":false,"path_per_floor":["M","$","?","M","$","E","M","E","T","E","M","M","?","E","R","B",null,"M","AVR","R_BF","B",null,"M","R_BF","B",null,"R","$","E","B",null],"character_chosen":"WATCHER","items_purchased":["SynthV:C4","Dota2Spire:ShadowBlade","EmptyMind","Ragnarok+1","REME_HourglassOfDeath","Dota2Spire:BladeMail","halation:Sosunser","Adrenaline Potion","Nirvana"],"campfire_rested":0,"item_purchase_floors":[2,2,5,5,5,5,5,53,53],"current_hp_per_floor":[65,65,55,55,55,55,55,55,55,55,55,55,55,55,55,65,65,65,62,62,25,53,53,59,59,59,59,59,58,106],"gold":2215,"neow_bonus":"RANDOM_COLORLESS","is_daily":false,"chose_seed":false,"campfire_upgraded":1,"win_rate":0.0,"timestamp":1610031520,"path_taken":["M","?","?","M","$","E","?","E","T","E","M","M","?","E","R","BOSS","M","AVR","R_BF","BOSS","M","R_BF","BOSS","R","$","E","BOSS"],"items_purchased_type":["Relic","Relic","Card","Card","Relic","Relic","Relic","Potion","Card"],"build_version":"2020-12-22","purchased_purges":3,"victory":true,"max_hp_per_floor":[72,72,72,72,72,72,72,72,72,72,72,72,65,65,65,65,65,65,62,62,62,62,59,59,59,59,59,59,59,133],"card_choices":[{"not_picked":["Discovery","MostiFishMod:ButterFly"],"picked":"Flash of Steel","floor":0},{"not_picked":["REME_Repentance","WindmillStrike"],"picked":"JustLucky","floor":1},{"not_picked":["FollowUp","Replay:AtTheReady","FlyingSleeves","Perseverance"],"picked":"Nirvana","floor":4},{"not_picked":["TH:PixieDust","TH:ArmorSpikes","TH:CursedSword"],"picked":"TH:DeckOfManyThings","floor":6},{"not_picked":["BowlingBash","Pray","MostiFishMod:Clarity","Meditate","JustLucky"],"picked":"SKIP","floor":6},{"not_picked":["ClearTheMind","Worship","FearNoEvil","SignatureMove"],"picked":"Consecrate","floor":7},{"not_picked":["TH:CopperCoins","TH:ArmorSpikes","TH:Mimic"],"picked":"TH:CursedSword","floor":8},{"not_picked":["EmptyMind","Replay:LoomingThreat+1","Wallop","MostiFishMod:StarWish+1"],"picked":"Tantrum","floor":8},{"not_picked":["Study","Evaluate","FlyingSleeves","Consecrate"],"picked":"Wireheading","floor":9},{"not_picked":["TH:CursedSword","TH:CopperCoins","TH:ElvenBoots"],"picked":"TH:DeckOfManyThings","floor":10},{"not_picked":["Pray","Replay:BluntJabs","ThirdEye","FlyingSleeves"],"picked":"MostiFishMod:Moonprays+1","floor":10},{"not_picked":["Consecrate","WaveOfTheHand","Replay:BluntJabs","CrushJoints"],"picked":"FollowUp","floor":11},{"not_picked":["SashWhip","FearNoEvil","Replay:Battleflow","BowlingBash"],"picked":"Weave","floor":12},{"not_picked":["TH:Mimic","TH:BikiniMail","TH:EnergyPotion"],"picked":"TH:TreasureMap","floor":14},{"not_picked":["ThirdEye","JustLucky","Crescendo","FollowUp"],"picked":"CutThroughFate","floor":14},{"not_picked":["TH:Mimic","TH:ElvenBoots","TH:ArmorSpikes"],"picked":"TH:CursedSword","floor":16},{"not_picked":["Ragnarok+1","MostiFishMod:StarWish+1","Devotion+1","MostiFishMod:StarHerder+1"],"picked":"Vault+1","floor":16},{"not_picked":["JustLucky+1","PathToVictory+1","REME_Repentance","Replay:ManipulateFuture","MostiFishMod:Clarity+1"],"picked":"SKIP","floor":18},{"not_picked":["TH:EnergyPotion","TH:CopperCoins","TH:TreasureMap"],"picked":"TH:ElvenBoots","floor":33},{"not_picked":["MostiFishMod:Dust+1","MostiFishMod:StarHerder+1","Alpha+1","Judgement+1"],"picked":"Vault+1","floor":33},{"not_picked":["Replay:Vibes","Replay:ManipulateFuture","JustLucky+1","Worship"],"picked":"ForeignInfluence","floor":35},{"not_picked":["TH:PixieDust","TH:EnergyPotion","TH:ElvenBoots"],"picked":"TH:DeckOfManyThings","floor":54},{"not_picked":["EmptyFist","MostiFishMod:Minus+1","EmptyBody","JustLucky+1"],"picked":"Replay:Hum","floor":54}],"player_experience":242554,"relics_obtained":[{"floor":1,"key":"SynthV:TestCard"},{"floor":6,"key":"GoldenEye"},{"floor":8,"key":"jedi:arcanewood"},{"floor":9,"key":"wanderingMiniBosses:CarrionFlame"},{"floor":10,"key":"Bag of Marbles"},{"floor":14,"key":"aspiration:FrozenJewel"},{"floor":54,"key":"hubris:AstralHammer"}],"event_choices":[],"is_beta":false,"boss_relics":[{"not_picked":["trackpad:StolenKidneys","hubris:TerracottaHorce"],"picked":"relicPack:KazumaCape"},{"not_picked":["halation:CatFaceCupcake","Abe\u0027s Treasure"],"picked":"relicPack:StarArrow"}],"items_purged_floors":[2,5,19],"is_endless":false,"potions_floor_spawned":[1,6,11,14,33,54],"ascension_level":13}}