{"host":"daa8jqyg4gqfaysm","time":1610019202,"event":{"mods":["BaseMod","Colored Powertips","Minty Spire (QoL Compilation)","StSLib"],"gold_per_floor":[118,66,76,151,43,43,78,94,94,109,172,188,223,223,223,223,223],"floor_reached":16,"playtime":357,"items_purged":[],"score":320,"play_id":"e2c6d9ff-e09e-4444-b7d1-a44647bb240c","local_time":"20210107193322","is_ascension_mode":true,"campfire_choices":[{"data":"Bane","floor":6,"key":"SMITH"},{"data":"Neutralize","floor":15,"key":"SMITH"}],"circlet_count":0,"master_deck":["AscendersBane","Strike_G","Strike_G","Strike_G","Strike_G","Strike_G","Defend_G","Defend_G","Defend_G","Defend_G","Defend_G","Survivor","Neutralize+1","Deadly Poison","Bane+1","PiercingWail","Quick Slash","Poisoned Stab","Dagger Spray","Well Laid Plans","Bouncing Flask","Predator"],"relics":["Ring of the Snake","NeowsBlessing","StrikeDummy","Meat on the Bone","Bag of Preparation","Orichalcum","Juzu Bracelet","Kunai"],"acts_visited":["Exordium"],"potions_floor_usage":[11],"damage_taken":[{"damage":0,"enemies":"Jaw Worm","floor":1,"turns":1},{"damage":0,"enemies":"Cultist","floor":3,"turns":1},{"damage":0,"enemies":"3 Sentries","floor":7,"turns":1},{"damage":2,"enemies":"Small Slimes","floor":8,"turns":2},{"damage":5,"enemies":"3 Louse","floor":10,"turns":4},{"damage":21,"enemies":"Lagavulin Event","floor":11,"turns":6},{"damage":0,"enemies":"Looter","floor":12,"turns":3},{"damage":0,"enemies":"Gremlin Nob","floor":13,"turns":3},{"damage":6,"enemies":"Slime Boss","floor":16,"turns":5}],"seed_played":"5789317133989185694","potions_obtained":[{"floor":8,"key":"Block Potion"}],"is_trial":false,"path_per_floor":["M","?","M","?","$","R","E","M","T","M","?","M","E","?","R","B"],"character_chosen":"THE_SILENT","items_purchased":["PiercingWail","Quick Slash"],"campfire_rested":0,"item_purchase_floors":[5,5],"current_hp_per_floor":[59,59,59,48,48,48,48,46,46,41,32,44,44,39,39,33,33],"gold":223,"neow_bonus":"THREE_ENEMY_KILL","is_daily":false,"chose_seed":false,"campfire_upgraded":2,"win_rate":0.0,"timestamp":1610019202,"path_taken":["M","?","?","?","$","R","E","M","T","M","?","M","E","?","R","BOSS"],"items_purchased_type":["Card","Card"],"build_version":"2020-12-22","purchased_purges":0,"victory":false,"max_hp_per_floor":[66,66,66,66,66,66,66,66,66,66,66,66,66,66,66,66,66],"card_choices":[{"not_picked":["Underhanded Strike","Terror"],"picked":"Deadly Poison","floor":1},{"not_picked":["Leg Sweep","Acrobatics"],"picked":"Bane","floor":3},{"not_picked":["Concentrate","PiercingWail"],"picked":"Poisoned Stab","floor":7},{"not_picked":["Dagger Throw","Caltrops"],"picked":"Dagger Spray","floor":8},{"not_picked":["Acrobatics","Dagger Throw","Backflip"],"picked":"SKIP","floor":10},{"not_picked":["Acrobatics","Dagger Throw","Backflip"],"picked":"SKIP","floor":10},{"not_picked":["Quick Slash","Poisoned Stab"],"picked":"Well Laid Plans","floor":11},{"not_picked":["Well Laid Plans","Blur"],"picked":"Bouncing Flask","floor":12},{"not_picked":["Cloak And Dagger","A Thousand Cuts"],"picked":"Predator","floor":13}],"player_experience":785059,"relics_obtained":[{"floor":7,"key":"Meat on the Bone"},{"floor":9,"key":"Bag of Preparation"},{"floor":11,"key":"Orichalcum"},{"floor":13,"key":"Juzu Bracelet"}],"event_choices":[{"damage_healed":0,"gold_gain":0,"player_choice":"Paid Gold","damage_taken":0,"relics_obtained":["StrikeDummy"],"max_hp_gain":0,"max_hp_loss":0,"event_name":"WeMeetAgain","floor":2,"gold_loss":52},{"damage_healed":0,"gold_gain":75,"player_choice":"Gather Gold","damage_taken":11,"max_hp_gain":0,"max_hp_loss":0,"event_name":"World of Goop","floor":4,"gold_loss":0},{"damage_healed":0,"gold_gain":0,"player_choice":"Searched \u00271\u0027 times","damage_taken":0,"max_hp_gain":0,"max_hp_loss":0,"event_name":"Dead Adventurer","floor":11,"gold_loss":0},{"damage_healed":0,"gold_gain":0,"player_choice":"Success","damage_taken":5,"relics_obtained":["Kunai"],"max_hp_gain":0,"max_hp_loss":0,"event_name":"Scrap Ooze","floor":14,"gold_loss":0}],"is_beta":false,"boss_relics":[],"items_purged_floors":[],"is_endless":false,"potions_floor_spawned":[8],"killed_by":"Slime Boss","ascension_level":20}}