{"host":"lfecqp1ncejeb4vg","time":1610026215,"event":{"mods":["BaseMod","Downfall","Hermit","HololiveMod","Luminous","Marisa（F雨　魔理沙）","Minty Spire (QoL Compilation)","Red Circlet Mod","Relic Stats","Shop Mod","StSLib","WarShipGirlsR/战舰少女R mod"],"gold_per_floor":[110,121,133,133,199,234,234,250,250,250,250,250],"floor_reached":11,"playtime":505,"items_purged":[],"score":73,"play_id":"463e2cc3-b244-4555-abe9-b89104f6d09e","local_time":"20210107213015","is_ascension_mode":false,"campfire_choices":[{"data":"EscapeVelocity","floor":7,"key":"SMITH"}],"circlet_count":0,"master_deck":["Strike_MRS","Strike_MRS","Strike_MRS","Strike_MRS","Defend_MRS","Defend_MRS","Defend_MRS","Defend_MRS","MasterSpark","UpSweep","GalacticHalo","AsteroidBelt","ShootingEcho","EscapeVelocity+1","MysteriousBeam"],"relics":["MiniHakkero","NeowsBlessing","Bird Faced Urn","InkBottle","Mercury Hourglass"],"acts_visited":["Exordium"],"potions_floor_usage":[],"damage_taken":[{"damage":0,"enemies":"Cultist","floor":1,"turns":1},{"damage":0,"enemies":"Jaw Worm","floor":2,"turns":1},{"damage":0,"enemies":"Small Slimes","floor":3,"turns":1},{"damage":38,"enemies":"Gremlin Nob","floor":6,"turns":5},{"damage":19,"enemies":"3 Louse","floor":8,"turns":5},{"damage":27,"enemies":"Lagavulin","floor":11,"turns":6}],"seed_played":"5012352431723112893","potions_obtained":[{"floor":1,"key":"Ancient Potion"},{"floor":8,"key":"SteroidPotion"}],"is_trial":false,"path_per_floor":["M","M","M","?","?","E","R","M","T","?","E"],"character_chosen":"MARISA","items_purchased":[],"campfire_rested":0,"item_purchase_floors":[],"current_hp_per_floor":[75,75,75,75,75,37,37,20,20,17,0,0],"gold":250,"neow_bonus":"THREE_ENEMY_KILL","is_daily":false,"chose_seed":false,"campfire_upgraded":1,"win_rate":0.0,"timestamp":1610026215,"path_taken":["M","?","M","?","?","E","R","M","T","?","E"],"items_purchased_type":[],"build_version":"2020-12-22","purchased_purges":0,"victory":false,"max_hp_per_floor":[75,75,75,75,75,75,75,75,75,75,75,75],"relic_stats":{"counters":[6,19],"Bird Faced Urn":[4],"obtain_stats":[{"NeowsBlessing":0,"Bird Faced Urn":6,"MiniHakkero":0,"InkBottle":9,"Mercury Hourglass":10},{"NeowsBlessing":0,"Bird Faced Urn":4,"MiniHakkero":0,"InkBottle":5,"Mercury Hourglass":5},{"NeowsBlessing":0,"Bird Faced Urn":8,"MiniHakkero":0,"InkBottle":13,"Mercury Hourglass":13}],"InkBottle":[2],"Mercury Hourglass":[15]},"card_choices":[{"not_picked":["GravityBeat","MilkyWay"],"picked":"GalacticHalo","floor":1},{"not_picked":["6A","Occultation"],"picked":"AsteroidBelt","floor":2},{"not_picked":["GravityBeat","StarBarrage"],"picked":"ShootingEcho","floor":3},{"not_picked":["6A","DoubleSpark"],"picked":"EscapeVelocity","floor":6},{"not_picked":["PropBag","Acceleration"],"picked":"MysteriousBeam","floor":8}],"player_experience":74088,"relics_obtained":[{"floor":6,"key":"Bird Faced Urn"},{"floor":9,"key":"InkBottle"}],"event_choices":[{"damage_healed":0,"gold_gain":66,"player_choice":"Gained Gold","damage_taken":0,"max_hp_gain":0,"max_hp_loss":0,"event_name":"Golden Wing","floor":5,"gold_loss":0},{"damage_healed":0,"gold_gain":0,"player_choice":"Success","damage_taken":3,"relics_obtained":["Mercury Hourglass"],"max_hp_gain":0,"max_hp_loss":0,"event_name":"Scrap Ooze","floor":10,"gold_loss":0}],"is_beta":false,"boss_relics":[],"items_purged_floors":[],"is_endless":false,"potions_floor_spawned":[1,8],"killed_by":"Lagavulin","ascension_level":0}}