{"host":"hve1dyh1ly81yl9f","time":1610037030,"event":{"mods":["BaseMod","Colored Map","DeckTracker","Highlight Path","Keyboard Shortcuts","Minty Spire (QoL Compilation)","Permanent Neow","Quick Restart","StSLib","SuperFastMode"],"gold_per_floor":[15,27,37,56,67,102,102],"floor_reached":6,"playtime":278,"items_purged":[],"score":88,"play_id":"e4bddfb0-f57a-45d3-94cc-10e8e8647d6b","local_time":"20210108013030","is_ascension_mode":true,"campfire_choices":[],"circlet_count":0,"master_deck":["Strike_R","Strike_R","Strike_R","Strike_R","Strike_R","Defend_R","Defend_R","Defend_R","Defend_R","Bash","Wild Strike","Reckless Charge","Pommel Strike","Thunderclap"],"relics":["Burning Blood","Letter Opener"],"acts_visited":["Exordium"],"potions_floor_usage":[],"damage_taken":[{"damage":11,"enemies":"2 Louse","floor":1,"turns":3},{"damage":7,"enemies":"Small Slimes","floor":2,"turns":3},{"damage":6,"enemies":"Cultist","floor":3,"turns":3},{"damage":15,"enemies":"2 Fungi Beasts","floor":4,"turns":3},{"damage":14,"enemies":"3 Louse","floor":5,"turns":3},{"damage":50,"enemies":"3 Sentries","floor":6,"turns":9}],"seed_played":"5473907883846310980","potions_obtained":[{"floor":1,"key":"BloodPotion"},{"floor":5,"key":"Regen Potion"},{"floor":6,"key":"Strength Potion"}],"is_trial":false,"path_per_floor":["M","M","M","M","M","E"],"character_chosen":"IRONCLAD","items_purchased":[],"campfire_rested":0,"item_purchase_floors":[],"current_hp_per_floor":[91,90,90,81,73,29,29],"gold":102,"neow_bonus":"TWENTY_PERCENT_HP_BONUS","is_daily":false,"chose_seed":false,"campfire_upgraded":0,"win_rate":0.0,"timestamp":1610037030,"path_taken":["M","M","M","M","M","E"],"items_purchased_type":[],"build_version":"2020-12-22","purchased_purges":0,"victory":false,"max_hp_per_floor":[96,96,96,96,96,96,96],"card_choices":[{"not_picked":["Pummel","Shrug It Off"],"picked":"Wild Strike","floor":1},{"not_picked":["Whirlwind","Headbutt"],"picked":"Reckless Charge","floor":2},{"not_picked":["Inflame","Spot Weakness"],"picked":"Pommel Strike","floor":3},{"not_picked":["Rampage","Intimidate","Shrug It Off"],"picked":"SKIP","floor":4},{"not_picked":["Warcry","Entrench","Sentinel"],"picked":"SKIP","floor":5},{"not_picked":["Juggernaut","Twin Strike"],"picked":"Thunderclap","floor":6}],"player_experience":292171,"relics_obtained":[{"floor":6,"key":"Letter Opener"}],"event_choices":[],"is_beta":false,"boss_relics":[],"items_purged_floors":[],"is_endless":false,"potions_floor_spawned":[1,5,6],"killed_by":"3 Sentries","ascension_level":5}}