{"host":"czyrp3agadxx2eka","time":1610039577,"event":{"mods":["Bard","BaseMod","Beaked The Cultist","BetterRewards","Colored Map","Downfall","Hermit","Hubris","Infinite Spire","Marisa????????","Minty Spire (QoL Compilation)","Replay The Spire","Shop Mod","StSLib","The Construct","The Cursed","The Elementalist","The Runesmith","TheBandit"],"gold_per_floor":[116,132,132,132,148,182,55,55,55,75,107,125,125,141,141,241,241,261,277,291,306,319,319,319],"floor_reached":23,"playtime":6671,"items_purged":["Strike_MRS"],"score":207,"play_id":"c6615f95-3c57-495c-a870-f24c1b7d9bb7","local_time":"20210107151257","is_ascension_mode":false,"campfire_choices":[{"data":"SuperNova","floor":8,"key":"SMITH"},{"data":"EscapeVelocity","floor":13,"key":"SMITH"},{"data":"MachineGunSpark","floor":15,"key":"SMITH"}],"circlet_count":0,"master_deck":["Strike_MRS","Strike_MRS","Strike_MRS","Defend_MRS","Defend_MRS","Defend_MRS","Defend_MRS","MasterSpark","UpSweep","EscapeVelocity+1","MilkyWay+1","SuperPerseids","AlicesGift","SuperNova+1","MilkyWay","WitchLeyline","MachineGunSpark+1","ManaRampage","EarthLightRay+1","PropBag"],"relics":["MiniHakkero","Meat on the Bone","Bronze Scales","hubris:Metronome","Kunai"],"acts_visited":["Exordium","TheCity"],"potions_floor_usage":[21,22,23,23],"damage_taken":[{"damage":0,"enemies":"Cultist","floor":1,"turns":4},{"damage":2,"enemies":"Small Slimes","floor":2,"turns":4},{"damage":5,"enemies":"infinitespire:Voidling","floor":5,"turns":3},{"damage":22,"enemies":"Replay:BlueRogue","floor":6,"turns":4},{"damage":11,"enemies":"Lots of Slimes","floor":10,"turns":4},{"damage":21,"enemies":"Lagavulin","floor":11,"turns":4},{"damage":10,"enemies":"Looter","floor":12,"turns":3},{"damage":2,"enemies":"Large Slime","floor":14,"turns":2},{"damage":40,"enemies":"The Guardian","floor":16,"turns":6},{"damage":28,"enemies":"3 Byrds","floor":18,"turns":3},{"damage":27,"enemies":"2 Thieves","floor":19,"turns":3},{"damage":2,"enemies":"Centurion and Healer","floor":20,"turns":2},{"damage":21,"enemies":"Snake Plant","floor":21,"turns":3},{"damage":42,"enemies":"Snecko","floor":22,"turns":5},{"damage":22,"enemies":"Book of Stabbing","floor":23,"turns":4}],"seed_played":"-6298186905177012317","potions_obtained":[{"floor":1,"key":"Venom Potion"},{"floor":5,"key":"Elixir"},{"floor":14,"key":"ColorlessPotion"},{"floor":16,"key":"Strength Potion"},{"floor":20,"key":"DistilledChaos"},{"floor":21,"key":"Languid Potion"}],"is_trial":false,"path_per_floor":["M","M","?","?","M","E","$","R","T","M","E","M","R","M","R","B",null,"M","M","M","M","M","E"],"character_chosen":"MARISA","items_purchased":["MilkyWay"],"campfire_rested":0,"item_purchase_floors":[7],"current_hp_per_floor":[75,73,73,66,65,43,43,43,43,44,35,37,37,47,47,19,75,47,32,42,39,15,0,0],"gold":319,"neow_bonus":"ONE_RANDOM_RARE_CARD","is_daily":false,"chose_seed":false,"campfire_upgraded":3,"win_rate":0.0,"timestamp":1610039577,"path_taken":["M","M","?","?","M","E","$","R","T","M","E","M","R","M","R","BOSS","M","?","M","?","?","E"],"items_purchased_type":["Card"],"build_version":"2020-12-22","purchased_purges":1,"victory":false,"max_hp_per_floor":[75,75,75,75,75,75,75,75,75,75,75,75,75,75,75,75,75,75,75,75,75,75,75,75],"card_choices":[{"not_picked":["SporeBomb","SprinkleStarSeal"],"picked":"MilkyWay","floor":1},{"not_picked":["LuminesStrike","WitchOfGreed"],"picked":"SuperPerseids","floor":2},{"not_picked":["DC","SporeBomb"],"picked":"AlicesGift","floor":5},{"not_picked":["JA","LuminesStrike"],"picked":"SuperNova","floor":6},{"not_picked":["IllusionStar","GravityBeat"],"picked":"WitchLeyline","floor":10},{"not_picked":["AbsoluteMagnitude","6A"],"picked":"MachineGunSpark","floor":11},{"not_picked":["IllusionStar","MilkyWay","GrandCross"],"picked":"SKIP","floor":12},{"not_picked":["DeepEcoloBomb","IllusionStar","GalacticHalo"],"picked":"SKIP","floor":14},{"not_picked":["BinaryStars","AbsoluteMagnitude"],"picked":"ManaRampage","floor":16},{"not_picked":["NonDirectionalLaser","EnergyRecoil+1","ChargeUpSpray+1"],"picked":"SKIP","floor":18},{"not_picked":["GravityBeat","ShootingEcho"],"picked":"EarthLightRay+1","floor":19},{"not_picked":["NonDirectionalLaser","ShootTheMoon+1","MilkyWay"],"picked":"SKIP","floor":20},{"not_picked":["PulseMagic","EnergyRecoil"],"picked":"PropBag","floor":21},{"not_picked":["EnergyFlow","Acceleration+1","OortCloud"],"picked":"SKIP","floor":22}],"player_experience":42019,"relics_obtained":[{"floor":6,"key":"Meat on the Bone"},{"floor":9,"key":"Bronze Scales"},{"floor":11,"key":"hubris:Metronome"}],"event_choices":[{"damage_healed":0,"gold_gain":0,"player_choice":"Grow","damage_taken":0,"max_hp_gain":0,"max_hp_loss":0,"event_name":"Living Wall","floor":3,"gold_loss":0,"cards_upgraded":["MilkyWay"]},{"damage_healed":0,"gold_gain":0,"player_choice":"Damaged","damage_taken":7,"max_hp_gain":0,"max_hp_loss":0,"event_name":"Wheel of Change","floor":4,"gold_loss":0}],"is_beta":false,"boss_relics":[{"not_picked":["hubris:GrandSneckoEye","Replay:Drink Me","Snecko Eye"]}],"items_purged_floors":[7],"is_endless":false,"potions_floor_spawned":[1,5,14,16,20,21],"killed_by":"Book of Stabbing","ascension_level":0}}