{"host":"z9811rt50ti81n54","time":1610037819,"event":{"mods":["BaseMod","Minty Spire (QoL Compilation)","SuperFastMode"],"gold_per_floor":[115,15,15,32,32,32,58,58,58,77,77,77,101,126,126,249,249,269,294,294,294,294,294,327,327,327,21,36,61,74,95,95,224,224,247,2,2,18,18,18,31,46,46,46,11,11,30,51,51,51],"floor_reached":51,"playtime":1768,"items_purged":["Strike_R","Strike_R"],"score":719,"play_id":"7ffb4f21-0018-4af0-963f-981a849f9c0a","local_time":"20210108014339","is_ascension_mode":false,"campfire_choices":[{"data":"Apotheosis","floor":6,"key":"SMITH"},{"data":"Brutality","floor":8,"key":"SMITH"},{"data":"Feel No Pain","floor":11,"key":"SMITH"},{"data":"Warcry","floor":15,"key":"SMITH"},{"data":"Flame Barrier","floor":23,"key":"SMITH"},{"floor":25,"key":"REST"},{"data":"Berserk","floor":32,"key":"SMITH"},{"data":"Offering","floor":40,"key":"SMITH"},{"data":"Bandage Up","floor":44,"key":"SMITH"},{"floor":49,"key":"REST"}],"circlet_count":0,"master_deck":["Strike_R","Defend_R","Defend_R","Defend_R","Defend_R","Bash","Apotheosis+1","Cleave","Feel No Pain+1","Warcry+1","Sever Soul","Brutality+1","Dual Wield","Flame Barrier+1","Offering+1","Berserk+1","Power Through","Bandage Up+1","Offering+1","Shrug It Off+1","Body Slam+1","Uppercut","The Bomb","Secret Technique","Bandage Up","Parasite","Blood for Blood","Shrug It Off"],"relics":["Burning Blood","Incense Burner","Singing Bowl","Golden Idol","Mark of Pain","Oddly Smooth Stone","Pear","Runic Dome","Strange Spoon","Eternal Feather"],"acts_visited":["Exordium","TheCity","TheBeyond"],"potions_floor_usage":[16,16,33,33,33,50,50,50],"damage_taken":[{"damage":3,"enemies":"Jaw Worm","floor":1,"turns":3},{"damage":1,"enemies":"Cultist","floor":4,"turns":4},{"damage":11,"enemies":"3 Sentries","floor":7,"turns":5},{"damage":6,"enemies":"2 Louse","floor":10,"turns":2},{"damage":1,"enemies":"Exordium Wildlife","floor":13,"turns":2},{"damage":8,"enemies":"Looter","floor":14,"turns":3},{"damage":29,"enemies":"The Guardian","floor":16,"turns":8},{"damage":10,"enemies":"3 Byrds","floor":18,"turns":4},{"damage":23,"enemies":"Spheric Guardian","floor":19,"turns":4},{"damage":32,"enemies":"Slavers","floor":24,"turns":5},{"damage":8,"enemies":"Snake Plant","floor":28,"turns":4},{"damage":11,"enemies":"Centurion and Healer","floor":29,"turns":6},{"damage":10,"enemies":"3 Cultists","floor":30,"turns":3},{"damage":9,"enemies":"Snake Plant","floor":31,"turns":4},{"damage":55,"enemies":"Champ","floor":33,"turns":10},{"damage":37,"enemies":"3 Darklings","floor":35,"turns":6},{"damage":13,"enemies":"3 Shapes","floor":38,"turns":5},{"damage":26,"enemies":"Maw","floor":41,"turns":8},{"damage":24,"enemies":"3 Darklings","floor":42,"turns":6},{"damage":32,"enemies":"Writhing Mass","floor":47,"turns":5},{"damage":14,"enemies":"Spire Growth","floor":48,"turns":3},{"damage":24,"enemies":"Awakened One","floor":50,"turns":9}],"seed_played":"1053468052871510014","potions_obtained":[{"floor":7,"key":"PowerPotion"},{"floor":16,"key":"Fruit Juice"},{"floor":18,"key":"PowerPotion"},{"floor":19,"key":"BlessingOfTheForge"},{"floor":24,"key":"AttackPotion"},{"floor":31,"key":"CultistPotion"},{"floor":35,"key":"Regen Potion"},{"floor":38,"key":"Ancient Potion"},{"floor":41,"key":"AttackPotion"}],"is_trial":false,"path_per_floor":["M","$","?","M","$","R","E","R","T","M","R","?","M","M","R","B",null,"M","M","?","?","?","R","E","R","T","$","M","M","M","M","R","B",null,"M","$","$","M","?","R","M","M","T","R","$","?","M","M","R","B",null],"character_chosen":"IRONCLAD","items_purchased":["Feel No Pain","Warcry","Power Through","Bandage Up","Uppercut","Strange Spoon","Uppercut"],"campfire_rested":2,"item_purchase_floors":[2,2,27,27,27,36,45],"current_hp_per_floor":[59,59,59,64,64,64,59,59,59,61,61,41,46,44,44,26,87,85,70,70,70,70,70,44,71,81,81,85,88,92,97,97,54,109,84,84,84,83,83,83,77,65,65,77,77,67,53,57,105,102],"gold":51,"neow_bonus":"RANDOM_COLORLESS_2","is_daily":false,"chose_seed":false,"campfire_upgraded":8,"win_rate":0.0,"timestamp":1610037819,"path_taken":["M","$","?","M","?","R","E","R","T","M","R","?","M","?","R","BOSS","M","M","?","?","?","R","E","R","T","$","?","M","M","M","R","BOSS","M","?","$","?","?","R","M","M","T","R","$","?","M","M","R","BOSS"],"items_purchased_type":["Card","Card","Card","Card","Card","Relic","Card"],"build_version":"2020-12-22","purchased_purges":2,"victory":true,"max_hp_per_floor":[80,80,80,80,80,80,80,80,80,82,82,82,82,82,82,87,87,89,91,91,91,91,91,91,91,101,101,103,105,107,109,109,109,109,111,111,111,111,111,111,113,113,113,113,113,113,113,113,113,113],"card_choices":[{"not_picked":["Thinking Ahead","Panache"],"picked":"Apotheosis","floor":0},{"not_picked":["Iron Wave","Armaments"],"picked":"Cleave","floor":1},{"not_picked":["Heavy Blade","Sword Boomerang"],"picked":"Sever Soul","floor":4},{"not_picked":["Wild Strike","Reckless Charge"],"picked":"Brutality","floor":7},{"not_picked":["Flex","Shrug It Off","Twin Strike"],"picked":"Singing Bowl","floor":10},{"not_picked":["Iron Wave","Blood for Blood"],"picked":"Dual Wield","floor":13},{"not_picked":["Reckless Charge","Inflame"],"picked":"Flame Barrier","floor":14},{"not_picked":["Limit Break","Demon Form"],"picked":"Offering","floor":16},{"not_picked":["Second Wind","Clash","Dark Embrace"],"picked":"Singing Bowl","floor":18},{"not_picked":["Wild Strike","Clothesline","Sever Soul"],"picked":"Singing Bowl","floor":19},{"not_picked":["Heavy Blade","Seeing Red+1"],"picked":"Berserk","floor":24},{"not_picked":["Clash","Cleave","Armaments"],"picked":"Singing Bowl","floor":28},{"not_picked":["Ghostly Armor","Headbutt","Heavy Blade"],"picked":"Singing Bowl","floor":29},{"not_picked":["Clash+1","Inflame","Ghostly Armor"],"picked":"Singing Bowl","floor":30},{"not_picked":["Wild Strike","Thunderclap","Perfected Strike"],"picked":"Singing Bowl","floor":31},{"not_picked":["Fiend Fire","Brutality"],"picked":"Offering","floor":33},{"not_picked":["Clothesline+1","True Grit","Headbutt+1"],"picked":"Singing Bowl","floor":35},{"not_picked":["Armaments+1","Twin Strike+1"],"picked":"Shrug It Off+1","floor":38},{"not_picked":["Seeing Red+1","Bloodletting+1","Reckless Charge"],"picked":"Singing Bowl","floor":41},{"not_picked":["Sever Soul+1","Cleave+1"],"picked":"Body Slam+1","floor":42},{"not_picked":["Finesse","Swift Strike"],"picked":"The Bomb","floor":46},{"not_picked":["Swift Strike","Good Instincts"],"picked":"Secret Technique","floor":46},{"not_picked":["Deep Breath","Blind"],"picked":"Bandage Up","floor":46},{"not_picked":["Havoc","Heavy Blade+1"],"picked":"Blood for Blood","floor":47},{"not_picked":["Heavy Blade+1","Iron Wave"],"picked":"Shrug It Off","floor":48}],"player_experience":309778,"relics_obtained":[{"floor":7,"key":"Incense Burner"},{"floor":9,"key":"Singing Bowl"},{"floor":24,"key":"Oddly Smooth Stone"},{"floor":26,"key":"Pear"},{"floor":43,"key":"Eternal Feather"}],"event_choices":[{"cards_removed":["Strike_R"],"damage_healed":0,"gold_gain":0,"player_choice":"Purged","damage_taken":0,"max_hp_gain":0,"max_hp_loss":0,"event_name":"Purifier","floor":3,"gold_loss":0},{"damage_healed":0,"gold_gain":0,"player_choice":"Take Damage","damage_taken":20,"relics_obtained":["Golden Idol"],"max_hp_gain":0,"max_hp_loss":0,"event_name":"Golden Idol","floor":12,"gold_loss":0},{"cards_removed":["Strike_R"],"damage_healed":0,"gold_gain":0,"player_choice":"Elegance","damage_taken":0,"max_hp_gain":0,"max_hp_loss":0,"event_name":"Back to Basics","floor":20,"gold_loss":0},{"damage_healed":0,"gold_gain":0,"player_choice":"Ignored","damage_taken":0,"max_hp_gain":0,"max_hp_loss":0,"event_name":"Vampires","floor":21,"gold_loss":0},{"damage_healed":0,"gold_gain":0,"player_choice":"Upgraded","damage_taken":0,"max_hp_gain":0,"max_hp_loss":0,"event_name":"Upgrade Shrine","floor":22,"gold_loss":0,"cards_upgraded":["Offering"]},{"cards_removed":["Uppercut"],"damage_healed":0,"gold_gain":0,"player_choice":"Removed Attack","damage_taken":0,"max_hp_gain":0,"max_hp_loss":0,"event_name":"Falling","floor":39,"gold_loss":0},{"damage_healed":0,"gold_gain":0,"player_choice":"Memory 3","damage_taken":10,"max_hp_gain":0,"max_hp_loss":0,"event_name":"SensoryStone","floor":46,"gold_loss":0}],"is_beta":false,"boss_relics":[{"not_picked":["Calling Bell","Empty Cage"],"picked":"Mark of Pain"},{"not_picked":["Coffee Dripper","Snecko Eye"],"picked":"Runic Dome"}],"items_purged_floors":[27,36],"is_endless":false,"potions_floor_spawned":[7,16,18,19,24,31,35,38,41],"ascension_level":0}}