{"host":"kjehzzhcyp0nyrrl","time":1610036822,"event":{"mods":["AchievementEnabler","BaseMod","Custom Start","Hermit","Keyboard Shortcuts","Koishi","Minty Spire (QoL Compilation)","StSLib","SuperFastMode","The Dragon Tamer","The Hierophant","everything is the same but u backflip on backflip"],"gold_per_floor":[117,117,192,210,210,242,242,276,276,296,313,328,328,359,359,459,459,469,367,379,396,396,396,422,422,445,445,445],"floor_reached":27,"playtime":576,"items_purged":["Strike_B"],"score":375,"play_id":"d859e82e-3eac-47c1-bc88-fbe6a1455a95","local_time":"20210108012702","is_ascension_mode":true,"campfire_choices":[{"data":"Zap","floor":7,"key":"SMITH"},{"floor":15,"key":"REST"},{"data":"Defragment","floor":23,"key":"SMITH"},{"data":"Defragment","floor":25,"key":"SMITH"}],"circlet_count":0,"master_deck":["Strike_B","Defend_B","Defend_B","Defend_B","Defend_B","Zap+1","Dualcast","Defragment+1","Leap","Thunder Strike","Consume","Glacier","Defragment+1","Electrodynamics","Ball Lightning","Coolheaded","Defragment+1"],"relics":["Cracked Core","NeowsBlessing","InkBottle","Ginger","Blood Vial","Boot","Empty Cage","WingedGreaves","Bag of Preparation"],"acts_visited":["Exordium","TheCity"],"potions_floor_usage":[13,16,18,24,27],"damage_taken":[{"damage":0,"enemies":"Cultist","floor":1,"turns":1},{"damage":0,"enemies":"2 Louse","floor":4,"turns":1},{"damage":0,"enemies":"Lagavulin","floor":6,"turns":1},{"damage":31,"enemies":"3 Sentries","floor":8,"turns":8},{"damage":8,"enemies":"Small Slimes","floor":10,"turns":4},{"damage":13,"enemies":"Looter","floor":11,"turns":3},{"damage":7,"enemies":"Large Slime","floor":12,"turns":5},{"damage":0,"enemies":"Gremlin Gang","floor":13,"turns":1},{"damage":8,"enemies":"Lagavulin","floor":14,"turns":7},{"damage":8,"enemies":"The Guardian","floor":16,"turns":14},{"damage":4,"enemies":"Chosen","floor":18,"turns":4},{"damage":6,"enemies":"Shell Parasite","floor":20,"turns":5},{"damage":19,"enemies":"Snake Plant","floor":21,"turns":6},{"damage":40,"enemies":"Gremlin Leader","floor":24,"turns":7},{"damage":14,"enemies":"Centurion and Healer","floor":27,"turns":1}],"seed_played":"-2892297656343149621","potions_obtained":[{"floor":4,"key":"SteroidPotion"},{"floor":10,"key":"EssenceOfDarkness"},{"floor":11,"key":"SmokeBomb"},{"floor":14,"key":"AttackPotion"},{"floor":16,"key":"SpeedPotion"},{"floor":18,"key":"FocusPotion"},{"floor":24,"key":"Regen Potion"}],"is_trial":false,"path_per_floor":["M","?","?","M","?","E","R","E","T","M","M","M","M","E","R","B",null,"M","$","M","M","?","R","E","R","T","M"],"character_chosen":"DEFECT","items_purchased":["Coolheaded"],"campfire_rested":1,"item_purchase_floors":[19],"current_hp_per_floor":[68,68,57,57,62,62,62,31,31,25,14,9,11,5,29,23,66,64,64,60,43,43,43,5,5,5,0,0],"gold":445,"neow_bonus":"THREE_ENEMY_KILL","is_daily":false,"chose_seed":false,"campfire_upgraded":3,"win_rate":0.0,"timestamp":1610036822,"path_taken":["M","?","?","M","?","E","R","E","T","M","M","M","M","E","R","BOSS","M","$","M","M","?","R","E","R","T","M"],"items_purchased_type":["Card"],"build_version":"2020-12-22","purchased_purges":1,"victory":false,"max_hp_per_floor":[75,75,75,75,80,80,80,80,80,80,80,80,80,80,80,80,80,80,80,80,80,80,80,80,80,80,80,80],"card_choices":[{"not_picked":["Redo","Conserve Battery"],"picked":"Defragment","floor":1},{"not_picked":["Barrage","Heatsinks"],"picked":"Leap","floor":4},{"not_picked":["Melter","Hello World"],"picked":"Thunder Strike","floor":6},{"not_picked":["Storm","Hello World"],"picked":"Consume","floor":8},{"not_picked":["Blizzard","Conserve Battery"],"picked":"Glacier","floor":10},{"not_picked":["Blizzard","FTL","Leap"],"picked":"SKIP","floor":11},{"not_picked":["Redo","Rebound","Beam Cell"],"picked":"SKIP","floor":12},{"not_picked":["FTL","Leap"],"picked":"Defragment","floor":14},{"not_picked":["Creative AI","Machine Learning"],"picked":"Electrodynamics","floor":16},{"not_picked":["Rebound","Turbo+1"],"picked":"Ball Lightning","floor":18},{"not_picked":["Skim","Auto Shields","Beam Cell"],"picked":"SKIP","floor":20},{"not_picked":["Ball Lightning","Beam Cell"],"picked":"Defragment","floor":21},{"not_picked":["Coolheaded","Go for the Eyes","Barrage"],"picked":"SKIP","floor":24}],"player_experience":387855,"relics_obtained":[{"floor":6,"key":"InkBottle"},{"floor":8,"key":"Ginger"},{"floor":9,"key":"Blood Vial"},{"floor":14,"key":"Boot"},{"floor":24,"key":"WingedGreaves"},{"floor":26,"key":"Bag of Preparation"}],"event_choices":[{"damage_healed":0,"gold_gain":0,"player_choice":"Grow","damage_taken":0,"max_hp_gain":0,"max_hp_loss":0,"event_name":"Living Wall","floor":2,"gold_loss":0,"cards_upgraded":["Defragment"]},{"damage_healed":0,"gold_gain":75,"player_choice":"Gather Gold","damage_taken":11,"max_hp_gain":0,"max_hp_loss":0,"event_name":"World of Goop","floor":3,"gold_loss":0},{"damage_healed":0,"gold_gain":0,"player_choice":"Donut","damage_taken":0,"max_hp_gain":5,"max_hp_loss":0,"event_name":"Big Fish","floor":5,"gold_loss":0},{"damage_healed":0,"gold_gain":0,"player_choice":"Ignored","damage_taken":0,"max_hp_gain":0,"max_hp_loss":0,"event_name":"Cursed Tome","floor":22,"gold_loss":0}],"is_beta":false,"boss_relics":[{"not_picked":["Coffee Dripper","Runic Dome"],"picked":"Empty Cage"}],"items_purged_floors":[19],"is_endless":false,"potions_floor_spawned":[4,10,11,12,14,16,18,24],"killed_by":"Centurion and Healer","ascension_level":7}}