{"host":"ks0rgj8xgppw8yky","time":1610059687,"event":{"mods":["BaseMod","Better Match","Better Note","Better Sensory Stone","Colored Powertips","Conspire","Downfall","GungeonMod","Hubris","Jorbs\u0027s Wanderer Trilogy","Marisa????????","Minty Spire (QoL Compilation)","StSLib","The Bug Knight","The Druid","The Forsaken","The Jungle","The Servant 0.9.4"],"gold_per_floor":[115,46,62,79,89,120,138,138,218,218,168,168,168,12,12,108,108,126,145,145,156,156,156,188,188,188,188,76,96,111,126,126,228,228,239,239,239],"floor_reached":36,"playtime":2816,"items_purged":[],"score":384,"play_id":"40b151ad-b0be-4548-b3fe-35bd9dc5fdfe","local_time":"20210107174807","is_ascension_mode":false,"campfire_choices":[{"floor":8,"key":"REST"},{"data":"Dagger Spray","floor":10,"key":"SMITH"},{"data":"All Out Attack","floor":12,"key":"SMITH"},{"data":"Dagger Throw","floor":15,"key":"SMITH"},{"floor":23,"key":"REST"},{"floor":25,"key":"REST"},{"floor":32,"key":"REST"}],"circlet_count":0,"master_deck":["Survivor","Neutralize","Dagger Spray+1","All Out Attack+1","Flying Knee","Dagger Throw+1","Die Die Die","Dagger Spray","Deadly Poison+1","Necronomicurse","Footwork","Noxious Fumes","Noxious Fumes","Bane+1","Corpse Explosion","Blade Dance","Grand Finale","After Image","Expertise","Unload","Caltrops","Adrenaline","Eviscerate","Deadly Poison","All Out Attack+1"],"relics":["Ring of the Snake","Mercury Hourglass","Kunai","Membership Card","HoveringKite","Necronomicon","Blue Candle","DemoMod:OrangeGuonStone","DollysMirror","Pandora\u0027s Box"],"acts_visited":["Exordium","TheCity","TheBeyond"],"potions_floor_usage":[24,24,33,33],"damage_taken":[{"damage":1,"enemies":"Cultist","floor":1,"turns":5},{"damage":0,"enemies":"Jaw Worm","floor":3,"turns":4},{"damage":1,"enemies":"Small Slimes","floor":4,"turns":4},{"damage":2,"enemies":"Looter","floor":5,"turns":3},{"damage":21,"enemies":"Gremlin Nob","floor":6,"turns":4},{"damage":0,"enemies":"Exordium Wildlife","floor":7,"turns":3},{"damage":14,"enemies":"Slime Boss","floor":16,"turns":8},{"damage":0,"enemies":"Chosen","floor":18,"turns":4},{"damage":3,"enemies":"3 Byrds","floor":19,"turns":3},{"damage":8,"enemies":"Centurion and Healer","floor":21,"turns":6},{"damage":34,"enemies":"Book of Stabbing","floor":24,"turns":6},{"damage":14,"enemies":"Cultist and Chosen","floor":29,"turns":5},{"damage":27,"enemies":"Shelled Parasite and Fungi","floor":30,"turns":5},{"damage":16,"enemies":"Snecko","floor":31,"turns":4},{"damage":13,"enemies":"Champ","floor":33,"turns":12},{"damage":16,"enemies":"3 Darklings","floor":35,"turns":2},{"damage":66,"enemies":"conspire:MimicChest","floor":36,"turns":4}],"seed_played":"4290295719774122412","potions_obtained":[{"floor":1,"key":"Weak Potion"},{"floor":5,"key":"BlessingOfTheForge"},{"floor":7,"key":"Fire Potion"},{"floor":21,"key":"Energy Potion"},{"floor":24,"key":"FearPotion"},{"floor":33,"key":"EssenceOfSteel"}],"is_trial":false,"path_per_floor":["M","$","M","M","M","E","M","R","T","R","?","R","?","$","R","B",null,"M","M","?","M","?","R","E","R","T","?","$","M","M","M","R","B",null,"M","?"],"character_chosen":"THE_SILENT","items_purchased":["All Out Attack","Membership Card","Noxious Fumes","DollysMirror"],"campfire_rested":4,"item_purchase_floors":[2,14,28,28],"current_hp_per_floor":[76,76,76,75,73,52,52,75,75,75,75,75,60,60,60,46,77,77,74,74,66,50,73,39,62,62,62,62,48,21,5,28,15,77,61,0,0],"gold":239,"neow_bonus":"TEN_PERCENT_HP_BONUS","is_daily":false,"chose_seed":false,"campfire_upgraded":3,"win_rate":0.0,"timestamp":1610059687,"path_taken":["M","?","M","M","M","E","M","R","T","R","?","R","?","$","R","BOSS","M","M","?","M","?","R","E","R","T","?","$","M","M","M","R","BOSS","M","?"],"items_purchased_type":["Card","Relic","Card","Relic"],"build_version":"2020-12-22","purchased_purges":0,"victory":false,"max_hp_per_floor":[77,77,77,77,77,77,77,77,77,77,77,77,77,77,77,77,77,77,77,77,77,77,77,77,77,77,77,77,77,77,77,77,77,77,77,77,77],"card_choices":[{"not_picked":["Flying Knee","Outmaneuver"],"picked":"Dagger Spray","floor":1},{"not_picked":["hubris:Counter","hubris:SlightOfHand","Acrobatics"],"picked":"SKIP","floor":3},{"not_picked":["Glass Knife","Outmaneuver"],"picked":"Flying Knee","floor":4},{"not_picked":["Blade Dance","Leg Sweep"],"picked":"Dagger Throw","floor":5},{"not_picked":["Night Terror","Outmaneuver","hubris:SlightOfHand"],"picked":"SKIP","floor":6},{"not_picked":["Flying Knee","Acrobatics","hubris:Counter"],"picked":"SKIP","floor":7},{"not_picked":["After Image","Bullet Time"],"picked":"Die Die Die","floor":16},{"not_picked":["Acrobatics+1","Slice"],"picked":"Dagger Spray","floor":18},{"not_picked":["Blade Dance","Acrobatics","Skewer"],"picked":"SKIP","floor":19},{"not_picked":["Blade Dance","hubris:SlightOfHand"],"picked":"Deadly Poison+1","floor":21},{"not_picked":["Finisher+1","Quick Slash+1"],"picked":"Footwork","floor":24},{"not_picked":["Underhanded Strike+1","Tactician","Grand Finale"],"picked":"SKIP","floor":29},{"not_picked":["conspire:DoublingDagger+1","Heel Hook","Reflex+1"],"picked":"SKIP","floor":30},{"not_picked":["Quick Slash","Catalyst"],"picked":"Bane+1","floor":31},{"not_picked":["After Image","Wraith Form v2"],"picked":"Corpse Explosion","floor":33},{"not_picked":["Expertise+1","Outmaneuver+1"],"picked":"All Out Attack+1","floor":35}],"player_experience":962224,"relics_obtained":[{"floor":6,"key":"Mercury Hourglass"},{"floor":9,"key":"Kunai"},{"floor":22,"key":"Necronomicon"},{"floor":24,"key":"Blue Candle"},{"floor":26,"key":"DemoMod:OrangeGuonStone"}],"event_choices":[{"cards_removed":["Strike_G"],"damage_healed":0,"gold_gain":0,"player_choice":"Card Removal","damage_taken":0,"max_hp_gain":0,"max_hp_loss":0,"event_name":"The Cleric","floor":11,"gold_loss":50},{"damage_healed":0,"gold_gain":0,"player_choice":"Entered Light","damage_taken":15,"max_hp_gain":0,"max_hp_loss":0,"event_name":"Shining Light","floor":13,"gold_loss":0,"cards_upgraded":["Defend_G","Defend_G"]},{"cards_removed":["Strike_G"],"damage_healed":0,"gold_gain":0,"player_choice":"Give","damage_taken":0,"max_hp_gain":0,"max_hp_loss":0,"event_name":"betterNote:BetterNote","floor":20,"gold_loss":0,"cards_obtained":["Strike_R"]},{"damage_healed":0,"gold_gain":0,"player_choice":"Obtained Book","damage_taken":16,"max_hp_gain":0,"max_hp_loss":0,"event_name":"Cursed Tome","floor":22,"gold_loss":0},{"damage_healed":0,"gold_gain":0,"player_choice":"Ignored","damage_taken":0,"max_hp_gain":0,"max_hp_loss":0,"event_name":"Ghosts","floor":27,"gold_loss":0}],"is_beta":false,"boss_relics":[{"not_picked":["conspire:RunicOctahedron","Tiny House"],"picked":"HoveringKite"},{"not_picked":["Coffee Dripper","hubris:BlackHole"],"picked":"Pandora\u0027s Box"}],"items_purged_floors":[],"is_endless":false,"potions_floor_spawned":[1,5,7,16,21,24,33],"killed_by":"conspire:MimicChest","ascension_level":0}}