{"host":"vucub2jtaeo9vgh1","time":1610017486,"event":{"mods":["BaseMod","BetterRewards","Minty Spire (QoL Compilation)","Quick Restart","Rare Cards Sparkle","Replay The Spire","StSLib"],"gold_per_floor":[112,129,142,142,142,175,175,20,20,20,48,65,83,83,83,184,184,204,219,219,21,45,77,77,111,111,122,134,33,83,83,83,179,179,193,35,45,60,76,111,111,121,121,121,171,197,216,216,216,216],"floor_reached":51,"playtime":2043,"items_purged":["Regret","Shame","Defend_G"],"score":1330,"play_id":"cf6fe7a3-cf1c-44fd-825f-98f841c6f3f4","local_time":"20210107120446","is_ascension_mode":false,"campfire_choices":[{"floor":10.0,"key":"DIG"},{"data":"Strike_G","floor":15.0,"key":"PURGE"},{"data":"Accuracy","floor":24.0,"key":"SMITH"},{"data":"Phantasmal Killer","floor":32.0,"key":"SMITH"},{"data":"Cloak And Dagger","floor":41.0,"key":"SMITH"},{"data":"Phantasmal Killer","floor":44.0,"key":"SMITH"},{"floor":49.0,"key":"REST"}],"circlet_count":0,"master_deck":["Defend_G","Defend_G","Defend_G+1","Defend_G","Survivor+1","Blade Dance+1","Infinite Blades+1","Well Laid Plans","Slice","Sucker Punch+1","Accuracy+1","Cloak And Dagger","Calculated Gamble","Pot Of Greed","Pot Of Greed","Cloak And Dagger+1","Choke","Prepared","Blade Dance+1","Phantasmal Killer+1","Pot Of Greed","Adrenaline","Infinite Blades","ReplayTheSpireMod:Shiv Toss","Prepared+1","Phantasmal Killer+1"],"relics":["Ring of the Snake","Replay:Multitool","Guide Book","Ornamental Fan","Calipers","War Paint","Pet Ghost","TungstenRod","Tingsha","Ninja Scroll","Philosopher\u0027s Stone","Grinning Jar","ReplayTheSpireMod:TigerMarble","Blood Vial","Juzu Bracelet","ReplayTheSpireMod:CursedCoin","Replay:Drink Me","Paper Crane","Pear","Durian","Iron Hammer"],"acts_visited":["Exordium","TheCity","TheBeyond"],"potions_floor_usage":[50],"damage_taken":[{"damage":0.0,"enemies":"Jaw Worm","floor":1.0,"turns":4.0},{"damage":0.0,"enemies":"2 Louse","floor":2.0,"turns":2.0},{"damage":0.0,"enemies":"Cultist","floor":3.0,"turns":3.0},{"damage":16.0,"enemies":"Lagavulin","floor":6.0,"turns":7.0},{"damage":0.0,"enemies":"3 Sentries","floor":11.0,"turns":5.0},{"damage":0.0,"enemies":"2 Fungi Beasts","floor":12.0,"turns":3.0},{"damage":0.0,"enemies":"Exordium Wildlife","floor":13.0,"turns":2.0},{"damage":5.0,"enemies":"The Guardian","floor":16.0,"turns":11.0},{"damage":5.0,"enemies":"2 Thieves","floor":18.0,"turns":3.0},{"damage":0.0,"enemies":"3 Byrds","floor":19.0,"turns":4.0},{"damage":0.0,"enemies":"Book of Stabbing","floor":23.0,"turns":5.0},{"damage":5.0,"enemies":"Replay:Snechameleon","floor":25.0,"turns":6.0},{"damage":0.0,"enemies":"Snecko","floor":27.0,"turns":1.0},{"damage":0.0,"enemies":"Cultist and Chosen","floor":28.0,"turns":2.0},{"damage":6.0,"enemies":"Pondfish","floor":33.0,"turns":5.0},{"damage":0.0,"enemies":"3 Darklings","floor":35.0,"turns":3.0},{"damage":0.0,"enemies":"Orb Walker","floor":37.0,"turns":2.0},{"damage":2.0,"enemies":"Sphere and 2 Shapes","floor":38.0,"turns":3.0},{"damage":0.0,"enemies":"4 Shapes","floor":39.0,"turns":4.0},{"damage":0.0,"enemies":"R_Hoarder","floor":40.0,"turns":3.0},{"damage":6.0,"enemies":"Writhing Mass","floor":42.0,"turns":3.0},{"damage":0.0,"enemies":"Mind Bloom Boss Battle","floor":45.0,"turns":3.0},{"damage":33.0,"enemies":"Nemesis","floor":46.0,"turns":3.0},{"damage":0.0,"enemies":"Maw","floor":47.0,"turns":4.0},{"damage":26,"enemies":"Donu and Deca","floor":50,"turns":4}],"seed_played":"3019353091196288412","potions_obtained":[{"floor":1.0,"key":"Poison Potion"},{"floor":5.0,"key":"LifebloodPotion"},{"floor":5.0,"key":"DistilledChaos"},{"floor":6.0,"key":"Languid Potion"},{"floor":11.0,"key":"Doom Potion"},{"floor":19.0,"key":"SmokeBomb"},{"floor":25.0,"key":"LiquidMemories"},{"floor":27.0,"key":"LiquidBronze"},{"floor":30.0,"key":"Death Potion"},{"floor":35.0,"key":"DistilledChaos"},{"floor":39.0,"key":"Poison Potion"},{"floor":40.0,"key":"FearPotion"},{"floor":42.0,"key":"Adrenaline Potion"},{"floor":46.0,"key":"CultistPotion"}],"is_trial":false,"path_per_floor":["M","M","M","?","?","E","R","$","T","R","E","M","M","?","R","B",null,"M","M","?","$","T","E","R","E","T","M","M","$","?","?","R","B",null,"M","$","M","M","M","E","R","M","T","R","?","E","M","?","R","B",null],"character_chosen":"THE_SILENT","items_purchased":["Blade Dance","Infinite Blades","Guide Book","Ornamental Fan","Accuracy","Grinning Jar","Cloak And Dagger","ReplayTheSpireMod:CursedCoin","Phantasmal Killer","Infinite Blades"],"campfire_rested":1,"item_purchase_floors":[0,0,0,0,8,21,21,29,29,36],"current_hp_per_floor":[35,35,35,35,35,19,40,40,40,40,40,40,40,34,34,29,70,65,65,65,65,65,65,65,62,62,64,66,66,50,70,70,64,53,53,53,53,51,53,53,53,47,57,57,64,33,35,35,55,31],"gold":216,"neow_bonus":"","is_daily":false,"chose_seed":false,"campfire_upgraded":4,"win_rate":0.0,"timestamp":1610017486,"path_taken":["M","M","M","?","?","E","R","$","T","R","E","?","M","?","R","BOSS","M","M","?","$","?","E","R","E","T","M","M","$","?","?","R","BOSS","M","$","M","M","M","E","R","M","T","R","?","E","M","?","R","BOSS"],"items_purchased_type":["Card","Card","Relic","Relic","Card","Relic","Card","Relic","Card","Card"],"build_version":"2020-12-22","purchased_purges":3,"victory":true,"max_hp_per_floor":[70,70,70,70,70,70,70,70,70,70,70,70,70,70,70,70,70,70,70,70,70,70,70,70,70,70,70,70,70,70,70,70,70,53,53,53,53,53,53,53,53,53,63,63,68,68,68,68,68,68],"card_choices":[{"not_picked":["Deadly Poison","Heel Hook"],"picked":"Slice","floor":1.0},{"not_picked":["Predator","Deadly Poison","Bane"],"picked":"SKIP","floor":2.0},{"not_picked":["Deadly Poison","Outmaneuver"],"picked":"Sucker Punch","floor":3.0},{"not_picked":["Deflect","Dagger Spray","Riddle With Holes"],"picked":"SKIP","floor":6.0},{"not_picked":["Prepared","Bane","ReplayTheSpireMod:The Works"],"picked":"SKIP","floor":11.0},{"not_picked":["Bane","Escape Plan"],"picked":"Cloak And Dagger","floor":12.0},{"not_picked":["Outmaneuver","Deadly Poison","Underhanded Strike"],"picked":"SKIP","floor":13.0},{"not_picked":["Slice","Backflip+1"],"picked":"Calculated Gamble","floor":18.0},{"not_picked":["Slice","ReplayTheSpireMod:Tripwire+1","ReplayTheSpireMod:The Works"],"picked":"SKIP","floor":19.0},{"not_picked":["Dodge and Roll","Deflect"],"picked":"Choke","floor":23.0},{"not_picked":["Acrobatics","Caltrops"],"picked":"Prepared","floor":25.0},{"not_picked":["Hidden Blade","Deflect","Outmaneuver"],"picked":"SKIP","floor":27.0},{"not_picked":["All Out Attack","Acrobatics"],"picked":"Blade Dance+1","floor":28.0},{"not_picked":["Malaise","Glass Knife"],"picked":"Adrenaline","floor":33.0},{"not_picked":["Outmaneuver","Slice","Concentrate+1"],"picked":"SKIP","floor":35.0},{"not_picked":["Toxin Wave","Choke"],"picked":"ReplayTheSpireMod:Shiv Toss","floor":37.0},{"not_picked":["Escape Plan","Heel Hook","Eviscerate+1"],"picked":"SKIP","floor":38.0},{"not_picked":["Backflip+1","Acrobatics"],"picked":"Prepared+1","floor":39.0},{"not_picked":["Dagger Spray+1","Quick Slash+1","Flying Knee+1"],"picked":"SKIP","floor":40.0},{"not_picked":["Fluid Movement+1","Flying Knee"],"picked":"Phantasmal Killer","floor":42.0},{"not_picked":["Backflip","Unload","Dagger Throw"],"picked":"SKIP","floor":46.0},{"not_picked":["Dodge and Roll","PiercingWail+1","Blade Dance"],"picked":"SKIP","floor":47.0}],"player_experience":270087,"relics_obtained":[{"floor":6.0,"key":"Pet Ghost"},{"floor":9.0,"key":"TungstenRod"},{"floor":10.0,"key":"Tingsha"},{"floor":11.0,"key":"Ninja Scroll"},{"floor":22.0,"key":"ReplayTheSpireMod:TigerMarble"},{"floor":23.0,"key":"Blood Vial"},{"floor":25.0,"key":"Juzu Bracelet"},{"floor":40.0,"key":"Paper Crane"},{"floor":43.0,"key":"Pear"},{"floor":45.0,"key":"Durian"},{"floor":46.0,"key":"Iron Hammer"}],"event_choices":[{"damage_healed":0.0,"max_hp_gain":0.0,"max_hp_loss":0.0,"gold_gain":0.0,"event_name":"Big Fish","player_choice":"Box","floor":4.0,"gold_loss":0.0,"damage_taken":0.0,"relics_obtained":["War Paint"],"cards_obtained":["Regret"]},{"damage_healed":0.0,"max_hp_gain":0.0,"max_hp_loss":0.0,"gold_gain":0.0,"event_name":"Lab","player_choice":"Got Potions","floor":5.0,"gold_loss":0.0,"damage_taken":0.0},{"cards_removed":["Strike_G"],"damage_healed":0.0,"max_hp_gain":0.0,"max_hp_loss":0.0,"gold_gain":0.0,"event_name":"Golden Wing","player_choice":"Card Removal","floor":14.0,"gold_loss":0.0,"damage_taken":7.0},{"damage_healed":0.0,"max_hp_gain":0.0,"max_hp_loss":0.0,"gold_gain":0.0,"event_name":"NoteForYourself","player_choice":"Ignored","floor":20.0,"gold_loss":0.0,"damage_taken":0.0},{"damage_healed":23.0,"max_hp_gain":0.0,"max_hp_loss":0.0,"gold_gain":0.0,"event_name":"The Library","player_choice":"Heal","floor":31.0,"gold_loss":0.0,"damage_taken":0.0},{"damage_healed":0.0,"max_hp_gain":0.0,"max_hp_loss":0.0,"gold_gain":0.0,"event_name":"MindBloom","player_choice":"Fight","floor":45.0,"gold_loss":0.0,"damage_taken":0.0},{"cards_removed":["Neutralize"],"damage_healed":0.0,"max_hp_gain":0.0,"max_hp_loss":0.0,"gold_gain":0.0,"event_name":"Falling","player_choice":"Removed Attack","floor":48.0,"gold_loss":0.0,"damage_taken":0.0}],"is_beta":false,"boss_relics":[{"not_picked":["Replay:Bronze Core","Fusion Hammer"],"picked":"Philosopher\u0027s Stone"},{"not_picked":["Sozu","Empty Cage"],"picked":"Replay:Drink Me"}],"items_purged_floors":[8,29,36],"is_endless":false,"potions_floor_spawned":[1,6,11,13,19,25,27,35,39,40,42,46],"ascension_level":0}}