{"host":"28bpuzdckreop5i0","time":1610007647,"event":{"mods":["Act Like it!","Aspiration","BaseMod","Beaked The Cultist","Best Route Mod","BetterRewards","Challenge The Spire","Clawfect","Conspire","Defuse TimeMaze Blight","Downfall","Energized Spire","GifTheSpireLib","Googly Eyes","Hubris","Infinite Spire","Lobotomy","Mimic Mod","Minty Spire (QoL Compilation)","Relic Stats","Replay The Spire","Retaliation","Shop Mod","Spicy Shops","StSLib","Stuff the Spire","The Awakened One except there are too many feathers","The Construct","The Cursed","The Disciple","The Hierophant","The IronCluck","The Jungle","The Runesmith","Thieving Mod","Transform Curses","Wandering Minibosses","slay the spire mod where everything is the same but ironclad has a cowboy hat"],"gold_per_floor":[114,114,124,21,39,39,53,53,53,53,53,67,85,8,8,107,107,127,137,170,170,190,190,190,190,190,190,190,201,58,93,93,192,192,202,202,202,214,214,248,248,261,261,276,296,315,326,26,26,26],"floor_reached":51,"playtime":4332,"items_purged":["Runesmith:Strike_RS"],"score":689,"play_id":"e6d36755-3550-432d-992d-822bdcf707f1","local_time":"20210107022047","is_ascension_mode":false,"campfire_choices":[{"data":"Runesmith:CraftFirestone","floor":6.0,"key":"SMITH"},{"data":"Runesmith:Grindstone","floor":11.0,"key":"SMITH"},{"data":"Runesmith:CraftIndustria","floor":15.0,"key":"SMITH"},{"floor":23.0,"key":"REST"},{"data":"Runesmith:CraftPrismatica","floor":25.0,"key":"SMITH"},{"data":"Runesmith:NegativeSpace","floor":27.0,"key":"SMITH"},{"floor":32.0,"key":"REST"},{"floor":49,"key":"REST"}],"circlet_count":0,"master_deck":["Runesmith:Defend_RS","Runesmith:Defend_RS","Runesmith:Defend_RS","Runesmith:Defend_RS","Runesmith:CraftFirestone+1","Runesmith:Fortify","Runesmith:Augment","Runesmith:CraftSpiculum","Runesmith:UnstableHammer","Runesmith:CraftProtectio","Runesmith:RuneHurl","Runesmith:Grindstone+1","Runesmith:EarthShield","Runesmith:NegativeSpace+1","Runesmith:CraftIndustria+1","Runesmith:CraftPrismatica+1","Runesmith:CraftProtectio","Runesmith:CraftMagma+1","StuffTheSpire:Deluminance","StuffTheSpire:Deluminance","StuffTheSpire:Deluminance","StuffTheSpire:Deluminance","StuffTheSpire:Deluminance","Runesmith:CraftProtectio","Runesmith:LithiumIon","Runesmith:Supernova","Pot Of Greed","Pot Of Greed","Pot Of Greed","Runesmith:UnlimitedPower","Runesmith:UnlimitedPower","StuffTheSpire:Rapture","Parasite","Parasite"],"relics":["Runesmith:BrokenRuby","Bottled Flame","hubris:ScarierMask","StuffTheSpire:BlackoutCurse","Thread and Needle","Grinning Jar","Sozu","hubris:Towel","construct:RocketBooster","Art of War","Torii"],"acts_visited":["Exordium","TheCity","TheBeyond"],"potions_floor_usage":[40,42],"damage_taken":[{"damage":0.0,"enemies":"Small Slimes","floor":1.0,"turns":4.0},{"damage":0.0,"enemies":"2 Louse","floor":3.0,"turns":3.0},{"damage":0.0,"enemies":"Cultist","floor":5.0,"turns":3.0},{"damage":0.0,"enemies":"Exordium Thugs","floor":7.0,"turns":5.0},{"damage":0.0,"enemies":"Red Slaver","floor":12.0,"turns":5.0},{"damage":0.0,"enemies":"Blue Slaver","floor":13.0,"turns":6.0},{"damage":49.0,"enemies":"Fading Forest","floor":16.0,"turns":11.0},{"damage":12.0,"enemies":"Spheric Guardian","floor":18.0,"turns":7.0},{"damage":0.0,"enemies":"2 Thieves","floor":19.0,"turns":4.0},{"damage":5.0,"enemies":"conspire:MimicChest","floor":20.0,"turns":8.0},{"damage":7.0,"enemies":"Shelled Parasite and Fungi","floor":22.0,"turns":8.0},{"damage":12.0,"enemies":"Snake Plant","floor":29.0,"turns":6.0},{"damage":15.0,"enemies":"conspire:SneckoGhost","floor":31.0,"turns":12.0},{"damage":9.0,"enemies":"Champ","floor":33.0,"turns":7.0},{"damage":1.0,"enemies":"Orb Walker","floor":35.0,"turns":7.0},{"damage":14,"enemies":"3 Darklings","floor":38,"turns":5},{"damage":4,"enemies":"beaked:SuperParasite","floor":40,"turns":12},{"damage":0,"enemies":"Maw","floor":42,"turns":8},{"damage":11,"enemies":"Writhing Mass","floor":44,"turns":10},{"damage":0,"enemies":"3 Darklings","floor":45,"turns":4},{"damage":3,"enemies":"Jaw Worm Horde","floor":46,"turns":6},{"damage":0,"enemies":"Writhing Mass","floor":47,"turns":8},{"damage":32,"enemies":"Donu and Deca","floor":50,"turns":15}],"seed_played":"9053942054380918482","potions_obtained":[{"floor":3.0,"key":"DuplicationPotion"},{"floor":5.0,"key":"FearPotion"},{"floor":13.0,"key":"Adrenaline Potion"},{"floor":18.0,"key":"Adrenaline Potion"},{"floor":29.0,"key":"Swift Potion"},{"floor":31.0,"key":"Block Potion"}],"is_trial":false,"path_per_floor":["M","?","M","$","M","R","M","$","T","?","R","M","M","$","R","B",null,"M","M","?","?","M","R","?","R","T","R","?","M","$","E","R","B",null,"M","?","?","M","?","E","?","M","T","M","M","M","M","$","R","B",null],"character_chosen":"RUNESMITH_CLASS","items_purchased":["Runesmith:RuneHurl","Runesmith:Grindstone","Runesmith:CraftIndustria","Runesmith:LithiumIon","Torii"],"campfire_rested":3,"item_purchase_floors":[4,4,14,30,48],"current_hp_per_floor":[49,52,52,52,52,52,52,52,52,52,52,52,52,52,52,13,73,61,61,56,56,49,70,73,73,73,73,73,61,61,46,67,58,73,72,72,72,58,58,54,54,54,54,43,43,40,40,40,61,29],"gold":26,"neow_bonus":"TRANSFORM_TWO_CARDS","is_daily":false,"chose_seed":false,"campfire_upgraded":5,"win_rate":0.0,"timestamp":1610007647,"path_taken":["M","?","M","$","M","R","M","$","T","?","R","?","M","?","R","BOSS","M","M","?","?","M","R","?","R","T","R","?","?","$","E","R","BOSS","M","?","?","M","?","E","?","M","T","M","M","M","?","$","R","BOSS"],"items_purchased_type":["Card","Card","Card","Card","Relic"],"build_version":"2020-12-22","purchased_purges":1,"victory":true,"max_hp_per_floor":[70,73,73,73,73,73,73,73,73,73,73,73,73,73,73,73,73,73,73,73,73,73,73,73,73,73,73,73,73,73,73,73,73,73,73,73,73,73,73,73,73,73,73,73,73,73,73,73,73,73],"relic_stats":{"Sozu":4,"Torii":4,"counters":[23,163],"Art of War":[11],"obtain_stats":[{"Sozu":34,"Runesmith:BrokenRuby":0,"Bottled Flame":9,"construct:RocketBooster":40,"Torii":48,"StuffTheSpire:BlackoutCurse":21,"hubris:ScarierMask":17,"Thread and Needle":26,"ReplayTheSpireMod:TigerMarble":20,"Art of War":43,"Grinning Jar":31,"hubris:Towel":36},{"Sozu":14,"Runesmith:BrokenRuby":0,"Bottled Flame":4,"construct:RocketBooster":17,"Torii":22,"StuffTheSpire:BlackoutCurse":10,"hubris:ScarierMask":7,"Thread and Needle":11,"ReplayTheSpireMod:TigerMarble":10,"Art of War":18,"Grinning Jar":13,"hubris:Towel":15},{"Sozu":89,"Runesmith:BrokenRuby":0,"Bottled Flame":15,"construct:RocketBooster":112,"Torii":148,"StuffTheSpire:BlackoutCurse":56,"hubris:ScarierMask":37,"Thread and Needle":64,"ReplayTheSpireMod:TigerMarble":56,"Art of War":120,"Grinning Jar":82,"hubris:Towel":95}]},"card_choices":[{"not_picked":["Runesmith:RuneHurl","Runesmith:BackupBattery"],"picked":"Runesmith:UnstableHammer","floor":1.0},{"not_picked":["Runesmith:UnstableHammer","Runesmith:LastStand"],"picked":"Runesmith:CraftProtectio","floor":3.0},{"not_picked":["Runesmith:FrozenChisel","Runesmith:WhiteBalance"],"picked":"Runesmith:EarthShield","floor":5.0},{"not_picked":["Runesmith:Grindstone","Runesmith:MakeshiftArmor","Runesmith:GoWithTheFlow"],"picked":"SKIP","floor":7.0},{"not_picked":["Runesmith:HammerThrow","Runesmith:Retool","Runesmith:Electrocute"],"picked":"SKIP","floor":12.0},{"not_picked":["Runesmith:HeatedChisel","Runesmith:Overpower"],"picked":"Runesmith:NegativeSpace","floor":13.0},{"not_picked":["Runesmith:CraftMedicinae","Runesmith:FissionHammer"],"picked":"Runesmith:CraftPrismatica","floor":16.0},{"not_picked":["Runesmith:EnergizedChisel+1","Runesmith:RuneHurl+1"],"picked":"Runesmith:CraftProtectio","floor":18.0},{"not_picked":["Runesmith:RunicBlueprint","Runesmith:Electrocute","Runesmith:BackupBattery"],"picked":"SKIP","floor":19.0},{"not_picked":["Runesmith:UnstableHammer+1","Runesmith:HeatExchange"],"picked":"Runesmith:CraftMagma+1","floor":20.0},{"not_picked":["Runesmith:EnergizedChisel","Runesmith:StaticCage","Runesmith:Electrocute+1"],"picked":"SKIP","floor":22.0},{"not_picked":["Runesmith:EarthShield+1","Runesmith:Retool"],"picked":"Runesmith:CraftProtectio","floor":29.0},{"not_picked":["Runesmith:HammerThrow","Runesmith:ChiselStab"],"picked":"Runesmith:UnlimitedPower","floor":31.0},{"not_picked":["Runesmith:GrandSlam","Runesmith:CreatorForm"],"picked":"Runesmith:UnlimitedPower","floor":33.0},{"not_picked":["Runesmith:StaticCage","Runesmith:EarthShield+1","Runesmith:Grindstone"],"picked":"SKIP","floor":35.0},{"not_picked":["Runesmith:Grindstone","Runesmith:CraftProtectio+1","Runesmith:RuneHurl+1"],"picked":"SKIP","floor":38},{"not_picked":["StuffTheSpire:Harmony","StuffTheSpire:Vigor"],"picked":"StuffTheSpire:Rapture","floor":39},{"not_picked":["Runesmith:HammerAndChisel","Runesmith:Overpower","Runesmith:Repurpose"],"picked":"SKIP","floor":40},{"not_picked":["Runesmith:EarthShield+1","Runesmith:MakeshiftArmor+1","Runesmith:EnergizedChisel"],"picked":"SKIP","floor":42},{"not_picked":["Runesmith:EarthShield+1","Runesmith:ElementalConversion","Runesmith:CraftProtectio+1"],"picked":"SKIP","floor":44},{"not_picked":["Runesmith:CraftMagma","Runesmith:Repurpose","Runesmith:Malloc+1"],"picked":"SKIP","floor":45},{"not_picked":["Runesmith:RuneHurl+1","Runesmith:Augment+1","Runesmith:Repurpose+1"],"picked":"SKIP","floor":46},{"not_picked":["Runesmith:ShiftingStrike+1","Runesmith:LightningRod","Runesmith:EarthShield+1"],"picked":"SKIP","floor":47}],"player_experience":957156,"relics_obtained":[{"floor":9.0,"key":"Bottled Flame"},{"floor":20.0,"key":"ReplayTheSpireMod:TigerMarble"},{"floor":26.0,"key":"Thread and Needle"},{"floor":31.0,"key":"Grinning Jar"},{"floor":40,"key":"construct:RocketBooster"},{"floor":43,"key":"Art of War"}],"event_choices":[{"cards_removed":["Runesmith:Strike_RS"],"damage_healed":0.0,"max_hp_gain":0.0,"max_hp_loss":0.0,"gold_gain":0.0,"event_name":"Bonfire Elementals","player_choice":"Offered Basic","floor":10.0,"gold_loss":0.0,"damage_taken":0.0},{"damage_healed":0.0,"max_hp_gain":0.0,"max_hp_loss":0.0,"gold_gain":0.0,"event_name":"Match and Keep!","player_choice":"0 cards matched","floor":28.0,"gold_loss":0.0,"damage_taken":0.0,"cards_obtained":[]},{"damage_healed":0.0,"max_hp_gain":0.0,"max_hp_loss":0.0,"gold_gain":0.0,"event_name":"Tomb of Lord Red Mask","player_choice":"Ignored","floor":37.0,"gold_loss":0.0,"damage_taken":0.0},{"damage_healed":0,"gold_gain":0,"player_choice":"Ignored","damage_taken":0,"max_hp_gain":0,"max_hp_loss":0,"event_name":"NoteForYourself","floor":41,"gold_loss":0}],"is_beta":false,"boss_relics":[{"not_picked":["Painkiller Herb","Kintsugi"],"picked":"hubris:ScarierMask"},{"not_picked":["aspiration:RitualDagger","hubris:RunicObelisk"],"picked":"Sozu"}],"items_purged_floors":[30],"is_endless":false,"potions_floor_spawned":[3,5,13,18,29,31,40,42,45,46],"ascension_level":0}}