{"host":"nnxvcju6x1qybncj","time":1610036540,"event":{"mods":["BaseMod","Displayed Cursed Tome","Downfall","Evolution","Jorbs\u0027s Wanderer Trilogy","Minty Spire (QoL Compilation)","Quick Restart","StSLib"],"gold_per_floor":[111,111,128,146,221,221,251,251,297,309,309,90,90,116,116,219,219,242,242,242,242,14,14,14,374,426,453,177,194,194,203,203,203,203],"floor_reached":33,"playtime":979,"items_purged":["Strike_R","Strike_R"],"score":324,"play_id":"8aebce3e-04f0-4ba2-814f-8513c9349014","local_time":"20210107172220","is_ascension_mode":true,"campfire_choices":[{"data":"Flame Barrier","floor":6.0,"key":"SMITH"},{"data":"Rampage","floor":8.0,"key":"SMITH"},{"data":"Defend_R","floor":11.0,"key":"SMITH"},{"floor":15.0,"key":"REST"},{"data":"Pommel Strike","floor":23.0,"key":"SMITH"},{"floor":30.0,"key":"REST"},{"floor":32.0,"key":"REST"}],"circlet_count":0,"master_deck":["Strike_R","Defend_R","Defend_R","Defend_R+1","Defend_R+1","Bash+1","Twin Strike","Flame Barrier+1","Rampage+1","Twin Strike","Cleave","Armaments+1","Offering+1","CurseOfTheBell","Pommel Strike+1","Shrug It Off+1","Impervious+1","Twin Strike","Impervious+1","Shrug It Off+1","Uppercut","Flame Barrier+1","Inflame","Twin Strike+1","Shrug It Off+1","Sword Boomerang","J.A.X.+1"],"relics":["Burning Blood","EVO:Axolotl","Smiling Mask","Juzu Bracelet","Boot","Toxic Egg 2","Calling Bell","CeramicFish","Paper Frog","Charon\u0027s Ashes","Anchor","Orrery"],"acts_visited":["Exordium","TheCity"],"potions_floor_usage":[33],"damage_taken":[{"damage":7.0,"enemies":"Jaw Worm","floor":1.0,"turns":3.0},{"damage":6.0,"enemies":"Cultist","floor":3.0,"turns":3.0},{"damage":0.0,"enemies":"2 Louse","floor":4.0,"turns":2.0},{"damage":30.0,"enemies":"3 Sentries","floor":7.0,"turns":10.0},{"damage":2.0,"enemies":"2 Fungi Beasts","floor":10.0,"turns":4.0},{"damage":28.0,"enemies":"Gremlin Nob","floor":14.0,"turns":4.0},{"damage":11.0,"enemies":"Hexaghost","floor":16.0,"turns":8.0},{"damage":8.0,"enemies":"Chosen","floor":18.0,"turns":5.0},{"damage":8.0,"enemies":"2 Thieves","floor":27.0,"turns":4.0},{"damage":8.0,"enemies":"Shelled Parasite and Fungi","floor":29.0,"turns":5.0},{"damage":60,"enemies":"Automaton","floor":33,"turns":6}],"seed_played":"-7304592451184917527","potions_obtained":[{"floor":10.0,"key":"SpeedPotion"},{"floor":14.0,"key":"Block Potion"},{"floor":16.0,"key":"DuplicationPotion"},{"floor":18.0,"key":"champ:CounterPotion"}],"is_trial":false,"path_per_floor":["M","?","M","M","?","R","E","R","T","M","R","$","?","E","R","B",null,"M","?","?","?","$","R","?","?","T","M","$","M","R","?","R","B"],"character_chosen":"IRONCLAD","items_purchased":["Cleave","Boot","Shrug It Off+1","Impervious+1","Impervious+1","Shrug It Off+1","Uppercut","Orrery"],"campfire_rested":3,"item_purchase_floors":[12,12,22,22,28,28,28,28],"current_hp_per_floor":[79,79,79,80,69,69,45,45,45,49,49,49,49,27,51,46,80,78,78,78,78,78,78,63,27,27,25,25,23,48,48,73,13,13],"gold":203,"neow_bonus":"UPGRADE_CARD","is_daily":false,"chose_seed":false,"campfire_upgraded":4,"win_rate":0.0,"timestamp":1610036540,"path_taken":["M","?","?","M","?","R","E","R","T","M","R","$","?","E","R","BOSS","M","?","?","?","$","R","?","?","T","M","?","M","R","?","R","BOSS"],"items_purchased_type":["Card","Relic","Card","Card","Card","Card","Card","Relic"],"build_version":"2020-12-22","purchased_purges":2,"victory":false,"max_hp_per_floor":[80,80,80,80,80,80,80,80,80,80,80,80,80,80,80,80,80,80,80,80,80,80,80,85,85,85,85,85,85,85,85,85,85,85],"card_choices":[{"not_picked":["Headbutt","Wild Strike"],"picked":"Twin Strike","floor":1.0},{"not_picked":["Metallicize","Headbutt"],"picked":"Flame Barrier","floor":3.0},{"not_picked":["Anger","Havoc"],"picked":"Rampage","floor":4.0},{"not_picked":["Dropkick","Reckless Charge"],"picked":"Twin Strike","floor":7.0},{"not_picked":["Body Slam","Anger","Havoc"],"picked":"SKIP","floor":10.0},{"not_picked":["Immolate","Headbutt"],"picked":"Armaments+1","floor":14.0},{"not_picked":["Juggernaut","Impervious+1"],"picked":"Offering+1","floor":16.0},{"not_picked":["Twin Strike","Perfected Strike"],"picked":"Pommel Strike","floor":18.0},{"not_picked":["Fire Breathing","Twin Strike","Anger+1"],"picked":"SKIP","floor":27.0},{"not_picked":["Fire Breathing","Anger+1"],"picked":"Twin Strike","floor":27.0},{"not_picked":["Armaments+1","Pommel Strike"],"picked":"Flame Barrier+1","floor":28.0},{"not_picked":["Twin Strike","Flame Barrier+1"],"picked":"Inflame","floor":28.0},{"not_picked":["Seeing Red+1","Pommel Strike"],"picked":"Twin Strike+1","floor":28.0},{"not_picked":["Cleave","Fiend Fire"],"picked":"Shrug It Off+1","floor":28.0},{"not_picked":["Blood for Blood+1","Havoc+1"],"picked":"Sword Boomerang","floor":28.0},{"not_picked":["Hemokinesis","Rupture","Wild Strike"],"picked":"SKIP","floor":29.0}],"player_experience":666840,"relics_obtained":[{"floor":7.0,"key":"Smiling Mask"},{"floor":9.0,"key":"Juzu Bracelet"},{"floor":14.0,"key":"Toxic Egg 2"},{"floor":17.0,"key":"CeramicFish"},{"floor":17.0,"key":"Paper Frog"},{"floor":17.0,"key":"Charon\u0027s Ashes"},{"floor":26.0,"key":"Anchor"}],"event_choices":[{"damage_healed":0.0,"max_hp_gain":0.0,"max_hp_loss":0.0,"gold_gain":0.0,"event_name":"WeMeetAgain","player_choice":"Ignored","floor":2.0,"gold_loss":0.0,"damage_taken":0.0},{"damage_healed":0.0,"max_hp_gain":0.0,"max_hp_loss":0.0,"gold_gain":75.0,"event_name":"World of Goop","player_choice":"Gather Gold","floor":5.0,"gold_loss":0.0,"damage_taken":11.0},{"damage_healed":0.0,"max_hp_gain":0.0,"max_hp_loss":0.0,"gold_gain":0.0,"event_name":"Living Wall","player_choice":"Grow","floor":13.0,"gold_loss":0.0,"damage_taken":0.0,"cards_upgraded":["Defend_R"]},{"damage_healed":0.0,"max_hp_gain":0.0,"max_hp_loss":0.0,"gold_gain":0.0,"event_name":"Vampires","player_choice":"Ignored","floor":19.0,"gold_loss":0.0,"damage_taken":0.0},{"cards_removed":["Strike_R"],"damage_healed":0.0,"max_hp_gain":0.0,"max_hp_loss":0.0,"gold_gain":0.0,"event_name":"Purifier","player_choice":"Purged","floor":20.0,"gold_loss":0.0,"damage_taken":0.0},{"cards_removed":["Strike_R"],"damage_healed":0.0,"max_hp_gain":0.0,"max_hp_loss":0.0,"gold_gain":0.0,"event_name":"Bonfire Elementals","player_choice":"Offered Basic","floor":21.0,"gold_loss":0.0,"damage_taken":0.0},{"damage_healed":0.0,"max_hp_gain":5.0,"max_hp_loss":0.0,"gold_gain":0.0,"event_name":"Forgotten Altar","player_choice":"Shed Blood","floor":24.0,"gold_loss":0.0,"damage_taken":20.0},{"damage_healed":0.0,"max_hp_gain":0.0,"max_hp_loss":0.0,"gold_gain":360.0,"event_name":"Knowing Skull","player_choice":"GOLD GOLD GOLD GOLD ","floor":25.0,"potions_obtained":[],"gold_loss":0.0,"damage_taken":36.0,"cards_obtained":[]},{"damage_healed":0.0,"max_hp_gain":0.0,"max_hp_loss":0.0,"gold_gain":0.0,"event_name":"Drug Dealer","player_choice":"Obtain J.A.X.","floor":31.0,"gold_loss":0.0,"damage_taken":0.0,"cards_obtained":["J.A.X."]}],"is_beta":false,"boss_relics":[{"not_picked":["Coffee Dripper","Runic Cube"],"picked":"Calling Bell"}],"items_purged_floors":[12,22],"is_endless":false,"potions_floor_spawned":[10,14,16,18],"killed_by":"Automaton","ascension_level":4}}