{"host":"Timothy","time":1610012754,"event":{"mods":["AchievementEnabler","BaseMod","Bestiary","Highlight Path","Minty Spire (QoL Compilation)","Quick Restart","Slay-I"],"gold_per_floor":[115,190,190,59,75,75,92,111,111,111,134,134,153,56,56,132,132,52,64,64,64,79,79,79,79,79,98,118,135,153,171,171,171,171],"floor_reached":33,"playtime":2343,"items_purged":[],"score":466,"play_id":"8c43f68f-398d-4085-87e8-93aced8727e4","local_time":"20210107014554","is_ascension_mode":true,"campfire_choices":[{"data":"Footwork","floor":6.0,"key":"SMITH"},{"data":"Backflip","floor":10.0,"key":"SMITH"},{"floor":12.0,"key":"REST"},{"data":"Accuracy","floor":15.0,"key":"SMITH"},{"floor":23.0,"key":"REST"},{"data":"Footwork","floor":25.0,"key":"SMITH"},{"floor":32.0,"key":"REST"}],"circlet_count":0,"master_deck":["AscendersBane","Strike_G","Strike_G","Strike_G","Strike_G","Defend_G","Defend_G","Defend_G","Defend_G+1","Defend_G","Survivor","Neutralize+1","Accuracy+1","Footwork+1","Backflip+1","Leg Sweep","Infinite Blades","Cloak And Dagger","Tools of the Trade","Footwork+1","Cloak And Dagger","Slice","Venomology","Accuracy","Dash+1","Prepared","Accuracy"],"relics":["SacredBark","Regal Pillow","Runic Pyramid","Tough Bandages"],"acts_visited":["Exordium","TheCity"],"potions_floor_usage":[33],"damage_taken":[{"damage":0.0,"enemies":"2 Louse","floor":1.0,"turns":2.0},{"damage":0.0,"enemies":"Small Slimes","floor":5.0,"turns":5.0},{"damage":0.0,"enemies":"Jaw Worm","floor":7.0,"turns":9.0},{"damage":0.0,"enemies":"Red Slaver","floor":8.0,"turns":7.0},{"damage":0.0,"enemies":"Blue Slaver","floor":13.0,"turns":7.0},{"damage":37.0,"enemies":"Slime Boss","floor":16.0,"turns":19.0},{"damage":9.0,"enemies":"2 Thieves","floor":18.0,"turns":4.0},{"damage":8.0,"enemies":"3 Byrds","floor":19.0,"turns":9.0},{"damage":24.0,"enemies":"Shelled Parasite and Fungi","floor":22.0,"turns":11.0},{"damage":0.0,"enemies":"Centurion and Healer","floor":27.0,"turns":8.0},{"damage":9.0,"enemies":"Snake Plant","floor":28.0,"turns":8.0},{"damage":8.0,"enemies":"Cultist and Chosen","floor":29.0,"turns":8.0},{"damage":0.0,"enemies":"Snecko","floor":30.0,"turns":13.0},{"damage":17.0,"enemies":"3 Cultists","floor":31.0,"turns":7.0},{"damage":65,"enemies":"Automaton","floor":33,"turns":14}],"seed_played":"562665064178699431","potions_obtained":[{"floor":1.0,"key":"Ancient Potion"},{"floor":7.0,"key":"Weak Potion"},{"floor":16.0,"key":"FearPotion"},{"floor":22.0,"key":"Fire Potion"},{"floor":28.0,"key":"ColorlessPotion"}],"is_trial":false,"path_per_floor":["M","?","?","$","M","R","M","M","T","R","T","R","M","$","R","B",null,"M","M","?","$","M","R","?","R","T","M","M","M","M","M","R","B"],"character_chosen":"THE_SILENT","items_purchased":["Footwork","Backflip","Infinite Blades","Cloak And Dagger"],"campfire_rested":3,"item_purchase_floors":[4,4,14,14],"current_hp_per_floor":[59,48,28,28,28,28,28,28,28,28,28,62,62,62,62,25,56,47,39,39,39,15,49,49,49,49,49,40,32,32,15,49,0,0],"gold":171,"neow_bonus":"BOSS_RELIC","is_daily":false,"chose_seed":false,"campfire_upgraded":4,"win_rate":0.0,"timestamp":1610012754,"path_taken":["M","?","?","$","M","R","M","M","T","R","?","R","?","$","R","BOSS","M","M","?","$","M","R","?","R","T","?","M","M","M","M","R","BOSS"],"items_purchased_type":["Card","Card","Card","Card"],"build_version":"2020-12-18","purchased_purges":0,"victory":false,"max_hp_per_floor":[66,66,66,66,66,66,66,66,66,66,66,66,66,66,66,66,66,66,66,66,66,66,66,66,66,66,66,66,66,66,66,66,66,66],"card_choices":[{"not_picked":["Quick Slash","Prepared"],"picked":"Accuracy","floor":1.0},{"not_picked":["Deadly Poison","Dagger Spray","Riddle With Holes"],"picked":"SKIP","floor":5.0},{"not_picked":["Heel Hook","Quick Slash","Deadly Poison"],"picked":"SKIP","floor":7.0},{"not_picked":["Poisoned Stab","Flying Knee","Crippling Poison"],"picked":"SKIP","floor":8.0},{"not_picked":["Calculated Gamble","Dagger Spray"],"picked":"Leg Sweep","floor":13.0},{"not_picked":["Grand Finale","Doppelganger"],"picked":"Tools of the Trade","floor":16.0},{"not_picked":["Predator","Sucker Punch"],"picked":"Footwork","floor":18.0},{"not_picked":["Sucker Punch","Caltrops","Dagger Throw+1"],"picked":"SKIP","floor":19.0},{"not_picked":["Well Laid Plans","Eviscerate"],"picked":"Slice","floor":22.0},{"not_picked":["Sucker Punch","Calculated Gamble"],"picked":"Accuracy","floor":27.0},{"not_picked":["Bouncing Flask","Poisoned Stab","Eviscerate"],"picked":"SKIP","floor":28.0},{"not_picked":["Slice+1","Dagger Spray"],"picked":"Dash+1","floor":29.0},{"not_picked":["Dagger Spray","Deflect"],"picked":"Prepared","floor":30.0},{"not_picked":["Backflip","Outmaneuver+1"],"picked":"Accuracy","floor":31.0}],"player_experience":766132,"relics_obtained":[{"floor":11.0,"key":"Regal Pillow"},{"floor":26.0,"key":"Tough Bandages"}],"event_choices":[{"damage_healed":0.0,"max_hp_gain":0.0,"max_hp_loss":0.0,"gold_gain":75.0,"event_name":"World of Goop","player_choice":"Gather Gold","floor":2.0,"gold_loss":0.0,"damage_taken":11.0},{"damage_healed":0.0,"max_hp_gain":0.0,"max_hp_loss":0.0,"gold_gain":0.0,"event_name":"Shining Light","player_choice":"Entered Light","floor":3.0,"gold_loss":0.0,"damage_taken":20.0,"cards_upgraded":["Neutralize","Defend_G"]},{"damage_healed":0.0,"max_hp_gain":0.0,"max_hp_loss":0.0,"gold_gain":0.0,"event_name":"The Library","player_choice":"Read","floor":20.0,"gold_loss":0.0,"damage_taken":0.0,"cards_obtained":["Cloak And Dagger"]},{"damage_healed":0.0,"max_hp_gain":0.0,"max_hp_loss":0.0,"gold_gain":0.0,"cards_transformed":["Strike_G"],"event_name":"Transmorgrifier","player_choice":"Transformed","floor":24.0,"gold_loss":0.0,"damage_taken":0.0,"cards_obtained":["Venomology"]}],"is_beta":true,"boss_relics":[{"not_picked":["Fusion Hammer","Cursed Key"],"picked":"Runic Pyramid"}],"items_purged_floors":[],"is_endless":false,"potions_floor_spawned":[1,7,16,22,27,28],"killed_by":"Automaton","ascension_level":19}}