{"host":"g76rhe4j5kh9hdf9","time":1610054466,"event":{"mods":["100% Spire Juice","Act Like it!","BaseMod","Better Third Choice","GifTheSpireLib","Minty Spire (QoL Compilation)","Relic Stats","Spicy Shops","StSLib"],"gold_per_floor":[115,115,115,26,50,76,91,101,101,120,120,139,28,28,28,128,128,148,164,64,64,81,108,108,48,48,60,87,87,117,127,127,228,228,247,1246,497,497,516,541,42,70,70,70,70,83,83,23,23,23,23,23,3,29,29],"floor_reached":56,"playtime":2662,"items_purged":["Moonworks:LongDistanceShot","Moonworks:Strike","Moonworks:CookingTime","Normality","Normality","Moonworks:AwakeningOfTalent"],"score":1515,"play_id":"bf5bb54d-ecc6-421f-8946-1efd48263741","local_time":"20210107132106","is_ascension_mode":true,"campfire_choices":[{"data":"Moonworks:IndiscriminateFireSupport","floor":11,"key":"SMITH"},{"data":"Moonworks:Ambush","floor":15,"key":"SMITH"},{"data":"Moonworks:EvilMastermind","floor":24,"key":"SMITH"},{"data":"1","floor":29,"key":"LIFT"},{"data":"2","floor":32,"key":"LIFT"},{"data":"3","floor":45,"key":"LIFT"},{"floor":49,"key":"RECALL"},{"data":"Moonworks:ExtendedPhotonRifle","floor":52,"key":"SMITH"}],"circlet_count":0,"master_deck":["Moonworks:Ambush+1","Moonworks:GoAway+1","Moonworks:IndiscriminateFireSupport+1","Moonworks:MiracleRedBeanIceCream","Moonworks:EvilMastermind+1","Moonworks:LuckyCharm","Moonworks:OutOfAmmo","Moonworks:LuckyCharm","Moonworks:WindyEnchantment","Moonworks:WindyEnchantment+1","Moonworks:Blazing+1","Moonworks:ExtendedPhotonRifle+1","Moonworks:Accelerator+1"],"relics":["Moonworks:Homemark","Snecko Eye","Lantern","The Courier","Mercury Hourglass","Incense Burner","Pandora\u0027s Box","Tiny Chest","Membership Card","Ancient Tea Set","Girya","Frozen Egg 2","Empty Cage","Strange Spoon","Bag of Preparation","Bottled Flame","Anchor","War Paint","Orrery","Pear","Mummified Hand","Calipers","TheAbacus","Bottled Tornado","CaptainsWheel","OrangePellets","Toy Ornithopter","Boot","Toxic Egg 2","Chemical X","Torii"],"acts_visited":["Exordium","TheCity","TheBeyond","TheEnding"],"potions_floor_usage":[28,55,55],"damage_taken":[{"damage":1,"enemies":"Jaw Worm","floor":1,"turns":3},{"damage":22,"enemies":"Gremlin Nob","floor":6,"turns":5},{"damage":0,"enemies":"Cultist","floor":7,"turns":3},{"damage":0,"enemies":"Small Slimes","floor":8,"turns":1},{"damage":0,"enemies":"Gremlin Gang","floor":10,"turns":1},{"damage":0,"enemies":"Looter","floor":12,"turns":2},{"damage":24,"enemies":"The Guardian","floor":16,"turns":6},{"damage":8,"enemies":"Shell Parasite","floor":18,"turns":2},{"damage":4,"enemies":"2 Thieves","floor":19,"turns":1},{"damage":4,"enemies":"3 Cultists","floor":22,"turns":2},{"damage":9,"enemies":"Gremlin Leader","floor":23,"turns":3},{"damage":4,"enemies":"Shelled Parasite and Fungi","floor":27,"turns":2},{"damage":21,"enemies":"Book of Stabbing","floor":28,"turns":2},{"damage":4,"enemies":"Slavers","floor":30,"turns":1},{"damage":0,"enemies":"Centurion and Healer","floor":31,"turns":1},{"damage":12,"enemies":"Collector","floor":33,"turns":3},{"damage":5,"enemies":"3 Darklings","floor":35,"turns":2},{"damage":0,"enemies":"Orb Walker","floor":39,"turns":2},{"damage":0,"enemies":"Giant Head","floor":40,"turns":3},{"damage":0,"enemies":"Nemesis","floor":42,"turns":3},{"damage":0,"enemies":"Maw","floor":46,"turns":2},{"damage":0,"enemies":"Time Eater","floor":50,"turns":2},{"damage":0,"enemies":"Shield and Spear","floor":54,"turns":2},{"damage":1,"enemies":"The Heart","floor":55,"turns":4}],"seed_played":"-7175263963368979783","potions_obtained":[{"floor":8,"key":"Explosive Potion"},{"floor":12,"key":"Regen Potion"},{"floor":18,"key":"Energy Potion"},{"floor":21,"key":"Strength Potion"},{"floor":27,"key":"Moonworks:OneHundredPercentOrangeJuicePotion"},{"floor":31,"key":"EssenceOfSteel"},{"floor":33,"key":"LiquidMemories"},{"floor":46,"key":"DuplicationPotion"}],"is_trial":false,"path_per_floor":["M","?","?","$","T","E","M","M","T","M","R","M","$","?","R","B",null,"M","M","$","?","M","E","R","$","T","M","E","R","E","M","R","B",null,"M","?","$","?","M","E","$","E","T","T","R","M","?","$","R","B",null,"R","$","E","B",null],"character_chosen":"THE_STARBREAKER","items_purchased":["Moonworks:GoAway","Incense Burner","Membership Card","Strange Spoon","Bag of Preparation","Bottled Flame","Anchor","War Paint","Orrery","Pear","Mummified Hand","TheAbacus","Bottled Tornado","CaptainsWheel","OrangePellets","Toy Ornithopter","Chemical X","PowerPotion"],"campfire_rested":0,"item_purchase_floors":[4,13,25,37,37,37,37,37,37,37,37,41,41,41,41,41,48,53],"current_hp_per_floor":[59,59,47,47,47,25,25,25,25,25,25,25,25,30,30,6,65,65,63,63,63,63,65,65,65,65,65,52,52,50,50,50,51,65,63,63,73,73,73,73,73,73,73,73,73,73,71,71,71,71,71,71,71,71,70],"gold":29,"neow_bonus":"BOSS_RELIC","is_daily":false,"chose_seed":false,"campfire_upgraded":4,"win_rate":0.0,"timestamp":1610054466,"path_taken":["M","?","?","$","?","E","M","M","T","M","R","?","$","?","R","BOSS","M","M","$","?","?","E","R","$","T","M","E","R","E","M","R","BOSS","M","?","$","?","?","E","$","E","T","?","R","M","?","?","R","BOSS","R","$","E","BOSS"],"items_purchased_type":["Card","Relic","Relic","Relic","Relic","Relic","Relic","Relic","Relic","Relic","Relic","Relic","Relic","Relic","Relic","Relic","Relic","Potion"],"build_version":"2020-12-22","purchased_purges":6,"victory":true,"max_hp_per_floor":[60,60,60,60,60,60,60,60,60,60,60,60,60,65,65,65,65,65,65,65,65,65,65,65,65,65,65,65,65,65,65,65,65,65,65,65,75,75,75,75,75,75,75,75,75,75,71,71,71,71,71,71,71,71,71],"relic_stats":{"Torii":0,"counters":[24,57],"Bag of Preparation":[14],"War Paint":["Moonworks:GoAway","Moonworks:WindyEnchantment"],"Boot":[0],"Mercury Hourglass":[183],"Strange Spoon":[10],"OrangePellets":[6],"TheAbacus":[72],"Mummified Hand":[31],"Snecko Eye":[73,56,56,63],"Pandora\u0027s Box":["Moonworks:Bloodlust","Moonworks:LuckyCharm","Moonworks:CookingTime","Moonworks:IntelligenceOfficer","Moonworks:OutOfAmmo","Moonworks:CookingTime","Moonworks:LuckyCharm"],"Tiny Chest":1,"Chemical X":[12],"obtain_stats":[{"Lantern":5,"Calipers":40,"Torii":54,"Incense Burner":13,"Bag of Preparation":37,"Bottled Tornado":41,"Ancient Tea Set":26,"Empty Cage":34,"Boot":42,"TheAbacus":41,"Mummified Hand":37,"Tiny Chest":23,"Chemical X":48,"Toxic Egg 2":44,"Girya":28,"Pear":37,"The Courier":6,"Frozen Egg 2":30,"War Paint":37,"Mercury Hourglass":9,"Strange Spoon":37,"OrangePellets":41,"Bottled Flame":37,"Anchor":37,"CaptainsWheel":41,"Moonworks:Homemark":0,"Snecko Eye":0,"Orrery":37,"Pandora\u0027s Box":17,"Membership Card":25,"Toy Ornithopter":41,"Moonworks:BrokenBomb":0},{"Lantern":1,"Calipers":19,"Torii":23,"Incense Burner":6,"Bag of Preparation":17,"Bottled Tornado":19,"Ancient Tea Set":11,"Empty Cage":16,"Boot":20,"TheAbacus":19,"Mummified Hand":17,"Tiny Chest":11,"Chemical X":21,"Toxic Egg 2":20,"Girya":13,"Pear":17,"The Courier":2,"Frozen Egg 2":14,"War Paint":17,"Mercury Hourglass":4,"Strange Spoon":17,"OrangePellets":19,"Bottled Flame":17,"Anchor":17,"CaptainsWheel":19,"Moonworks:Homemark":0,"Snecko Eye":0,"Orrery":17,"Pandora\u0027s Box":7,"Membership Card":11,"Toy Ornithopter":19,"Moonworks:BrokenBomb":0},{"Lantern":3,"Calipers":45,"Torii":53,"Incense Burner":15,"Bag of Preparation":40,"Bottled Tornado":45,"Ancient Tea Set":29,"Empty Cage":38,"Boot":48,"TheAbacus":45,"Mummified Hand":40,"Tiny Chest":29,"Chemical X":50,"Toxic Egg 2":48,"Girya":33,"Pear":40,"The Courier":8,"Frozen Egg 2":34,"War Paint":40,"Mercury Hourglass":12,"Strange Spoon":40,"OrangePellets":45,"Bottled Flame":40,"Anchor":40,"CaptainsWheel":45,"Moonworks:Homemark":0,"Snecko Eye":0,"Orrery":40,"Pandora\u0027s Box":21,"Membership Card":29,"Toy Ornithopter":45,"Moonworks:BrokenBomb":0}],"Toy Ornithopter":0},"card_choices":[{"not_picked":["Moonworks:SakisCookie","Moonworks:FullSpeedAlicianrone","Moonworks:BigBangBell"],"picked":"SKIP","floor":1},{"not_picked":["Moonworks:Assault","Moonworks:BigMagnum"],"picked":"Moonworks:IndiscriminateFireSupport","floor":6},{"not_picked":["Moonworks:AngelHand","Moonworks:TreasureThief","Moonworks:Heat300Percent"],"picked":"SKIP","floor":7},{"not_picked":["Moonworks:BindingChains","Moonworks:CloudOfSeagulls","Moonworks:ForcedRevival"],"picked":"SKIP","floor":8},{"not_picked":["Moonworks:DeployBits","Moonworks:IndiscriminateFireSupport","Moonworks:ExtendedPhotonRifle"],"picked":"SKIP","floor":10},{"not_picked":["Moonworks:BackdoorTrade","Moonworks:BigMagnum"],"picked":"Moonworks:MiracleRedBeanIceCream","floor":12},{"not_picked":["Moonworks:OutOfAmmo","Moonworks:StarBlastingFuse"],"picked":"Moonworks:EvilMastermind","floor":16},{"not_picked":["Moonworks:JonathanRush","Moonworks:IndiscriminateFireSupport","Moonworks:NicePresent"],"picked":"SKIP","floor":18},{"not_picked":["Moonworks:ImOnFire","Moonworks:RedAndBlue","Moonworks:JonathanRush"],"picked":"SKIP","floor":19},{"not_picked":["Moonworks:BeyondHell","Moonworks:Assault","Moonworks:SakisCookie+1"],"picked":"SKIP","floor":22},{"not_picked":["Moonworks:RagingMadness","Moonworks:LulusLuckyEgg"],"picked":"Moonworks:WindyEnchantment","floor":23},{"not_picked":["Moonworks:LulusLuckyEgg+1","Moonworks:BeyondHell","Moonworks:FinalBattle"],"picked":"SKIP","floor":27},{"not_picked":["Moonworks:ReproductionOfRecords","Moonworks:SelfDestruct","Moonworks:AngelHand"],"picked":"SKIP","floor":28},{"not_picked":["Moonworks:RagingMadness+1","Moonworks:CloudOfSeagulls","Moonworks:LulusLuckyEgg+1"],"picked":"SKIP","floor":30},{"not_picked":["Moonworks:CloudOfSeagulls+1","Moonworks:ImOnFire+1"],"picked":"Moonworks:WindyEnchantment","floor":31},{"not_picked":["Moonworks:SubspaceTunnel","Moonworks:ReflectiveShell+1"],"picked":"Moonworks:Blazing+1","floor":33},{"not_picked":["Moonworks:EvilSpyWorkPreparation+1","Moonworks:RedAndBlue+1"],"picked":"Moonworks:ExtendedPhotonRifle","floor":35},{"not_picked":["Moonworks:MiracleRedBeanIceCream","Moonworks:BeyondHell+1"],"picked":"Moonworks:Accelerator+1","floor":37},{"not_picked":["Moonworks:SakisCookie+1","Moonworks:HolyNight+1","Moonworks:ImOnFire"],"picked":"SKIP","floor":39},{"not_picked":["Moonworks:IndiscriminateFireSupport+1","Moonworks:Poppoformation+1","Moonworks:TreasureThief"],"picked":"SKIP","floor":40},{"not_picked":["Moonworks:SakisCookie","Moonworks:EvilSpyWorkPreparation+1","Moonworks:Dash+1"],"picked":"SKIP","floor":42},{"not_picked":["Moonworks:NicePresent+1","Moonworks:JonathanRush","Moonworks:CastOff+1"],"picked":"SKIP","floor":46},{"not_picked":["Moonworks:Assault+1","Moonworks:ImOnFire+1","Moonworks:CompletionReward"],"picked":"SKIP","floor":54}],"player_experience":456537,"relics_obtained":[{"floor":5,"key":"Lantern"},{"floor":6,"key":"The Courier"},{"floor":9,"key":"Mercury Hourglass"},{"floor":23,"key":"Tiny Chest"},{"floor":26,"key":"Ancient Tea Set"},{"floor":28,"key":"Girya"},{"floor":30,"key":"Frozen Egg 2"},{"floor":40,"key":"Calipers"},{"floor":42,"key":"Boot"},{"floor":44,"key":"Toxic Egg 2"},{"floor":54,"key":"Torii"}],"event_choices":[{"damage_healed":0,"gold_gain":0,"player_choice":"Ignored","damage_taken":115,"max_hp_gain":0,"max_hp_loss":0,"event_name":"betterThird:BetterSerpent","floor":2,"gold_loss":0},{"damage_healed":59,"gold_gain":0,"player_choice":"Upgrade","damage_taken":12,"max_hp_gain":0,"max_hp_loss":60,"event_name":"betterThird:BetterShining","floor":3,"gold_loss":0,"cards_upgraded":["Moonworks:Strike","Moonworks:Defend"]},{"damage_healed":0,"gold_gain":0,"player_choice":"Donut","damage_taken":0,"max_hp_gain":5,"max_hp_loss":0,"event_name":"Big Fish","floor":14,"gold_loss":0},{"damage_healed":0,"gold_gain":0,"player_choice":"Got Potions","damage_taken":0,"max_hp_gain":0,"max_hp_loss":0,"event_name":"Lab","floor":21,"gold_loss":0},{"damage_healed":0,"gold_gain":999,"player_choice":"Gold","damage_taken":0,"max_hp_gain":0,"max_hp_loss":0,"event_name":"MindBloom","floor":36,"gold_loss":0,"cards_obtained":["Normality","Normality"]},{"damage_healed":0,"gold_gain":0,"cards_transformed":["Moonworks:Bloodlust"],"player_choice":"Transformed","damage_taken":0,"max_hp_gain":0,"max_hp_loss":0,"event_name":"Transmorgrifier","floor":38,"gold_loss":0,"cards_obtained":["Moonworks:AwakeningOfTalent"]},{"damage_healed":0,"gold_gain":0,"player_choice":"Max HP","damage_taken":0,"max_hp_gain":0,"max_hp_loss":4,"event_name":"Winding Halls","floor":47,"gold_loss":0}],"is_beta":false,"boss_relics":[{"not_picked":["Busted Crown","Sozu"],"picked":"Pandora\u0027s Box"},{"not_picked":["Philosopher\u0027s Stone","SlaversCollar"],"picked":"Empty Cage"}],"items_purged_floors":[4,13,20,37,37,41],"is_endless":false,"potions_floor_spawned":[8,12,16,18,23,27,31,33,35,40,46],"ascension_level":1}}