{"host":"y1gy3vaohdji07z5","time":1610039790,"event":{"mods":["AchievementEnabler","BaseMod","Colored Map","Colored Powertips","Hermit","Minty Spire (QoL Compilation)","Random Character Button","Rare Cards Sparkle","StSLib"],"gold_per_floor":[114,132,151,161,336,336,336,336],"floor_reached":7,"playtime":551,"items_purged":[],"score":49,"play_id":"80bdc3ef-329f-486b-88f6-ba10e636e204","local_time":"20210107181630","is_ascension_mode":true,"campfire_choices":[{"data":"hermit:TakeCover","floor":6,"key":"SMITH"}],"circlet_count":0,"master_deck":["hermit:Strike_Hermit","hermit:Strike_Hermit","hermit:Strike_Hermit","hermit:Defend_Hermit","hermit:Defend_Hermit","hermit:Defend_Hermit","hermit:Defend_Hermit","hermit:Covet","Normality","hermit:FullyLoaded","hermit:Misfire","hermit:TakeCover+1","hermit:HighCaliber","hermit:GhostlyPresence","Doubt"],"relics":["hermit:Momento"],"acts_visited":["Exordium"],"potions_floor_usage":[7,7],"damage_taken":[{"damage":5,"enemies":"Small Slimes","floor":1,"turns":4},{"damage":1,"enemies":"2 Louse","floor":2,"turns":3},{"damage":9,"enemies":"Jaw Worm","floor":3,"turns":6},{"damage":8,"enemies":"Blue Slaver","floor":4,"turns":5},{"damage":66,"enemies":"Gremlin Nob","floor":7,"turns":5}],"seed_played":"-595826067705780910","potions_obtained":[{"floor":1,"key":"Fruit Juice"},{"floor":3,"key":"Strength Potion"}],"is_trial":false,"path_per_floor":["M","M","M","M","?","R","E"],"character_chosen":"HERMIT","items_purchased":[],"campfire_rested":0,"item_purchase_floors":[],"current_hp_per_floor":[70,69,60,52,52,52,0,0],"gold":336,"neow_bonus":"TRANSFORM_TWO_CARDS","is_daily":false,"chose_seed":false,"campfire_upgraded":1,"win_rate":0.0,"timestamp":1610039790,"path_taken":["M","M","M","M","?","R","E"],"items_purchased_type":[],"build_version":"2020-12-22","purchased_purges":0,"victory":false,"max_hp_per_floor":[75,75,75,75,75,75,80,80],"card_choices":[{"not_picked":["hermit:Snipe","hermit:Coalescence","hermit:HoleUp"],"picked":"SKIP","floor":1},{"not_picked":["hermit:PistolWhip","hermit:Ricochet"],"picked":"hermit:TakeCover","floor":2},{"not_picked":["hermit:ItchyTrigger","hermit:GhostlyPresence"],"picked":"hermit:HighCaliber","floor":3},{"not_picked":["hermit:LoneWolf","hermit:SprayPray"],"picked":"hermit:GhostlyPresence","floor":4}],"player_experience":402560,"relics_obtained":[],"event_choices":[{"damage_healed":0,"gold_gain":175,"player_choice":"AGREE","damage_taken":0,"max_hp_gain":0,"max_hp_loss":0,"event_name":"Liars Game","floor":5,"gold_loss":0,"cards_obtained":["Doubt"]}],"is_beta":false,"boss_relics":[],"items_purged_floors":[],"is_endless":false,"potions_floor_spawned":[1,3],"killed_by":"Gremlin Nob","ascension_level":3}}