{"host":"bg8va46pgqgvtzim","time":1610024381,"event":{"mods":["BaseMod","Minty Spire (QoL Compilation)","Quick Restart","StSLib","SuperFastMode","¡¾ÒÅÎï¿¨ÅÆ¡¿REMEMod"],"gold_per_floor":[110,128,146,161,161,195,195,226,299,311,311,311,344,359,359,455,455,473,246,266,280,299,331,331,358,358,358,386,386,412,432,432,533,533,551,551,570,323,336,370,420,453,533,563,563,222,241,241,241,241,241,241,84,116,116],"floor_reached":56,"playtime":1542,"items_purged":["Strike_P","Strike_P+1","Strike_P+1"],"score":1647,"play_id":"e137bb91-b7eb-4a94-b3ab-bdbac53aea4c","local_time":"20210107205941","is_ascension_mode":true,"campfire_choices":[{"data":"Apotheosis","floor":7.0,"key":"SMITH"},{"data":"Collect","floor":11.0,"key":"SMITH"},{"data":"Vault","floor":15.0,"key":"SMITH"},{"data":"REME_Flogging","floor":24.0,"key":"SMITH"},{"data":"Scrawl","floor":27.0,"key":"SMITH"},{"floor":29.0,"key":"RECALL"},{"floor":32.0,"key":"REST"},{"data":"DeusExMachina","floor":45.0,"key":"SMITH"},{"data":"Pray","floor":49.0,"key":"SMITH"},{"data":"Eruption","floor":52.0,"key":"SMITH"}],"circlet_count":0,"master_deck":["Strike_P+1","Defend_P","Defend_P+1","Defend_P+1","Eruption+1","Vigilance+1","Apotheosis+1","MentalFortress+1","CrushJoints","Prostrate","BowlingBash","Collect+1","Vault+1","FearNoEvil","FlurryOfBlows+1","LessonLearned+1","FlurryOfBlows+1","Vault+1","Scrawl+1","REME_Flogging+1","REME_Flogging+1","EmptyMind+1","Madness+1","Scrawl+1","Panache+1","Deep Breath","Tantrum+1","REME_MawOfCthun","DeusExMachina+1","Meditate+1","Pray+1","Trip","Madness","Body Slam+1"],"relics":["PureWater","REME_ComplimentaryCards","Mango","REME_IWantAll","Sundial","Art of War","REME_LowDesire","Toy Ornithopter","Pen Nib","DollysMirror","Pear","Tiny Chest","Bottled Lightning","Potion Belt","Boot","Runic Dome","TheAbacus","StrikeDummy","GoldenEye","Pantograph","REME_PuzzleBoxRelic","PrismaticShard","Medical Kit","Akabeko"],"acts_visited":["Exordium","TheCity","TheBeyond","TheEnding"],"potions_floor_usage":[55,55,55,55],"damage_taken":[{"damage":0.0,"enemies":"Jaw Worm","floor":1.0,"turns":3.0},{"damage":0.0,"enemies":"Cultist","floor":2.0,"turns":2.0},{"damage":0.0,"enemies":"Small Slimes","floor":3.0,"turns":3.0},{"damage":2.0,"enemies":"Exordium Thugs","floor":4.0,"turns":4.0},{"damage":10.0,"enemies":"3 Sentries","floor":6.0,"turns":7.0},{"damage":20.0,"enemies":"Gremlin Nob","floor":8.0,"turns":4.0},{"damage":1.0,"enemies":"Large Slime","floor":10.0,"turns":6.0},{"damage":7.0,"enemies":"3 Sentries","floor":13.0,"turns":6.0},{"damage":0.0,"enemies":"2 Fungi Beasts","floor":14.0,"turns":4.0},{"damage":0.0,"enemies":"Slime Boss","floor":16.0,"turns":8.0},{"damage":0.0,"enemies":"3 Byrds","floor":18.0,"turns":5.0},{"damage":0.0,"enemies":"2 Thieves","floor":20.0,"turns":3.0},{"damage":0.0,"enemies":"Cultist and Chosen","floor":21.0,"turns":5.0},{"damage":2.0,"enemies":"Centurion and Healer","floor":22.0,"turns":4.0},{"damage":19.0,"enemies":"Book of Stabbing","floor":23.0,"turns":8.0},{"damage":3.0,"enemies":"REME_1_Revenger","floor":25.0,"turns":5.0},{"damage":1.0,"enemies":"Slavers","floor":28.0,"turns":4.0},{"damage":0.0,"enemies":"REME_1_Revenger","floor":30.0,"turns":3.0},{"damage":0.0,"enemies":"Sentry and Sphere","floor":31.0,"turns":2.0},{"damage":18.0,"enemies":"Automaton","floor":33.0,"turns":6.0},{"damage":0.0,"enemies":"Orb Walker","floor":35.0,"turns":1.0},{"damage":0.0,"enemies":"3 Darklings","floor":37.0,"turns":2.0},{"damage":0.0,"enemies":"Maw","floor":39.0,"turns":3.0},{"damage":0.0,"enemies":"Giant Head","floor":40.0,"turns":2.0},{"damage":0.0,"enemies":"Mind Bloom Boss Battle","floor":41.0,"turns":3.0},{"damage":0.0,"enemies":"Reptomancer","floor":42.0,"turns":4.0},{"damage":0.0,"enemies":"Nemesis","floor":44.0,"turns":3.0},{"damage":0.0,"enemies":"Sphere and 2 Shapes","floor":47.0,"turns":2.0},{"damage":43.0,"enemies":"Time Eater","floor":50.0,"turns":6.0},{"damage":0.0,"enemies":"Shield and Spear","floor":54.0,"turns":1.0},{"damage":15,"enemies":"The Heart","floor":55,"turns":5}],"seed_played":"2707357944010316387","potions_obtained":[{"floor":1.0,"key":"Weak Potion"},{"floor":4.0,"key":"SpeedPotion"},{"floor":8.0,"key":"LiquidBronze"},{"floor":12.0,"key":"PowerPotion"},{"floor":18.0,"key":"DuplicationPotion"},{"floor":25.0,"key":"Fruit Juice"},{"floor":31.0,"key":"GamblersBrew"},{"floor":33.0,"key":"Swift Potion"},{"floor":35.0,"key":"Energy Potion"},{"floor":40.0,"key":"LiquidMemories"},{"floor":44.0,"key":"Strength Potion"}],"is_trial":false,"path_per_floor":["M","M","M","M","?","E","R","E","T","M","R","?","E","M","R","B",null,"M","$","M","M","M","E","R","E","T","R","E","R","E","M","R","B",null,"M","?","M","$","M","E","?","E","T","E","R","$","M","?","R","B",null,"R","$","E","B",null],"character_chosen":"WATCHER","items_purchased":["DollysMirror","TheAbacus","Pray","PrismaticShard","Medical Kit"],"campfire_rested":1,"item_purchase_floors":[19,38,46,46,53],"current_hp_per_floor":[65,65,65,63,63,67,67,47,47,46,46,46,39,39,39,39,79,79,79,79,79,77,70,70,67,67,67,66,66,66,66,89,71,89,89,89,89,89,89,94,94,94,94,94,94,94,94,84,84,51,94,94,94,94,94],"gold":116,"neow_bonus":"RANDOM_COLORLESS_2","is_daily":false,"chose_seed":false,"campfire_upgraded":8,"win_rate":0.0,"timestamp":1610024381,"path_taken":["M","M","M","M","?","E","R","E","T","?","R","?","E","M","R","BOSS","M","$","M","M","M","E","R","E","T","R","E","R","E","M","R","BOSS","M","?","M","$","M","E","?","E","T","E","R","$","M","?","R","BOSS","R","$","E","BOSS"],"items_purchased_type":["Relic","Relic","Card","Relic","Relic"],"build_version":"2020-12-22","purchased_purges":3,"victory":true,"max_hp_per_floor":[65,65,65,65,65,79,79,79,79,79,79,79,79,79,79,79,79,79,79,79,79,79,89,89,89,89,89,89,89,89,89,89,89,89,89,89,89,89,89,94,94,94,94,94,94,94,94,94,94,94,94,94,94,94,94],"card_choices":[{"not_picked":["Thinking Ahead","Secret Technique"],"picked":"Apotheosis","floor":0.0},{"not_picked":["FollowUp","ThirdEye"],"picked":"MentalFortress","floor":1.0},{"not_picked":["Study","ClearTheMind"],"picked":"CrushJoints","floor":2.0},{"not_picked":["ClearTheMind","Worship"],"picked":"Prostrate","floor":3.0},{"not_picked":["MentalFortress","EmptyBody"],"picked":"BowlingBash","floor":4.0},{"not_picked":["Halt","Crescendo"],"picked":"Collect","floor":6.0},{"not_picked":["CutThroughFate","FlyingSleeves"],"picked":"Vault","floor":8.0},{"not_picked":["SashWhip","ThirdEye","Establishment"],"picked":"SKIP","floor":10.0},{"not_picked":["ReachHeaven","Swivel"],"picked":"FearNoEvil","floor":13.0},{"not_picked":["Halt","ClearTheMind"],"picked":"FlurryOfBlows","floor":14.0},{"not_picked":["Devotion","DevaForm"],"picked":"LessonLearned","floor":16.0},{"not_picked":["REME_Repentance","FlyingSleeves","Finesse"],"picked":"FlurryOfBlows+1","floor":18.0},{"not_picked":["Fasting2","JustLucky","Panache"],"picked":"Scrawl","floor":20.0},{"not_picked":["ThirdEye","ClearTheMind","Swivel","Violence"],"picked":"SKIP","floor":21.0},{"not_picked":["SashWhip","Crescendo+1","Consecrate","Sadistic Nature"],"picked":"SKIP","floor":22.0},{"not_picked":["Devotion","LikeWater","Crescendo"],"picked":"REME_Flogging","floor":23.0},{"not_picked":["Judgement","WreathOfFlame","SignatureMove","Mayhem"],"picked":"SKIP","floor":25.0},{"not_picked":["CrushJoints","FlurryOfBlows","JustLucky+1"],"picked":"REME_Flogging","floor":28.0},{"not_picked":["Fasting2","PathToVictory","Thinking Ahead"],"picked":"EmptyMind+1","floor":30.0},{"not_picked":["EmptyBody","Consecrate","WindmillStrike"],"picked":"Madness","floor":31.0},{"not_picked":["REME_EmptyShield","REME_WorshipGod","REME_BuildACard"],"picked":"Scrawl","floor":33.0},{"not_picked":["ClearTheMind+1","FlyingSleeves","PathToVictory+1"],"picked":"Panache","floor":35.0},{"not_picked":["Nirvana+1","Establishment","Crescendo+1"],"picked":"Deep Breath","floor":37.0},{"not_picked":["JustLucky+1","REME_Repentance+1","Magnetism"],"picked":"Tantrum","floor":39.0},{"not_picked":["WreathOfFlame","SignatureMove","REME_Repentance"],"picked":"REME_MawOfCthun","floor":40.0},{"not_picked":["WindmillStrike","BowlingBash","REME_ShortnessOfBreath+1"],"picked":"DeusExMachina","floor":42.0},{"not_picked":["FlurryOfBlows","SignatureMove+1","REME_MagicPocketWatch+1"],"picked":"Meditate+1","floor":44.0},{"not_picked":["Inflame","Flame Barrier","WreathOfFlame","Secret Weapon"],"picked":"SKIP","floor":47.0},{"not_picked":["REME_ShortnessOfBreath","Swift Strike"],"picked":"Trip","floor":48.0},{"not_picked":["Jack Of All Trades","Discovery"],"picked":"Madness","floor":48.0},{"not_picked":["REME_MagicPocketWatch","Wild Strike+1","REME_TwoStrings+1"],"picked":"Body Slam+1","floor":54.0}],"player_experience":2242495,"relics_obtained":[{"floor":6.0,"key":"Mango"},{"floor":8.0,"key":"REME_IWantAll"},{"floor":9.0,"key":"Sundial"},{"floor":13.0,"key":"Art of War"},{"floor":17.0,"key":"Toy Ornithopter"},{"floor":17.0,"key":"Pen Nib"},{"floor":23.0,"key":"Pear"},{"floor":25.0,"key":"Tiny Chest"},{"floor":26.0,"key":"Bottled Lightning"},{"floor":28.0,"key":"Potion Belt"},{"floor":30.0,"key":"Boot"},{"floor":40.0,"key":"StrikeDummy"},{"floor":41.0,"key":"GoldenEye"},{"floor":42.0,"key":"Pantograph"},{"floor":44.0,"key":"REME_PuzzleBoxRelic"},{"floor":54.0,"key":"Akabeko"}],"event_choices":[{"cards_removed":["Defend_P"],"damage_healed":0.0,"max_hp_gain":0.0,"max_hp_loss":0.0,"gold_gain":0.0,"event_name":"Bonfire Elementals","player_choice":"Offered Basic","floor":5.0,"gold_loss":0.0,"damage_taken":0.0},{"damage_healed":0.0,"max_hp_gain":0.0,"max_hp_loss":0.0,"gold_gain":0.0,"event_name":"Lab","player_choice":"Got Potions","floor":12.0,"gold_loss":0.0,"damage_taken":0.0},{"damage_healed":0.0,"max_hp_gain":0.0,"max_hp_loss":0.0,"gold_gain":0.0,"event_name":"Tomb of Lord Red Mask","player_choice":"Ignored","floor":36.0,"gold_loss":0.0,"damage_taken":0.0},{"damage_healed":0.0,"max_hp_gain":0.0,"max_hp_loss":0.0,"gold_gain":0.0,"event_name":"MindBloom","player_choice":"Fight","floor":41.0,"gold_loss":0.0,"damage_taken":0.0},{"damage_healed":0.0,"max_hp_gain":0.0,"max_hp_loss":0.0,"gold_gain":0.0,"event_name":"SensoryStone","player_choice":"Memory 3","floor":48.0,"gold_loss":0.0,"damage_taken":10.0}],"is_beta":false,"boss_relics":[{"not_picked":["REME_ChargedStone","Velvet Choker"],"picked":"REME_LowDesire"},{"not_picked":["Snecko Eye","Cursed Key"],"picked":"Runic Dome"}],"items_purged_floors":[19,38,46],"is_endless":false,"potions_floor_spawned":[1,4,8,14,18,21,25,31,33,35,40,44,54],"ascension_level":1}}