{"host":"760a56s19xsdubqb","time":1610058783,"event":{"mods":["BaseMod","Minty Spire (QoL Compilation)","Quick Restart","Remove Card Discount Mod","StSLib"],"gold_per_floor":[113,91,91,91,104,121,136,147,147,173,193,219,219,250,250,351,351,363,381,381,398,408,443,443,443,443,458,310,329,365,385,385,490,490,507,507,507,526,546,546,557,577,577,586,586,586],"floor_reached":45,"playtime":3071,"items_purged":[],"score":831,"play_id":"c1b0740a-8ee6-42b1-adc4-3d468fe3e1df","local_time":"20210107173303","daily_mods":["SealedDeck","Hoarder","Heirloom"],"is_ascension_mode":false,"campfire_choices":[{"data":"Backstab","floor":15,"key":"SMITH"},{"floor":25,"key":"REST"},{"floor":32,"key":"REST"},{"floor":40,"key":"REST"}],"circlet_count":0,"master_deck":["Blade Dance","Blade Dance","Blade Dance","Deadly Poison","Deadly Poison","Deadly Poison","Backstab+1","Backstab+1","Backstab","Finisher","Finisher","Finisher","Dagger Spray","Dagger Spray","Dagger Spray","Noxious Fumes","Noxious Fumes","Backstab","Backstab","Backstab","Blade Dance","Blade Dance","Blade Dance","Cloak And Dagger","Cloak And Dagger","Cloak And Dagger","Accuracy","Accuracy","Accuracy","Caltrops","Caltrops","Caltrops","Blade Dance","Blade Dance","Blade Dance","Blade Dance","Blade Dance","Blade Dance","Infinite Blades","Infinite Blades","Infinite Blades","Corpse Explosion","Corpse Explosion","Corpse Explosion","Corpse Explosion","Corpse Explosion","Corpse Explosion","Die Die Die","Die Die Die","Die Die Die","After Image","After Image","After Image","Cloak And Dagger+1","Cloak And Dagger+1","Cloak And Dagger+1","Panache","Panache","Panache"],"relics":["Ring of the Snake","Gambling Chip","Sundial","Letter Opener","Regal Pillow","Toy Ornithopter","Busted Crown","Ancient Tea Set","CeramicFish","Paper Crane","Vajra","Omamori","Black Star","Ninja Scroll"],"acts_visited":["Exordium","TheCity","TheBeyond"],"potions_floor_usage":[39],"damage_taken":[{"damage":0,"enemies":"Jaw Worm","floor":1,"turns":1},{"damage":0,"enemies":"Small Slimes","floor":5,"turns":1},{"damage":0,"enemies":"Cultist","floor":6,"turns":1},{"damage":0,"enemies":"Red Slaver","floor":7,"turns":1},{"damage":0,"enemies":"Large Slime","floor":8,"turns":1},{"damage":0,"enemies":"Gremlin Nob","floor":10,"turns":2},{"damage":0,"enemies":"Blue Slaver","floor":11,"turns":1},{"damage":0,"enemies":"Lagavulin","floor":12,"turns":1},{"damage":3,"enemies":"3 Sentries","floor":14,"turns":3},{"damage":34,"enemies":"Slime Boss","floor":16,"turns":5},{"damage":0,"enemies":"Spheric Guardian","floor":18,"turns":1},{"damage":10,"enemies":"Chosen","floor":19,"turns":2},{"damage":0,"enemies":"3 Cultists","floor":21,"turns":2},{"damage":6,"enemies":"Shelled Parasite and Fungi","floor":22,"turns":2},{"damage":30,"enemies":"Book of Stabbing","floor":23,"turns":3},{"damage":0,"enemies":"Snake Plant","floor":27,"turns":1},{"damage":0,"enemies":"Centurion and Healer","floor":29,"turns":1},{"damage":12,"enemies":"Gremlin Leader","floor":30,"turns":3},{"damage":10,"enemies":"Cultist and Chosen","floor":31,"turns":2},{"damage":60,"enemies":"Collector","floor":33,"turns":6},{"damage":7,"enemies":"3 Darklings","floor":35,"turns":2},{"damage":12,"enemies":"3 Shapes","floor":38,"turns":2},{"damage":44,"enemies":"Writhing Mass","floor":39,"turns":5},{"damage":10,"enemies":"4 Shapes","floor":41,"turns":5},{"damage":27,"enemies":"Transient","floor":42,"turns":5},{"damage":9,"enemies":"Writhing Mass","floor":45,"turns":1}],"seed_played":"-5618017873470361009","potions_obtained":[{"floor":1,"key":"BlessingOfTheForge"},{"floor":6,"key":"Poison Potion"},{"floor":11,"key":"Weak Potion"},{"floor":39,"key":"BlessingOfTheForge"}],"is_trial":true,"path_per_floor":["M","$","?","?","M","M","M","M","T","E","M","E","$","E","R","B",null,"M","M","?","M","M","E","?","R","T","M","$","M","E","M","R","B",null,"M","?","?","M","M","R","M","M","T","?","M"],"character_chosen":"THE_SILENT","items_purchased":["Blade Dance","Vajra"],"campfire_rested":3,"item_purchase_floors":[2,28],"current_hp_per_floor":[70,70,70,70,70,70,70,70,70,70,70,70,70,67,67,33,70,70,60,53,53,47,17,17,53,53,53,53,53,41,31,67,7,70,63,63,63,51,12,46,36,9,9,9,0,0],"gold":586,"neow_bonus":"","is_daily":false,"chose_seed":false,"campfire_upgraded":1,"win_rate":0.0,"timestamp":1610058783,"path_taken":["M","$","?","?","M","M","?","M","T","E","M","E","?","E","R","BOSS","M","M","?","?","M","E","?","R","T","M","?","M","E","M","R","BOSS","M","?","?","M","M","R","M","M","T","?","M"],"items_purchased_type":["Card","Relic"],"build_version":"2020-12-22","purchased_purges":0,"victory":false,"max_hp_per_floor":[70,70,70,70,70,70,70,70,70,70,70,70,70,70,70,70,70,70,70,70,70,70,70,70,70,70,70,70,70,70,70,70,70,70,70,70,66,66,66,66,66,66,66,66,66,66],"card_choices":[{"not_picked":["Sucker Punch","Choke"],"picked":"Caltrops","floor":1},{"not_picked":["Slice","Outmaneuver","Bane"],"picked":"SKIP","floor":5},{"not_picked":["Deflect","Sucker Punch","Caltrops"],"picked":"SKIP","floor":6},{"not_picked":["Prepared","Quick Slash"],"picked":"Blade Dance","floor":7},{"not_picked":["Dodge and Roll","All Out Attack","Blade Dance"],"picked":"SKIP","floor":8},{"not_picked":["PiercingWail","Well Laid Plans"],"picked":"Infinite Blades","floor":10},{"not_picked":["Slice","Setup","Bane"],"picked":"SKIP","floor":11},{"not_picked":["PiercingWail","Heel Hook","Flying Knee"],"picked":"SKIP","floor":12},{"not_picked":["Deflect","Bane"],"picked":"Corpse Explosion","floor":14},{"not_picked":["Malaise","Wraith Form v2"],"picked":"Corpse Explosion","floor":16},{"not_picked":["Flying Knee"],"picked":"SKIP","floor":18},{"not_picked":["Flechettes"],"picked":"SKIP","floor":19},{"not_picked":["Endless Agony"],"picked":"SKIP","floor":21},{"not_picked":["Crippling Poison"],"picked":"SKIP","floor":22},{"not_picked":["Underhanded Strike"],"picked":"SKIP","floor":23},{"not_picked":["Quick Slash"],"picked":"SKIP","floor":27},{"not_picked":["PiercingWail+1"],"picked":"SKIP","floor":29},{"not_picked":[],"picked":"Die Die Die","floor":30},{"not_picked":["Dagger Throw"],"picked":"SKIP","floor":31},{"not_picked":[],"picked":"After Image","floor":33},{"not_picked":["Calculated Gamble+1"],"picked":"SKIP","floor":35},{"not_picked":[],"picked":"Cloak And Dagger+1","floor":38},{"not_picked":["PiercingWail+1"],"picked":"SKIP","floor":39},{"not_picked":["Tactician"],"picked":"SKIP","floor":41},{"not_picked":["Skewer+1"],"picked":"SKIP","floor":42},{"not_picked":[],"picked":"Panache","floor":44}],"player_experience":940399,"relics_obtained":[{"floor":9,"key":"Sundial"},{"floor":10,"key":"Letter Opener"},{"floor":12,"key":"Regal Pillow"},{"floor":14,"key":"Toy Ornithopter"},{"floor":23,"key":"Ancient Tea Set"},{"floor":26,"key":"Paper Crane"},{"floor":30,"key":"Omamori"},{"floor":43,"key":"Ninja Scroll"}],"event_choices":[{"damage_healed":0,"gold_gain":0,"player_choice":"Grow","damage_taken":0,"max_hp_gain":0,"max_hp_loss":0,"event_name":"Living Wall","floor":3,"gold_loss":0,"cards_upgraded":["Backstab"]},{"damage_healed":0,"gold_gain":0,"player_choice":"Full Heal","damage_taken":0,"max_hp_gain":0,"max_hp_loss":0,"event_name":"Wheel of Change","floor":4,"gold_loss":0},{"damage_healed":0,"gold_gain":0,"player_choice":"Damaged","damage_taken":7,"max_hp_gain":0,"max_hp_loss":0,"event_name":"Wheel of Change","floor":20,"gold_loss":0},{"damage_healed":0,"gold_gain":0,"player_choice":"Opened","damage_taken":0,"relics_obtained":["CeramicFish"],"max_hp_gain":0,"max_hp_loss":0,"event_name":"The Mausoleum","floor":24,"gold_loss":0},{"cards_removed":["Noxious Fumes"],"damage_healed":0,"gold_gain":0,"player_choice":"Removed Power","damage_taken":0,"max_hp_gain":0,"max_hp_loss":0,"event_name":"Falling","floor":36,"gold_loss":0},{"damage_healed":0,"gold_gain":0,"player_choice":"Max HP","damage_taken":0,"max_hp_gain":0,"max_hp_loss":4,"event_name":"Winding Halls","floor":37,"gold_loss":0},{"damage_healed":0,"gold_gain":0,"player_choice":"Memory 1","damage_taken":0,"max_hp_gain":0,"max_hp_loss":0,"event_name":"SensoryStone","floor":44,"gold_loss":0}],"is_beta":false,"boss_relics":[{"not_picked":["Ring of the Serpent","Velvet Choker"],"picked":"Busted Crown"},{"not_picked":["SlaversCollar","Fusion Hammer"],"picked":"Black Star"}],"items_purged_floors":[],"is_endless":true,"potions_floor_spawned":[1,6,11,16,19,22,27,29,30,35,38,39],"killed_by":"Writhing Mass","ascension_level":0}}