{"host":"dwyzfvnzfcqffr30","time":1610013486,"event":{"mods":["2.2 Compatiblity","Act Like it!","BaseMod","Beaked The Cultist","Better Altar","Better Match","Better Note","Better Sensory Stone","Better Skull","Better Third Choice","Clockwork Mod","Colored Map","Colored Powertips","Conspire","Downfall","Elementarium","GifTheSpireLib","Halation","Hermit","Hubris","Infinite Spire","Ironclad Rager","Jedi Mod","Menagerie","Mimic Mod","Minty Spire (QoL Compilation)","Permanent Neow","Random Character Button","Replay The Spire","Spicy Shops","StSLib","Stuff the Spire","The Construct","The Disciple","The Druid","The Marked","TheFirefly","Trackpad","vexMod"],"gold_per_floor":[442,490,490,60,77,112,112,146,171,171,171,209,209,291,291,412,462,502,552,552,552,552,552,622,651,674,731,805,805,805],"floor_reached":29,"playtime":1461,"items_purged":["hubris:Lust"],"score":493,"play_id":"9484a63a-b927-467a-b3cb-17d622c30878","local_time":"20210107015806","is_ascension_mode":true,"campfire_choices":[{"floor":7,"key":"RECALL"},{"floor":11,"key":"REST"},{"data":"thefirefly:PhotonBlast+1","floor":15,"key":"PURGE"},{"floor":23,"key":"REST"}],"circlet_count":0,"master_deck":["AscendersBane","thefirefly:Strike+1","thefirefly:Strike+1","thefirefly:Strike+1","thefirefly:Strike+1","thefirefly:Defend+1","thefirefly:Defend+1","thefirefly:Defend+1","thefirefly:Defend+1","thefirefly:StealthMode+1","Replay:Dark Deal+1","MasterReality+1","thefirefly:SteadyAim+1","thefirefly:InterceptingShot+1","thefirefly:ArtillleryBeam+1","thefirefly:EMP+1","thefirefly:PotentAmmunition+1","thefirefly:RerouteCircuit+1","thefirefly:RerouteCircuit+1","thefirefly:DecoyShot+1","thefirefly:LaserMail+1","thefirefly:MirrorShield+1"],"relics":["thefirefly:StealthSystem","infinitespire:EvilPickle","Bottled Tornado","hubris:EvacipatedBox","Quantum Egg","Juzu Bracelet","Frozen Egg 2","Molten Egg 2","Toxic Egg 2","Medical Kit","jedi:archwizardhat","Kunai","trackpad:PetRock","Replay:WaspNest","Onion Ring","Tiny House","jedi:angrymask","Black Star","Pear","Strawberry","Red Mask","trackpad:SappingStone","vexMod:BarristanHead","Mirror"],"acts_visited":["Exordium","TheCity"],"potions_floor_usage":[16,25],"damage_taken":[{"damage":0,"enemies":"Jaw Worm","floor":1,"turns":1},{"damage":0,"enemies":"Cultist","floor":2,"turns":2},{"damage":0,"enemies":"Small Slimes","floor":5,"turns":2},{"damage":8,"enemies":"3 Sentries","floor":6,"turns":8},{"damage":3,"enemies":"Gremlin Nob","floor":8,"turns":4},{"damage":5,"enemies":"3 Sentries","floor":12,"turns":3},{"damage":3,"enemies":"Hexaghost","floor":16,"turns":6},{"damage":0,"enemies":"Spheric Guardian","floor":18,"turns":1},{"damage":14,"enemies":"Shell Parasite","floor":19,"turns":4},{"damage":12,"enemies":"Book of Stabbing","floor":24,"turns":4},{"damage":35,"enemies":"Masked Bandits","floor":25,"turns":4},{"damage":6,"enemies":"Centurion and Healer","floor":27,"turns":4},{"damage":14,"enemies":"Slavers","floor":28,"turns":3},{"damage":24,"enemies":"3 Cultists","floor":29,"turns":4}],"seed_played":"-2423983169174123993","potions_obtained":[{"floor":2,"key":"FearPotion"},{"floor":16,"key":"FearPotion"},{"floor":17,"key":"Doom Potion"},{"floor":19,"key":"Dexterity Potion"}],"is_trial":false,"path_per_floor":["M","M","?","$","M","E","R","E","T","?","R","E","?","T","R_BF","B",null,"M","M","AVR","?","?","R","E","?","T","M","E","M"],"character_chosen":"THE_FIREFLY","items_purchased":["Medical Kit","jedi:archwizardhat","Kunai"],"campfire_rested":2,"item_purchase_floors":[4,4,4],"current_hp_per_floor":[50,50,50,50,50,42,42,39,39,44,60,55,55,55,55,52,63,63,49,49,49,49,65,70,35,35,29,15,0,0],"gold":805,"neow_bonus":"RANDOM_COLORLESS_2","is_daily":false,"chose_seed":false,"campfire_upgraded":0,"win_rate":0.0,"timestamp":1610013486,"path_taken":["M","M","?","$","M","E","R","E","T","?","R","E","?","?","R_BF","BOSS","M","M","AVR","?","?","R","E","?","T","M","E","M"],"items_purchased_type":["Relic","Relic","Relic"],"build_version":"2020-12-22","purchased_purges":1,"victory":false,"max_hp_per_floor":[55,55,55,55,55,55,55,55,55,60,60,60,60,60,60,60,65,65,65,65,65,65,65,82,82,82,82,82,82,82],"card_choices":[{"not_picked":["Midas Touch","Poisoned Strike"],"picked":"Replay:Dark Deal","floor":0},{"not_picked":["thefirefly:EvasiveManeuver+1","thefirefly:DecoyShot+1"],"picked":"thefirefly:SteadyAim+1","floor":1},{"not_picked":["thefirefly:StarCinder+1","thefirefly:RollBack+1"],"picked":"thefirefly:InterceptingShot+1","floor":2},{"not_picked":["thefirefly:Exile+1","thefirefly:MirrorShield+1"],"picked":"thefirefly:ArtillleryBeam+1","floor":5},{"not_picked":["thefirefly:BreachMissile+1","thefirefly:Distort+1"],"picked":"thefirefly:EMP+1","floor":6},{"not_picked":["thefirefly:SteadyAim+1","thefirefly:Boost+1"],"picked":"thefirefly:PotentAmmunition+1","floor":8},{"not_picked":["thefirefly:ArtillleryBeam+1","thefirefly:EnergyShield+1"],"picked":"thefirefly:RerouteCircuit+1","floor":12},{"not_picked":["thefirefly:Kugelblitz+1","thefirefly:EphemeronForm+1"],"picked":"thefirefly:RerouteCircuit+1","floor":16},{"not_picked":["thefirefly:QuantumTunneling+1","thefirefly:FullProjection+1"],"picked":"thefirefly:DecoyShot+1","floor":17},{"not_picked":["thefirefly:Teleport+1","thefirefly:SteadyAim+1","thefirefly:Pacify+1"],"picked":"SKIP","floor":18},{"not_picked":["thefirefly:SearingEnigma+1","thefirefly:Rend+1","thefirefly:Ruminate+1"],"picked":"SKIP","floor":19},{"not_picked":["thefirefly:Lamentation+1","thefirefly:IonizedBarrier+1","thefirefly:Teleport+1"],"picked":"SKIP","floor":24},{"not_picked":["thefirefly:ReverseEngine+1","thefirefly:AlphaStrike+1"],"picked":"thefirefly:MirrorShield+1","floor":25},{"not_picked":["thefirefly:AuroralDischarge+1","thefirefly:EvasiveManeuver+1","thefirefly:Reposition+1"],"picked":"SKIP","floor":27},{"not_picked":["thefirefly:AuroralDischarge+1","thefirefly:Boost+1","thefirefly:ReverseEngine+1"],"picked":"SKIP","floor":28}],"player_experience":2624160,"relics_obtained":[{"floor":8,"key":"trackpad:PetRock"},{"floor":12,"key":"Replay:WaspNest"},{"floor":14,"key":"Onion Ring"},{"floor":24,"key":"Pear"},{"floor":24,"key":"Strawberry"},{"floor":25,"key":"Red Mask"},{"floor":26,"key":"trackpad:SappingStone"},{"floor":28,"key":"vexMod:BarristanHead"},{"floor":28,"key":"Mirror"}],"event_choices":[{"damage_healed":0,"gold_gain":0,"player_choice":"Simplicity","damage_taken":0,"max_hp_gain":0,"max_hp_loss":8,"event_name":"betterThird:BetterWriting","floor":0,"gold_loss":0},{"damage_healed":0,"gold_gain":0,"player_choice":"Ignored","damage_taken":0,"max_hp_gain":0,"max_hp_loss":0,"event_name":"Accursed Blacksmith","floor":3,"gold_loss":0},{"damage_healed":0,"gold_gain":0,"player_choice":"Donut","damage_taken":0,"max_hp_gain":5,"max_hp_loss":0,"event_name":"Big Fish","floor":10,"gold_loss":0},{"damage_healed":0,"gold_gain":0,"player_choice":"Ignored","damage_taken":0,"max_hp_gain":0,"max_hp_loss":0,"event_name":"Upgrade Shrine","floor":22,"gold_loss":0},{"damage_healed":0,"gold_gain":0,"player_choice":"Fought Bandits","damage_taken":0,"max_hp_gain":0,"max_hp_loss":0,"event_name":"Masked Bandits","floor":25,"gold_loss":0}],"is_beta":false,"boss_relics":[{"not_picked":["Cursed Key","halation:HeavySnake","halation:PinkAlligatorPlush"],"picked":"Tiny House"}],"items_purged_floors":[4],"is_endless":false,"potions_floor_spawned":[2,5,16,19],"killed_by":"3 Cultists","ascension_level":12}}