{"host":"ymw71f7rc9ndansy","time":1610030662,"event":{"mods":["ATMod(阿瑾Mod)","Act Like it!","Aspiration","BaseMod","DeckTracker","Hubris","Library of Ruina","Library of Ruina Extra","Lobotomy","LobotomyExtend","Minty Spire (QoL Compilation)","MostiFishMod","Remove Card Discount Mod","Replay The Spire","StSLib","TestMod","【功能Mod】精心准备","【遗物卡牌】REMEMod"],"gold_per_floor":[110,110,110,121,521,552,552,564,615,630,14,14,24,44,44,119,119,132,181,200,200,200,200,227,227,250,77,169,183,198,30,30,104,104,115,130,130,130,155,155,182,212,212,230,259,272,292,310,310,310,310,310],"floor_reached":53,"playtime":469,"items_purged":[],"score":2249,"play_id":"a8efea18-8c6f-4fbe-8178-6bd3daf0d798","local_time":"20210107224422","is_ascension_mode":true,"campfire_choices":[{"data":"DegradedPillar","floor":7,"key":"SMITH"},{"floor":15,"key":"REST"},{"data":"DegradedLock","floor":23,"key":"SMITH"},{"data":"DegradedFairy","floor":25,"key":"SMITH"},{"floor":32,"key":"REST"},{"data":"DegradedFairy","floor":40,"key":"SMITH"}],"circlet_count":0,"master_deck":["AscendersBane","DegradedFairy+1","DegradedFairy+1","DegradedFairy+1","DegradedChain+1","DegradedChain+1","DegradedLock+1","DegradedPillar+1","DegradedPillar+1","DegradedShockwave+1"],"relics":["PageOfLibrarian","testmod-TestBox","DaveBox","REME_ComplimentaryCards","DianPoetry","testmod-CardMagician","hubris:MedicalManual","SynthV:TestCard","SynthV:C4","PageOfTheQueenOfHatred","AT_RabadonDeathcap","testmod-TimeTraveler","PageOfTheKnightOfDespair","PageOfGreed","PageOfWrath","Technique","PageOfNihil","PageOfPorccubus","Busted Crown","hubris:CuriousFeather","PageOfSpiderBud","Akabeko","Replay:PocketPolymizer","AT_LudenTempest"],"acts_visited":["Exordium","TheCity","TheBeyond"],"potions_floor_usage":[29,29],"damage_taken":[{"damage":0,"enemies":"Small Slimes","floor":1,"turns":1},{"damage":0,"enemies":"Jaw Worm","floor":4,"turns":1},{"damage":0,"enemies":"Gremlin Nob","floor":6,"turns":1},{"damage":0,"enemies":"Cultist","floor":8,"turns":1},{"damage":0,"enemies":"Blue Slaver","floor":10,"turns":1},{"damage":0,"enemies":"Looter","floor":13,"turns":1},{"damage":0,"enemies":"Exordium Thugs","floor":14,"turns":1},{"damage":0,"enemies":"Slime Boss","floor":16,"turns":2},{"damage":0,"enemies":"2 Thieves","floor":18,"turns":2},{"damage":0,"enemies":"Chosen","floor":20,"turns":1},{"damage":0,"enemies":"REME_1_Revenger","floor":24,"turns":2},{"damage":19,"enemies":"Snake Plant","floor":29,"turns":5},{"damage":0,"enemies":"3 Cultists","floor":30,"turns":1},{"damage":0,"enemies":"Automaton","floor":33,"turns":3},{"damage":7,"enemies":"3 Shapes","floor":35,"turns":1},{"damage":0,"enemies":"3 Darklings","floor":36,"turns":1},{"damage":0,"enemies":"Mind Bloom Boss Battle","floor":39,"turns":2},{"damage":0,"enemies":"Nemesis","floor":42,"turns":2},{"damage":0,"enemies":"Jaw Worm Horde","floor":44,"turns":1},{"damage":0,"enemies":"Reptomancer","floor":45,"turns":1},{"damage":28,"enemies":"Sphere and 2 Shapes","floor":46,"turns":1},{"damage":5,"enemies":"4 Shapes","floor":47,"turns":1},{"damage":0,"enemies":"Jaw Worm Horde","floor":48,"turns":1},{"damage":0,"enemies":"Replay:Hell Engine","floor":50,"turns":3},{"damage":0,"enemies":"Awakened One","floor":51,"turns":3}],"seed_played":"3038827391804766514","potions_obtained":[{"floor":1,"key":"SkillPotion"},{"floor":4,"key":"SkillPotion"},{"floor":13,"key":"PowerPotion"},{"floor":16,"key":"PowerPotion"},{"floor":29,"key":"Ancient Potion"},{"floor":33,"key":"DistilledChaos"}],"is_trial":false,"path_per_floor":["M","?","$","M","?","E","R","M","T","M","$","?","M","M","R","B",null,"M","T","M","$","?","R","E","R","T","$","?","M","M","$","R","B",null,"M","M","?","$","?","R","T","E","T","M","E","M","M","M","R","B","B",null,null],"character_chosen":"Librarian","items_purchased":["PageOfTheQueenOfHatred","AT_RabadonDeathcap","Technique","PageOfPorccubus"],"campfire_rested":2,"item_purchase_floors":[11,11,27,31],"current_hp_per_floor":[54,54,54,54,54,54,54,54,54,54,54,21,21,21,54,54,97,97,97,97,97,97,97,97,97,97,97,53,34,34,34,67,67,100,95,95,95,95,95,95,95,95,95,95,95,75,72,72,103,103,103,103],"gold":310,"neow_bonus":"ONE_RARE_RELIC","is_daily":false,"chose_seed":false,"campfire_upgraded":4,"win_rate":0.0,"timestamp":1610030662,"path_taken":["M","?","$","M","?","E","R","M","T","M","$","?","?","M","R","BOSS","M","?","M","$","?","R","E","R","T","$","?","M","?","?","R","BOSS","M","M","?","$","?","R","?","E","T","M","E","M","M","M","R","BOSS","BOSS"],"items_purchased_type":["Relic","Relic","Relic","Relic"],"build_version":"2020-12-22","purchased_purges":0,"victory":true,"max_hp_per_floor":[81,81,81,81,111,111,111,111,111,111,111,111,111,111,111,111,111,111,111,111,111,111,111,111,111,111,111,111,111,111,111,111,111,111,111,111,105,105,105,105,105,105,105,105,105,105,105,105,105,105,105,105],"card_choices":[{"not_picked":["UndertakePrescript","BizarreAttack","HiddenBlade","PinpointShot","Leap_lor","RhinoRam","AGoldenOpportunity","QuickSuppression","OpportunitySpotted"],"picked":"SKIP","floor":1},{"not_picked":["PreparedMind","LossOfSenses","SharpSwipe","SteelKnuckles","SilentMist","GuardingStance","FierceOnslaught","StayCalm+1","GrazeTheGrass","StrongStrike","PinpointShot"],"picked":"SKIP","floor":29},{"not_picked":["Gigigig","Quickness","Outburst","BulkyImpact","Cruelty","EnergyCycle+1","RatsGuideToSurvival","WildCard","ShrineToMusic","Parry","QuickAttack"],"picked":"SKIP","floor":30},{"not_picked":["Rewind","UpbeatPerformance","PreemptiveStrike","BayonetCombat","DesperateStruggle+1","FleetFootsteps","Wallop_lor","MultiHit","EndlessBattle"],"picked":"SKIP","floor":35},{"not_picked":["Juggling+1","QuickSuppression","SkitterAway","MultiBlock","PinpointShot","PuppetBlockade","Parry","Leap_lor+1","BackAttack+1"],"picked":"SKIP","floor":36},{"not_picked":["UpbeatPerformance+1","Outburst","Mutilate","Transpierce","GrazeTheGrass+1","FrontalAssault+1","UnavoidableGaze","ButterflySlash","TheRedNotes"],"picked":"SKIP","floor":42},{"not_picked":["ViolentFlame","BackAttack","EnergyStrike","StructuralAnalysis+1","UndertakePrescript","MultiBlock","StrongStrike","FieryWaltz+1","NightInTheBackstreets"],"picked":"SKIP","floor":44},{"not_picked":["ViolentFlame","TieShanKao","Overcharge","GuidanceOfTheGears","WrathOfTorment+1","YouOnlyLiveOnce+1","Eradication","SharpenedBlade+1","Reload"],"picked":"SKIP","floor":45},{"not_picked":["FeatherShield","Thrust","LossOfSenses+1","TendonChords+1","BackAttack","EndlessBattle","Parry","Retaliate","DefenseOrder"],"picked":"SKIP","floor":46},{"not_picked":["Endure+1","ClassAndRespect+1","ToWhereThePrescriptPoints+1","DarkCloud","Marionette","WillOfThePrescript","EnergyCycle","Reload","FlashingStrike+1"],"picked":"SKIP","floor":47},{"not_picked":["NonstopAssault","Wallop_lor+1","Overcharge","PreparedMind","HiddenBlade","NightInTheBackstreets","Retaliate","ShockingBlow","SpearedSweep"],"picked":"SKIP","floor":48}],"player_experience":1091696,"relics_obtained":[{"floor":1,"key":"SynthV:TestCard"},{"floor":6,"key":"SynthV:C4"},{"floor":19,"key":"PageOfTheKnightOfDespair"},{"floor":24,"key":"PageOfGreed"},{"floor":26,"key":"PageOfWrath"},{"floor":29,"key":"PageOfNihil"},{"floor":39,"key":"hubris:CuriousFeather"},{"floor":41,"key":"PageOfSpiderBud"},{"floor":42,"key":"Akabeko"},{"floor":43,"key":"Replay:PocketPolymizer"},{"floor":45,"key":"AT_LudenTempest"}],"event_choices":[{"damage_healed":0,"gold_gain":0,"player_choice":"Grow","damage_taken":0,"max_hp_gain":0,"max_hp_loss":0,"event_name":"Living Wall","floor":2,"gold_loss":0,"cards_upgraded":["DegradedShockwave"]},{"damage_healed":0,"gold_gain":400,"player_choice":"Sell","damage_taken":0,"max_hp_gain":0,"max_hp_loss":0,"event_name":"恩洛斯的盘子","floor":5,"relics_lost":["AT_ATBox"],"gold_loss":0},{"damage_healed":0,"gold_gain":0,"player_choice":"Entered Light","damage_taken":33,"max_hp_gain":0,"max_hp_loss":0,"event_name":"Shining Light","floor":12,"gold_loss":0,"cards_upgraded":["DegradedFairy","DegradedPillar"]},{"damage_healed":0,"gold_gain":0,"player_choice":"Ignored","damage_taken":0,"max_hp_gain":0,"max_hp_loss":0,"event_name":"Beggar","floor":22,"gold_loss":0},{"damage_healed":0,"gold_gain":0,"player_choice":"Max HP","damage_taken":0,"max_hp_gain":0,"max_hp_loss":6,"event_name":"Winding Halls","floor":37,"gold_loss":0},{"damage_healed":0,"gold_gain":0,"player_choice":"Fight","damage_taken":0,"max_hp_gain":0,"max_hp_loss":0,"event_name":"MindBloom","floor":39,"gold_loss":0}],"is_beta":false,"boss_relics":[{"not_picked":["aspiration:RunicSpoon","Tiny House"],"picked":"testmod-TimeTraveler"},{"not_picked":["TimeKeys","Pandora\u0027s Box"],"picked":"Busted Crown"}],"items_purged_floors":[],"is_endless":false,"potions_floor_spawned":[1,4,6,13,16,29,33,35,36,44,46],"ascension_level":20}}