{"host":"anox4050deqdcqoh","time":1610027520,"event":{"mods":["BaseMod","Colored Map","Highlight Path","Minty Spire (QoL Compilation)","Quick Restart","Rare Cards Sparkle","everything is the same but u backflip on backflip"],"gold_per_floor":[109,121,121,9,21,49,49,62,85,114,214,214,233,264,264,362,362,380,413,185,185,6,6,36,48,110,138,150,179,191,223,235,348,360,387,449,683,710,734,746,778,790,825,849,861,891,258,277,277,277,277],"floor_reached":50,"playtime":3526,"items_purged":["Injury","Strike_G","Strike_G"],"score":663,"play_id":"61441f98-0c1a-4708-bdeb-95ed775314f0","local_time":"20210107085200","is_ascension_mode":true,"campfire_choices":[{"floor":7.0,"key":"REST"},{"floor":12.0,"key":"REST"},{"data":"Noxious Fumes","floor":15.0,"key":"SMITH"},{"floor":23.0,"key":"REST"},{"floor":25.0,"key":"REST"},{"data":"Catalyst","floor":28.0,"key":"SMITH"},{"data":"Blur","floor":32.0,"key":"SMITH"},{"floor":40.0,"key":"REST"},{"data":"Neutralize","floor":42.0,"key":"SMITH"},{"floor":49.0,"key":"RECALL"}],"circlet_count":0,"master_deck":["Strike_G","Strike_G","Defend_G+1","Defend_G","Defend_G","Defend_G+1","Defend_G","Survivor","Neutralize+1","Terror","Backstab","Catalyst+1","Noxious Fumes+1","Blur+1","Backstab","Cloak And Dagger","Quick Slash","Blur","A Thousand Cuts","Crippling Poison+1","Noxious Fumes","Poisoned Stab","Deadly Poison","Sucker Punch+1","Deflect","Venomology","Deadly Poison","Poisoned Stab","Footwork+1","Terror","Predator","Distraction+1","Leg Sweep","Envenom","Dramatic Entrance","Dash+1"],"relics":["Ring of the Snake","Lizard Tail","Regal Pillow","War Paint","Blood Vial","Bag of Marbles","Bottled Flame","Runic Pyramid","Red Mask","MealTicket","MawBank","Vajra","WristBlade","Incense Burner","TwistedFunnel"],"acts_visited":["Exordium","TheCity","TheBeyond"],"potions_floor_usage":[50,50],"damage_taken":[{"damage":0.0,"enemies":"Small Slimes","floor":1.0,"turns":3.0},{"damage":1.0,"enemies":"Cultist","floor":2.0,"turns":5.0},{"damage":3.0,"enemies":"Jaw Worm","floor":5.0,"turns":3.0},{"damage":25.0,"enemies":"3 Sentries","floor":6.0,"turns":9.0},{"damage":1.0,"enemies":"Large Slime","floor":8.0,"turns":7.0},{"damage":25.0,"enemies":"Lagavulin","floor":10.0,"turns":8.0},{"damage":1.0,"enemies":"Exordium Wildlife","floor":13.0,"turns":5.0},{"damage":5.0,"enemies":"3 Sentries","floor":14.0,"turns":8.0},{"damage":0.0,"enemies":"Slime Boss","floor":16.0,"turns":8.0},{"damage":0.0,"enemies":"Chosen","floor":18.0,"turns":6.0},{"damage":29.0,"enemies":"Masked Bandits","floor":19.0,"turns":6.0},{"damage":55.0,"enemies":"Gremlin Leader","floor":24.0,"turns":8.0},{"damage":0.0,"enemies":"Spheric Guardian","floor":27.0,"turns":3.0},{"damage":0.0,"enemies":"Centurion and Healer","floor":29.0,"turns":5.0},{"damage":0.0,"enemies":"3 Cultists","floor":31.0,"turns":5.0},{"damage":33.0,"enemies":"Automaton","floor":33.0,"turns":9.0},{"damage":1.0,"enemies":"Orb Walker","floor":35.0,"turns":3.0},{"damage":21.0,"enemies":"Mind Bloom Boss Battle","floor":36.0,"turns":9.0},{"damage":10.0,"enemies":"3 Shapes","floor":38.0,"turns":5.0},{"damage":16.0,"enemies":"Writhing Mass","floor":39.0,"turns":6.0},{"damage":6.0,"enemies":"Sphere and 2 Shapes","floor":41.0,"turns":5.0},{"damage":11.0,"enemies":"Transient","floor":44.0,"turns":5.0},{"damage":19.0,"enemies":"Maw","floor":46.0,"turns":6.0},{"damage":10.0,"enemies":"Sphere and 2 Shapes","floor":48.0,"turns":5.0},{"damage":99,"enemies":"Time Eater","floor":50,"turns":14}],"seed_played":"-4964749373484862702","potions_obtained":[{"floor":5.0,"key":"Block Potion"},{"floor":8.0,"key":"SteroidPotion"},{"floor":10.0,"key":"ColorlessPotion"},{"floor":13.0,"key":"SkillPotion"},{"floor":18.0,"key":"BlessingOfTheForge"},{"floor":19.0,"key":"BlessingOfTheForge"},{"floor":27.0,"key":"BlessingOfTheForge"},{"floor":31.0,"key":"Energy Potion"},{"floor":35.0,"key":"GhostInAJar"},{"floor":38.0,"key":"Energy Potion"},{"floor":44.0,"key":"AttackPotion"}],"is_trial":false,"path_per_floor":["M","M","?","$","M","E","R","M","T","E","?","R","M","E","R","B",null,"M","?","$","?","$","R","E","R","T","M","R","M","$","M","R","B",null,"M","?","?","M","M","R","M","R","T","M","?","M","$","M","R","B"],"character_chosen":"THE_SILENT","items_purchased":["Catalyst","Noxious Fumes","Poisoned Stab","Deadly Poison","MealTicket","Leg Sweep","Envenom","TwistedFunnel","Strength Potion","Dramatic Entrance"],"campfire_rested":5,"item_purchase_floors":[4,20,20,22,22,47,47,47,47,47],"current_hp_per_floor":[70,69,66,66,63,38,70,69,69,45,45,70,69,65,65,67,70,70,41,41,41,41,70,15,51,51,53,53,55,70,70,70,37,70,69,49,49,41,27,63,59,59,59,50,50,47,62,54,54,0,0],"gold":277,"neow_bonus":"ONE_RARE_RELIC","is_daily":false,"chose_seed":false,"campfire_upgraded":4,"win_rate":0.0,"timestamp":1610027520,"path_taken":["M","M","?","$","M","E","R","M","T","E","?","R","M","E","R","BOSS","M","?","$","?","$","R","E","R","T","M","R","M","$","M","R","BOSS","M","?","?","M","M","R","M","R","T","M","?","M","$","?","R","BOSS"],"items_purchased_type":["Card","Card","Card","Card","Relic","Card","Card","Relic","Potion","Card"],"build_version":"2020-12-22","purchased_purges":3,"victory":false,"max_hp_per_floor":[70,70,70,70,70,70,70,70,70,70,70,70,70,70,70,70,70,70,70,70,70,70,70,70,70,70,70,70,70,70,70,70,70,70,70,70,70,70,70,70,70,70,70,70,70,70,70,70,70,70,70],"card_choices":[{"not_picked":["Quick Slash","Slice"],"picked":"Terror","floor":1.0},{"not_picked":["Outmaneuver","Tactician"],"picked":"Backstab","floor":2.0},{"not_picked":["Setup","Slice"],"picked":"Noxious Fumes","floor":5.0},{"not_picked":["PiercingWail","Deadly Poison"],"picked":"Blur","floor":6.0},{"not_picked":["Venomology","Dagger Throw"],"picked":"Backstab","floor":8.0},{"not_picked":["Escape Plan","Quick Slash"],"picked":"Cloak And Dagger","floor":10.0},{"not_picked":["Dodge and Roll","Accuracy"],"picked":"Quick Slash","floor":13.0},{"not_picked":["Caltrops","Distraction"],"picked":"Blur","floor":14.0},{"not_picked":["Storm of Steel","Bullet Time"],"picked":"A Thousand Cuts","floor":16.0},{"not_picked":["Prepared","Outmaneuver"],"picked":"Crippling Poison+1","floor":18.0},{"not_picked":["Blade Dance","Dodge and Roll"],"picked":"Sucker Punch+1","floor":24.0},{"not_picked":["Dagger Throw","PiercingWail"],"picked":"Deflect","floor":27.0},{"not_picked":["PiercingWail","Cloak And Dagger","Deflect+1"],"picked":"SKIP","floor":29.0},{"not_picked":["Underhanded Strike","Quick Slash+1","Phantasmal Killer"],"picked":"SKIP","floor":31.0},{"not_picked":["Phantasmal Killer","Die Die Die"],"picked":"Venomology","floor":33.0},{"not_picked":["Acrobatics+1","Prepared"],"picked":"Deadly Poison","floor":35.0},{"not_picked":["Finisher+1","Outmaneuver"],"picked":"Poisoned Stab","floor":36.0},{"not_picked":["Backflip+1","Poisoned Stab","Escape Plan"],"picked":"SKIP","floor":38.0},{"not_picked":["Dagger Throw","Heel Hook"],"picked":"Footwork+1","floor":39.0},{"not_picked":["Blade Dance+1","Concentrate","Backstab+1"],"picked":"SKIP","floor":41.0},{"not_picked":["Bane","Expertise+1"],"picked":"Terror","floor":44.0},{"not_picked":["Predator","Quick Slash"],"picked":"Distraction+1","floor":46.0},{"not_picked":["Bane+1","Cloak And Dagger"],"picked":"Dash+1","floor":48.0}],"player_experience":290899,"relics_obtained":[{"floor":6.0,"key":"War Paint"},{"floor":9.0,"key":"Blood Vial"},{"floor":10.0,"key":"Bag of Marbles"},{"floor":14.0,"key":"Bottled Flame"},{"floor":19.0,"key":"Red Mask"},{"floor":24.0,"key":"MawBank"},{"floor":26.0,"key":"Vajra"},{"floor":36.0,"key":"Incense Burner"}],"event_choices":[{"damage_healed":0.0,"max_hp_gain":0.0,"max_hp_loss":0.0,"gold_gain":0.0,"event_name":"Scrap Ooze","player_choice":"Success","floor":3.0,"gold_loss":0.0,"damage_taken":3.0,"relics_obtained":["Regal Pillow"]},{"damage_healed":0.0,"max_hp_gain":0.0,"max_hp_loss":0.0,"gold_gain":100.0,"event_name":"Golden Shrine","player_choice":"Pray","floor":11.0,"gold_loss":0.0,"damage_taken":0.0},{"damage_healed":0.0,"max_hp_gain":0.0,"max_hp_loss":0.0,"gold_gain":0.0,"event_name":"Masked Bandits","player_choice":"Fought Bandits","floor":19.0,"gold_loss":0.0,"damage_taken":0.0},{"damage_healed":0.0,"max_hp_gain":0.0,"max_hp_loss":0.0,"gold_gain":0.0,"event_name":"Cursed Tome","player_choice":"Ignored","floor":21.0,"gold_loss":0.0,"damage_taken":0.0},{"damage_healed":0.0,"max_hp_gain":0.0,"max_hp_loss":0.0,"gold_gain":0.0,"event_name":"MindBloom","player_choice":"Fight","floor":36.0,"gold_loss":0.0,"damage_taken":0.0},{"damage_healed":0.0,"max_hp_gain":0.0,"max_hp_loss":0.0,"gold_gain":222.0,"event_name":"Tomb of Lord Red Mask","player_choice":"Wore Mask","floor":37.0,"gold_loss":0.0,"damage_taken":0.0},{"damage_healed":0.0,"max_hp_gain":0.0,"max_hp_loss":0.0,"gold_gain":0.0,"cards_transformed":["Strike_G"],"event_name":"Transmorgrifier","player_choice":"Transformed","floor":45.0,"gold_loss":0.0,"damage_taken":0.0,"cards_obtained":["Predator"]}],"is_beta":false,"boss_relics":[{"not_picked":["Astrolabe","Snecko Eye"],"picked":"Runic Pyramid"},{"not_picked":["Velvet Choker","Empty Cage"],"picked":"WristBlade"}],"items_purged_floors":[4,20,47],"is_endless":false,"potions_floor_spawned":[5,8,10,13,18,19,27,31,35,38,44],"killed_by":"Time Eater","ascension_level":2}}