{"host":"x1qj4d8ympd5jdqh","time":1610015388,"event":{"mods":["AchievementEnabler","AlwaysNeverKeys","BaseMod","Colored Map","Custom Start","DeckTracker","Highlight Path","Minty Spire (QoL Compilation)","StSLib","SuperFastMode"],"gold_per_floor":[109,119,129,54,54,54,81,81,158,1,1,11,11,30,30,104,104,114,72,72,90,104,104,141,1,1,44,44,44,81,101,101,186,186,215,242,315,232,251,284,296,342,354,366,406,103,128,150,150,150,150],"floor_reached":52,"playtime":2284,"items_purged":["Strike_R","Strike_R","Strike_R"],"score":2042,"play_id":"a7ca874d-fe17-4ade-a5da-e01c0df8b2c7","local_time":"20210107192948","is_ascension_mode":true,"campfire_choices":[{"data":"Bludgeon","floor":6.0,"key":"SMITH"},{"data":"Armaments","floor":8.0,"key":"SMITH"},{"floor":15.0,"key":"REST"},{"data":"Corruption","floor":23.0,"key":"SMITH"},{"data":"Pommel Strike","floor":32.0,"key":"SMITH"},{"data":"Deep Breath","floor":41,"key":"SMITH"},{"data":"Bash","floor":44,"key":"SMITH"},{"data":"Whirlwind","floor":49,"key":"SMITH"}],"circlet_count":0,"master_deck":["AscendersBane","Strike_R","Strike_R+1","Defend_R","Defend_R","Defend_R+1","Defend_R","Bash+1","Bludgeon+1","Armaments+1","Corruption+1","Shockwave","Evolve","Headbutt","Impervious","Shockwave","Pommel Strike+1","Impervious","Body Slam","Purity","Magnetism","Deep Breath+1","Shrug It Off","Shrug It Off","Whirlwind+1","Second Wind","Feel No Pain"],"relics":["Burning Blood","Strawberry","Centennial Puzzle","Matryoshka","Boot","Bag of Preparation","Coffee Dripper","CeramicFish","MealTicket","Mummified Hand","Regal Pillow","Gremlin Horn","Snecko Eye","MawBank","Bird Faced Urn","Bronze Scales","InkBottle"],"acts_visited":["Exordium","TheCity","TheBeyond"],"potions_floor_usage":[33,51],"damage_taken":[{"damage":0.0,"enemies":"Cultist","floor":1.0,"turns":2.0},{"damage":9.0,"enemies":"Jaw Worm","floor":2.0,"turns":4.0},{"damage":0.0,"enemies":"Small Slimes","floor":3.0,"turns":2.0},{"damage":14.0,"enemies":"Lagavulin","floor":7.0,"turns":5.0},{"damage":0.0,"enemies":"Blue Slaver","floor":12.0,"turns":2.0},{"damage":16.0,"enemies":"Lots of Slimes","floor":14.0,"turns":6.0},{"damage":31.0,"enemies":"The Guardian","floor":16.0,"turns":9.0},{"damage":11.0,"enemies":"Shell Parasite","floor":18.0,"turns":3.0},{"damage":5.0,"enemies":"3 Byrds","floor":21.0,"turns":4.0},{"damage":18.0,"enemies":"Snake Plant","floor":22.0,"turns":3.0},{"damage":17.0,"enemies":"Slavers","floor":24.0,"turns":4.0},{"damage":0.0,"enemies":"Gremlin Leader","floor":27.0,"turns":2.0},{"damage":7.0,"enemies":"Book of Stabbing","floor":30.0,"turns":4.0},{"damage":3.0,"enemies":"Centurion and Healer","floor":31.0,"turns":5.0},{"damage":57,"enemies":"Automaton","floor":33,"turns":8},{"damage":2,"enemies":"Orb Walker","floor":35,"turns":3},{"damage":0,"enemies":"3 Shapes","floor":39,"turns":3},{"damage":16,"enemies":"Giant Head","floor":40,"turns":6},{"damage":24,"enemies":"Nemesis","floor":42,"turns":5},{"damage":4,"enemies":"Giant Head","floor":45,"turns":6},{"damage":3,"enemies":"Maw","floor":47,"turns":4},{"damage":12,"enemies":"Spire Growth","floor":48,"turns":3},{"damage":89,"enemies":"Awakened One","floor":50,"turns":8},{"damage":33,"enemies":"Time Eater","floor":51,"turns":7}],"seed_played":"-1234769727114719278","potions_obtained":[{"floor":3.0,"key":"LiquidBronze"},{"floor":21.0,"key":"Strength Potion"},{"floor":24.0,"key":"Block Potion"},{"floor":27.0,"key":"Block Potion"},{"floor":35,"key":"ElixirPotion"}],"is_trial":false,"path_per_floor":["M","M","M","$","?","R","E","R","T","$","?","M","T","M","R","B",null,"M","$","?","M","M","R","E","$","T","E","?","$","E","M","R","B",null,"M","?","T","$","M","E","R","E","T","R","E","$","M","M","R","B","B",null],"character_chosen":"IRONCLAD","items_purchased":["FearPotion","Evolve","DuplicationPotion","Swift Potion","GamblersBrew","Shrug It Off","Whirlwind","FairyPotion"],"campfire_rested":1,"item_purchase_floors":[10,19,25,25,38,46,46,46],"current_hp_per_floor":[74,71,75,75,56,56,48,48,48,48,23,29,29,19,43,18,66,61,61,61,62,50,50,39,39,39,45,45,60,59,62,62,11,64,68,58,58,73,79,69,69,51,51,51,61,76,82,78,78,30,11],"gold":150,"neow_bonus":"ONE_RANDOM_RARE_CARD","is_daily":false,"chose_seed":false,"campfire_upgraded":7,"win_rate":0.0,"timestamp":1610015388,"path_taken":["M","M","?","$","?","R","E","R","T","?","?","M","?","M","R","BOSS","M","?","?","M","M","R","E","$","T","E","?","?","E","M","R","BOSS","M","?","?","$","M","E","R","E","T","R","E","?","?","M","R","BOSS","BOSS"],"items_purchased_type":["Potion","Card","Potion","Potion","Potion","Card","Card","Potion"],"build_version":"2020-12-22","purchased_purges":3,"victory":true,"max_hp_per_floor":[75,75,75,75,82,82,82,82,82,82,82,82,82,82,82,82,82,82,82,82,82,82,82,82,82,82,82,82,82,82,82,82,82,82,82,82,82,82,82,82,82,82,82,82,82,82,82,82,82,82,82],"card_choices":[{"not_picked":["Thunderclap","Intimidate","Cleave"],"picked":"SKIP","floor":1.0},{"not_picked":["Iron Wave","Thunderclap","Clothesline"],"picked":"SKIP","floor":2.0},{"not_picked":["Thunderclap","Feed"],"picked":"Armaments","floor":3.0},{"not_picked":["Iron Wave","Sword Boomerang","Warcry"],"picked":"SKIP","floor":7.0},{"not_picked":["Second Wind","True Grit","Heavy Blade"],"picked":"SKIP","floor":12.0},{"not_picked":["Second Wind","True Grit","Heavy Blade"],"picked":"SKIP","floor":12.0},{"not_picked":["Second Wind","True Grit","Heavy Blade"],"picked":"SKIP","floor":12.0},{"not_picked":["Body Slam","Sever Soul","Armaments"],"picked":"SKIP","floor":14.0},{"not_picked":["Feed","Fiend Fire"],"picked":"Corruption","floor":16.0},{"not_picked":["Heavy Blade+1","Iron Wave"],"picked":"Shockwave","floor":18.0},{"not_picked":["Blood for Blood","Warcry"],"picked":"Headbutt","floor":21.0},{"not_picked":["Clash","Perfected Strike","Clothesline"],"picked":"SKIP","floor":22.0},{"not_picked":["Rampage","Shockwave"],"picked":"Impervious","floor":24.0},{"not_picked":["Sword Boomerang+1","Twin Strike"],"picked":"Shockwave","floor":27.0},{"not_picked":["True Grit","Havoc"],"picked":"Pommel Strike","floor":30.0},{"not_picked":["Rage","Wild Strike+1","Twin Strike"],"picked":"SKIP","floor":31.0},{"not_picked":["Berserk","Bludgeon"],"picked":"Impervious","floor":33},{"not_picked":["Rampage","Searing Blow"],"picked":"Body Slam","floor":35},{"not_picked":["Magnetism","Sadistic Nature"],"picked":"Purity","floor":36},{"not_picked":["Madness","Enlightenment"],"picked":"Magnetism","floor":36},{"not_picked":["The Bomb","Blind"],"picked":"Deep Breath","floor":36},{"not_picked":["Iron Wave","Armaments"],"picked":"Shrug It Off","floor":39},{"not_picked":["Combust","Searing Blow","Reckless Charge+1"],"picked":"SKIP","floor":40},{"not_picked":["True Grit+1","Sword Boomerang+1","Anger+1"],"picked":"SKIP","floor":42},{"not_picked":["Heavy Blade","Rage","Carnage"],"picked":"SKIP","floor":45},{"not_picked":["Disarm","Warcry"],"picked":"Second Wind","floor":47},{"not_picked":["Havoc","Reaper"],"picked":"Feel No Pain","floor":48}],"player_experience":1320749,"relics_obtained":[{"floor":7.0,"key":"Centennial Puzzle"},{"floor":9.0,"key":"Matryoshka"},{"floor":13.0,"key":"Boot"},{"floor":13.0,"key":"Bag of Preparation"},{"floor":24.0,"key":"CeramicFish"},{"floor":26.0,"key":"MealTicket"},{"floor":26.0,"key":"Mummified Hand"},{"floor":27.0,"key":"Regal Pillow"},{"floor":30.0,"key":"Gremlin Horn"},{"floor":40,"key":"MawBank"},{"floor":42,"key":"Bird Faced Urn"},{"floor":43,"key":"Bronze Scales"},{"floor":45,"key":"InkBottle"}],"event_choices":[{"damage_healed":0.0,"max_hp_gain":0.0,"max_hp_loss":0.0,"gold_gain":0.0,"event_name":"Scrap Ooze","player_choice":"Success","floor":5.0,"gold_loss":0.0,"damage_taken":26.0,"relics_obtained":["Strawberry"]},{"damage_healed":0.0,"max_hp_gain":0.0,"max_hp_loss":0.0,"gold_gain":0.0,"event_name":"Shining Light","player_choice":"Entered Light","floor":11.0,"gold_loss":0.0,"damage_taken":25.0,"cards_upgraded":["Strike_R","Defend_R"]},{"damage_healed":0.0,"max_hp_gain":0.0,"max_hp_loss":0.0,"gold_gain":0.0,"event_name":"The Mausoleum","player_choice":"Ignored","floor":20.0,"gold_loss":0.0,"damage_taken":0.0},{"damage_healed":0.0,"max_hp_gain":0.0,"max_hp_loss":0.0,"gold_gain":0.0,"event_name":"Vampires","player_choice":"Ignored","floor":28.0,"gold_loss":0.0,"damage_taken":0.0},{"damage_healed":0,"gold_gain":0,"player_choice":"Memory 3","damage_taken":10,"max_hp_gain":0,"max_hp_loss":0,"event_name":"SensoryStone","floor":36,"gold_loss":0}],"is_beta":false,"boss_relics":[{"not_picked":["Runic Pyramid","Sozu"],"picked":"Coffee Dripper"},{"not_picked":["Black Star","Empty Cage"],"picked":"Snecko Eye"}],"items_purged_floors":[4,10,46],"is_endless":false,"potions_floor_spawned":[3,12,14,21,24,27,35,45,47],"ascension_level":20}}