{"host":"tn4vcbjll0ykc2jj","time":1610046511,"event":{"mods":["ATMod(阿瑾Mod)","Act Like it!","BaseMod","Colored Powertips","Gensokyo","Lobotomy","LobotomyExtend","Minty Spire (QoL Compilation)","MostiFishMod","Quick Restart","StSLib","TestMod","Yakumo Yukari mod","【遗物卡牌】REMEMod"],"gold_per_floor":[10,25,44,44,55,80,80,80,80,80,100,25,25,25,25,120,120,120,120,20,20,39,39,67,67,67,78,78,108,119,119,119,219,219,239,239,255,255,655,655,686,686,686,686,686,281,299,330,330,330],"floor_reached":51,"playtime":3857,"items_purged":["SpecialBullet","LifeForTheDareDevil"],"score":937,"play_id":"8fcf1522-1d87-418c-9279-32d4970e1e23","local_time":"20210108030831","is_ascension_mode":false,"campfire_choices":[],"circlet_count":0,"master_deck":["ApocalypseBird","PunishingBird","LongBird","BigBird","SpecialBullet","SpecialBullet","SpecialBullet","SpecialBullet","SpecialBullet","InformationCode","DisciplinaryCode","ExtractionCode","LifeForTheDareDevil","TheSmile","AT_EssenceShift","SpecialBullet","Ecstasy","ShyLook","Laetitia_ego","OSAHOGD","WristCuter","SnowQueen","GoldRush","GoldRush","OldLady","Wellcheers","MHz","BeautyBeast","BearPaw+1","RapturousDream+1","GreenStem+1","CentralCode","GoldRush+1","AT_EmpoweredMortalDraw+1","Bloodbath","Pinks+1","SoundOfStar+1","Ecstasy+1","CherryBlossom+1","RecordCode","WristCuter+1","BlackSwan_ego+1"],"relics":["CogitoBucket","AT_ATBox","testmod-TestBox","REME_ComplimentaryCards","testmod-NegativeEmotionEnhancer","DianPoetry","SynthV:TestCard","LetterFromLob","Bronze Scales","Gensokyo:CelestialsFlawlessClothing","Mummified Hand","FleshIdol","ChiXiaoBlade","Dead Branch","Ornamental Fan","Kunai","LuminousBracelet","AT_MortalBlade","Gensokyo:EmptyGrave","Boot","Frozen Egg 2","Twilight","TimeFreeze","REME_HourglassOfDeath","BehaviorAdjustment","testmod-Fortitude"],"acts_visited":["Gensokyo:Gensokyo","Gensokyo:Gensokyoer","Gensokyo:Gensokyoest"],"potions_floor_usage":[6,11,24,51,51,51,51,51,51,51,51,51],"damage_taken":[{"damage":6,"enemies":"Gensokyo:3_Fairies","floor":1,"turns":3},{"damage":8,"enemies":"Gensokyo:Python","floor":2,"turns":3},{"damage":3,"enemies":"Gensokyo:Gryphon","floor":3,"turns":3},{"damage":1,"enemies":"Gensokyo:VengefulSpirit","floor":5,"turns":3},{"damage":25,"enemies":"Gensokyo:Cirno","floor":6,"turns":5},{"damage":30,"enemies":"Gensokyo:3_Kodama","floor":11,"turns":5},{"damage":19,"enemies":"Gensokyo:Kokoro","floor":16,"turns":7},{"damage":0,"enemies":"Gensokyo:CosmicMonolith","floor":22,"turns":1},{"damage":34,"enemies":"Gensokyo:Tenshi","floor":24,"turns":3},{"damage":5,"enemies":"Gensokyo:AngelMirror","floor":27,"turns":1},{"damage":0,"enemies":"Gensokyo:Reisen","floor":29,"turns":3},{"damage":18,"enemies":"Gensokyo:Swordslinger","floor":30,"turns":3},{"damage":2,"enemies":"Gensokyo:Eiki","floor":33,"turns":4},{"damage":0,"enemies":"Gensokyo:AncientGuardian","floor":35,"turns":1},{"damage":0,"enemies":"Gensokyo:3_Boulders","floor":37,"turns":1},{"damage":0,"enemies":"Gensokyo:Kasen","floor":41,"turns":2},{"damage":12,"enemies":"Gensokyo:4_Bats","floor":44,"turns":5},{"damage":0,"enemies":"Gensokyo:4_Bats","floor":47,"turns":2},{"damage":0,"enemies":"Gensokyo:Doremy","floor":48,"turns":1},{"damage":11,"enemies":"Gensokyo:Shinki","floor":50,"turns":4},{"damage":25,"enemies":"Malkuth","floor":51,"turns":5},{"damage":39,"enemies":"Yesod","floor":51,"turns":6},{"damage":65,"enemies":"Tiphereth","floor":51,"turns":5},{"damage":64,"enemies":"Binah","floor":51,"turns":8},{"damage":156,"enemies":"Angela","floor":51,"turns":4}],"seed_played":"-8520732844129254679","potions_obtained":[{"floor":1,"key":"Swift Potion"},{"floor":3,"key":"FairyPotion"},{"floor":6,"key":"Swift Potion"},{"floor":10,"key":"testmod-SpacePotion"},{"floor":10,"key":"EntropicBrew"},{"floor":22,"key":"testmod-SpacePotion"},{"floor":27,"key":"LiquidBronze"},{"floor":29,"key":"testmod-TimePotion"},{"floor":30,"key":"Energy Potion"}],"is_trial":false,"path_per_floor":["M","M","M","$","M","E","?","R","T","?","M","$","R","$","R","B",null,"M","?","$","T","M","R","E","$","T","M","R","E","M","$","R","B",null,"M","?","M","?","?","R","E","R","T","M","R","$","M","E","R","B",null],"character_chosen":"Angela","items_purchased":["TimeFreeze","REME_HourglassOfDeath"],"campfire_rested":0,"item_purchase_floors":[46,46],"current_hp_per_floor":[71,65,68,68,73,66,48,48,48,48,27,27,27,27,27,30,81,81,81,81,81,86,86,63,63,63,64,64,70,74,74,74,86,114,119,110,115,98,115,115,120,120,120,120,120,120,122,123,123,124],"gold":330,"neow_bonus":"TRANSFORM_TWO_CARDS","is_daily":false,"chose_seed":false,"campfire_upgraded":0,"win_rate":0.0,"timestamp":1610046511,"path_taken":["M","?","?","$","M","E","?","R","T","?","?","?","R","$","R","BOSS","M","?","$","?","M","R","E","?","T","M","R","E","M","$","R","BOSS","M","?","M","?","?","R","E","R","T","M","R","?","M","E","R","BOSS"],"items_purchased_type":["Relic","Relic"],"build_version":"2020-12-22","purchased_purges":2,"victory":true,"max_hp_per_floor":[71,72,73,73,74,75,75,75,75,75,76,76,76,76,76,81,81,81,81,81,81,86,86,91,91,91,96,96,97,113,113,113,114,114,119,110,115,115,115,115,120,120,120,121,121,121,122,123,123,124],"card_choices":[{"not_picked":["TodaysExpression"],"picked":"Ecstasy","floor":1},{"not_picked":["WallGazer","Woodsman"],"picked":"ShyLook","floor":1},{"not_picked":["ParadiseLost","Discord","ShedSkin"],"picked":"LifeForTheDareDevil","floor":2},{"not_picked":["Alriune","SpiderBud"],"picked":"PunishingBird","floor":2},{"not_picked":["Loneliness","BlackSwan_ego","BearPaw"],"picked":"Laetitia_ego","floor":2},{"not_picked":["Hornet","Beak","Heaven","Moonlight"],"picked":"SKIP","floor":3},{"not_picked":["TheSmile","TodaysExpression","Beak","LifeForTheDareDevil"],"picked":"SKIP","floor":5},{"not_picked":["TodaysExpression","Tough","CUTE","TheSmile"],"picked":"SKIP","floor":5},{"not_picked":["SpiderBud","CrumblingArmor"],"picked":"OSAHOGD","floor":6},{"not_picked":["LifeForTheDareDevil","Noise","Hypocrisy","TheSmile"],"picked":"SKIP","floor":6},{"not_picked":["SomewhereSpear","FourthMatchFlame","Lantern"],"picked":"WristCuter","floor":11},{"not_picked":["MHz","RedShoes"],"picked":"SnowQueen","floor":11},{"not_picked":["SoundOfStar","Justitia","TheSmile","DaCapo"],"picked":"GoldRush","floor":16},{"not_picked":["DaCapo","SoundOfStar","Twilight","Pinks"],"picked":"GoldRush","floor":16},{"not_picked":["FairyFestival","CherryBlossoms"],"picked":"OldLady","floor":16},{"not_picked":["Murderer","CherryBlossoms"],"picked":"Wellcheers","floor":22},{"not_picked":["RedEyes","WristCuter","Lantern","Justitia","RapturousDream+1"],"picked":"SKIP","floor":22},{"not_picked":["CENSORED","Variant"],"picked":"MHz","floor":24},{"not_picked":["Loneliness+1","SwordSharpenedByTears+1","Penitence+1","Ecstasy+1","Heaven+1"],"picked":"SKIP","floor":24},{"not_picked":["Penitence+1","RedEyes+1","Horn+1","MagicBullet+1","Beak+1"],"picked":"SKIP","floor":24},{"not_picked":["GalaxyChild","FairyFestival"],"picked":"BeautyBeast","floor":27},{"not_picked":["WristCuter+1","Discord+1","Horn+1","FourthMatchFlame+1"],"picked":"BearPaw+1","floor":27},{"not_picked":["Tough+1","Christmas+1","Lantern+1","CUTE+1"],"picked":"RapturousDream+1","floor":29},{"not_picked":["Lamp+1","DaCapo+1","Reverberation+1","RedEyes+1"],"picked":"GreenStem+1","floor":30},{"not_picked":["ParadiseLost+1","Pinks+1","Adoration+1","CENSORED_ego+1"],"picked":"GoldRush+1","floor":33},{"not_picked":["LaLuna","BigBird"],"picked":"Bloodbath","floor":35},{"not_picked":["Beak+1","BlackSwan_ego+1","Laetitia_ego+1","CUTE+1"],"picked":"Pinks+1","floor":35},{"not_picked":["PlagueDoctor","BodiesMountain"],"picked":"LongBird","floor":37},{"not_picked":["Loneliness+1","Harvest+1","RapturousDream+1","Penitence+1"],"picked":"SoundOfStar+1","floor":37},{"not_picked":["Loneliness+1","CENSORED_ego+1","FeatherOfHonor+1","Galaxy+1"],"picked":"Ecstasy+1","floor":41},{"not_picked":["Porccubus","DespairKnight"],"picked":"BigBird","floor":41},{"not_picked":["Hypocrisy+1","FourthMatchFlame+1","TodaysExpression+1","ShedSkin+1"],"picked":"Wingbeat+1","floor":41},{"not_picked":["Pleasure+1","RedEyes+1","Harvest+1","SomewhereSpear+1"],"picked":"CherryBlossom+1","floor":44},{"not_picked":["SomewhereSpear+1","ScreamingWedge+1","CUTE+1","BlueScar+1"],"picked":"WristCuter+1","floor":47},{"not_picked":["Regret_ego+1","Heaven+1","BloodyDesire+1","ScreamingWedge+1","Beak+1"],"picked":"SKIP","floor":47},{"not_picked":["CUTE+1","MagicBullet+1","Tough+1","CherryBlossom+1"],"picked":"BlackSwan_ego+1","floor":48}],"player_experience":112729,"relics_obtained":[{"floor":1,"key":"SynthV:TestCard"},{"floor":1,"key":"LetterFromLob"},{"floor":6,"key":"Bronze Scales"},{"floor":9,"key":"Mummified Hand"},{"floor":24,"key":"Dead Branch"},{"floor":26,"key":"Ornamental Fan"},{"floor":29,"key":"Kunai"},{"floor":41,"key":"Boot"},{"floor":43,"key":"Frozen Egg 2"},{"floor":44,"key":"Twilight"},{"floor":48,"key":"testmod-Fortitude"}],"event_choices":[{"damage_healed":0,"gold_gain":0,"player_choice":"Swap Relic","damage_taken":0,"relics_obtained":["Cauldron"],"max_hp_gain":0,"max_hp_loss":0,"event_name":"给自己的盒子","floor":10,"relics_lost":["Cauldron"],"gold_loss":0},{"damage_healed":0,"gold_gain":400,"player_choice":"Sell","damage_taken":0,"max_hp_gain":0,"max_hp_loss":0,"event_name":"恩洛斯的盘子","floor":39,"relics_lost":["DaveBox"],"gold_loss":0}],"is_beta":false,"boss_relics":[{"not_picked":["SacredBark","testmod-PortableAltar"],"picked":"ChiXiaoBlade"},{"not_picked":["HaiYi:Twilight","Black Star"],"picked":"AT_MortalBlade"}],"items_purged_floors":[12,20],"is_endless":false,"potions_floor_spawned":[1,3,6,22,27,29,30,37,47],"ascension_level":0}}