{"host":"f5ezd1v29dtbwkzo","time":1610021292,"event":{"mods":["2.2 Compatiblity","BaseMod","Hermit","Hubris","Infinite Spire","Minty Spire (QoL Compilation)","Rare Cards Sparkle","Replay The Spire","StSLib"],"gold_per_floor":[110,185,197,209,221,250,250,250,250,266,266,20,33,43,43,141,191,208,208,222,222,321,321,353,353,380,67,67,98,109,121,121,219,219,230,230,74,97,107,107,124,124,150,160,210,239,265,265,265,265],"floor_reached":51,"playtime":1870,"items_purged":["Strike_R","Defend_R"],"score":740,"play_id":"69c6f7d8-43fb-4f65-a694-5d9e0a755fc6","local_time":"20210107150812","is_ascension_mode":false,"campfire_choices":[{"data":"Bludgeon","floor":7,"key":"SMITH"},{"data":"ReplayTheSpireMod:Muscle Training","floor":11,"key":"SMITH"},{"data":"Inflame","floor":15,"key":"SMITH"},{"floor":23,"key":"REST"},{"floor":25,"key":"REST"},{"data":"Limit Break","floor":32,"key":"SMITH"},{"floor":40,"key":"REST"},{"data":"Berserk","floor":42,"key":"SMITH"},{"floor":49,"key":"REST"}],"circlet_count":0,"master_deck":["Strike_R","Strike_R","Strike_R+1","Defend_R","Defend_R","Defend_R","Bash","Inflame+1","Twin Strike","Bludgeon+1","ReplayTheSpireMod:Muscle Training+1","Replay:Undeath\u0027s Touch","ReplayTheSpireMod:Private Reserves","Berserk+1","Shrug It Off","Bandage Up","Bandage Up","Limit Break+1","Thunderclap","Uppercut","ReplayTheSpireMod:LeadingStrike+1","Iron Wave+1","Parasite","Replay:Undeath\u0027s Touch","Inflame"],"relics":["Burning Blood","Oddly Smooth Stone","Ginger","Du-Vu Doll","HandDrill","Tiny House","Toy Ornithopter","Regal Pillow","Orichalcum","Centennial Puzzle","infinitespire:Beetle Shell","The Courier","hubris:HollowSoul","Membership Card","Strange Spoon","infinitespire:EmpoweringShard","Replay:Mystery Machine","Dead Branch","Mummified Hand","Blue Doll"],"acts_visited":["Exordium","TheCity","TheBeyond"],"potions_floor_usage":[10,16,16,18,18,29,29,33,33,50],"damage_taken":[{"damage":0,"enemies":"Small Slimes","floor":1,"turns":4},{"damage":2,"enemies":"2 Louse","floor":3,"turns":3},{"damage":0,"enemies":"Cultist","floor":4,"turns":3},{"damage":0,"enemies":"Exordium Wildlife","floor":5,"turns":4},{"damage":25,"enemies":"Lagavulin","floor":6,"turns":5},{"damage":1,"enemies":"Looter","floor":10,"turns":1},{"damage":1,"enemies":"Blue Slaver","floor":13,"turns":3},{"damage":9,"enemies":"3 Louse","floor":14,"turns":4},{"damage":18,"enemies":"Fading Forest","floor":16,"turns":11},{"damage":23,"enemies":"2 Thieves","floor":18,"turns":4},{"damage":10,"enemies":"Chosen","floor":20,"turns":4},{"damage":68,"enemies":"Book of Stabbing","floor":24,"turns":7},{"damage":20,"enemies":"Gremlin Leader","floor":29,"turns":5},{"damage":7,"enemies":"Centurion and Healer","floor":30,"turns":5},{"damage":12,"enemies":"Cultist and Chosen","floor":31,"turns":5},{"damage":67,"enemies":"hubris:MusketHawk","floor":33,"turns":7},{"damage":52,"enemies":"3 Darklings","floor":35,"turns":6},{"damage":16,"enemies":"3 Shapes","floor":39,"turns":4},{"damage":22,"enemies":"Sphere and 2 Shapes","floor":41,"turns":5},{"damage":12,"enemies":"Writhing Mass","floor":44,"turns":4},{"damage":33,"enemies":"Mind Bloom Boss Battle","floor":45,"turns":7},{"damage":42,"enemies":"Reptomancer","floor":46,"turns":5},{"damage":67,"enemies":"Time Eater","floor":50,"turns":6}],"seed_played":"-4095062282537737099","potions_obtained":[{"floor":1,"key":"Fire Potion"},{"floor":5,"key":"DuplicationPotion"},{"floor":6,"key":"PowerPotion"},{"floor":13,"key":"Ancient Potion"},{"floor":14,"key":"Fire Potion"},{"floor":16,"key":"LifebloodPotion"},{"floor":17,"key":"Cursed Concoction"},{"floor":18,"key":"Strength Potion"},{"floor":24,"key":"infinitespire:BlackPotion"},{"floor":31,"key":"Reflective Coating"},{"floor":41,"key":"Elixir"},{"floor":46,"key":"HeartOfIron"}],"is_trial":false,"path_per_floor":["M","?","M","M","M","E","R","?","T","M","R","$","M","M","R","B",null,"M","AVR","M","?","?","R","E","R","T","$","?","E","M","M","R","B",null,"M","$","$","T","M","R","M","R","T","M","?","E","T","?","R","B",null],"character_chosen":"IRONCLAD","items_purchased":["HandDrill","ReplayTheSpireMod:Private Reserves","infinitespire:Beetle Shell","Bandage Up","Membership Card","Strange Spoon","infinitespire:EmpoweringShard"],"campfire_rested":4,"item_purchase_floors":[12,12,27,27,36,37,37],"current_hp_per_floor":[80,69,73,79,80,61,61,61,61,66,66,66,71,68,68,66,85,68,68,64,64,64,85,23,63,63,63,63,67,74,76,76,29,85,43,33,33,33,31,71,63,63,63,65,50,22,22,22,62,14],"gold":265,"neow_bonus":"RANDOM_COMMON_RELIC","is_daily":false,"chose_seed":false,"campfire_upgraded":5,"win_rate":0.0,"timestamp":1610021292,"path_taken":["M","?","M","M","M","E","R","?","T","M","R","$","M","?","R","BOSS","M","AVR","M","?","?","R","E","R","T","$","?","E","M","?","R","BOSS","M","?","$","?","M","R","M","R","T","M","?","E","?","?","R","BOSS"],"items_purchased_type":["Relic","Card","Relic","Card","Relic","Relic","Relic"],"build_version":"2020-12-22","purchased_purges":2,"victory":true,"max_hp_per_floor":[80,80,80,80,80,80,80,80,80,80,80,80,80,80,80,80,85,85,85,85,85,85,85,85,85,85,85,85,85,85,85,85,85,85,85,85,85,85,85,85,85,85,85,85,85,85,85,85,85,85],"card_choices":[{"not_picked":["ReplayReversal","Fire Breathing"],"picked":"Inflame","floor":1},{"not_picked":["Intimidate","Anger"],"picked":"Twin Strike","floor":3},{"not_picked":["Cleave","Twin Strike"],"picked":"Bludgeon","floor":4},{"not_picked":["hubris:ReadiedAction","Iron Wave"],"picked":"ReplayTheSpireMod:Muscle Training","floor":5},{"not_picked":["Uppercut","infinitespire:OneForAll"],"picked":"Replay:Undeath\u0027s Touch","floor":6},{"not_picked":["Run Through","ReplayTheSpireMod:Strike From Hell","ReplayTheSpireMod:Muscle Training"],"picked":"SKIP","floor":10},{"not_picked":["Combust","Carnage","Flame Barrier"],"picked":"SKIP","floor":13},{"not_picked":["Sever Soul","Run Through","Defy Death"],"picked":"SKIP","floor":14},{"not_picked":["Bludgeon","Juggernaut"],"picked":"Berserk","floor":16},{"not_picked":["Twin Strike","infinitespire:OneForAll","Whirlwind"],"picked":"SKIP","floor":18},{"not_picked":["Sword Boomerang","Hemokinesis"],"picked":"Shrug It Off","floor":20},{"not_picked":["Searing Blow+1","Iron Wave","Fiend Fire"],"picked":"SKIP","floor":24},{"not_picked":["Clash","Eclipse"],"picked":"Limit Break","floor":29},{"not_picked":["Defy Death","Wild Strike"],"picked":"Thunderclap","floor":30},{"not_picked":["Run Through","Havoc"],"picked":"Uppercut","floor":31},{"not_picked":["Spot Weakness","ReplayTheSpireMod:LeadingStrike+1","Shrug It Off"],"picked":"SKIP","floor":35},{"not_picked":["Spot Weakness","Shrug It Off"],"picked":"ReplayTheSpireMod:LeadingStrike+1","floor":35},{"not_picked":["Rupture+1","Replay:Undeath\u0027s Touch","Shrug It Off"],"picked":"SKIP","floor":39},{"not_picked":["Burning Pact+1","Flex+1"],"picked":"Iron Wave+1","floor":41},{"not_picked":["Body Slam","Defy Death"],"picked":"Replay:Undeath\u0027s Touch","floor":44},{"not_picked":["Flex","Life Link"],"picked":"Inflame","floor":45},{"not_picked":["Sentinel+1","Barricade","Sever Soul"],"picked":"SKIP","floor":46}],"player_experience":359039,"relics_obtained":[{"floor":6,"key":"Ginger"},{"floor":9,"key":"Du-Vu Doll"},{"floor":24,"key":"Orichalcum"},{"floor":26,"key":"Centennial Puzzle"},{"floor":29,"key":"The Courier"},{"floor":38,"key":"Replay:Mystery Machine"},{"floor":45,"key":"Dead Branch"},{"floor":46,"key":"Mummified Hand"},{"floor":47,"key":"Blue Doll"}],"event_choices":[{"damage_healed":0,"gold_gain":75,"player_choice":"Gather Gold","damage_taken":11,"max_hp_gain":0,"max_hp_loss":0,"event_name":"World of Goop","floor":2,"gold_loss":0},{"cards_removed":["Strike_R"],"damage_healed":0,"gold_gain":0,"player_choice":"Purged","damage_taken":0,"max_hp_gain":0,"max_hp_loss":0,"event_name":"Purifier","floor":8,"gold_loss":0},{"damage_healed":0,"gold_gain":99,"player_choice":"Stole From Cult","damage_taken":0,"max_hp_gain":0,"max_hp_loss":0,"event_name":"Nest","floor":22,"gold_loss":0},{"damage_healed":0,"gold_gain":0,"player_choice":"Copied","damage_taken":0,"max_hp_gain":0,"max_hp_loss":0,"event_name":"Duplicator","floor":28,"gold_loss":0,"cards_obtained":["Bandage Up"]},{"damage_healed":0,"gold_gain":0,"player_choice":"Fight","damage_taken":0,"max_hp_gain":0,"max_hp_loss":0,"event_name":"MindBloom","floor":45,"gold_loss":0}],"is_beta":false,"boss_relics":[{"not_picked":["Replay:Bronze Core","Runic Cube"],"picked":"Tiny House"},{"not_picked":["ReplayTheSpireMod:DimensionalGlitch","Snecko Eye"],"picked":"hubris:HollowSoul"}],"items_purged_floors":[19,27],"is_endless":false,"potions_floor_spawned":[1,5,6,13,14,16,18,24,31,41,46],"ascension_level":0}}