{"host":"yptvp0rjza9g9li7","time":1610029399,"event":{"mods":["AchievementEnabler","BaseMod","Colored Map","Colored Powertips","DeckTracker","Minty Spire (QoL Compilation)","SuperFastMode"],"gold_per_floor":[109,59,59,77,90,90,60,60,60,60,95,95,95,110,110,210,210,230,247,247,172,192,192,192],"floor_reached":23,"playtime":1175,"items_purged":["Strike_G"],"score":189,"play_id":"a08fb346-c55b-4a8c-af9a-41ba97e2323b","local_time":"20210107232319","is_ascension_mode":false,"campfire_choices":[{"data":"Neutralize","floor":6.0,"key":"SMITH"},{"data":"PiercingWail","floor":8,"key":"SMITH"},{"data":"Grand Finale","floor":10,"key":"SMITH"},{"floor":13,"key":"REST"},{"floor":15,"key":"REST"}],"circlet_count":0,"master_deck":["Strike_G","Strike_G","Strike_G","Defend_G","Defend_G","Defend_G","Defend_G","Survivor","Neutralize+1","Grand Finale+1","PiercingWail+1","Crippling Poison","Parasite","After Image","Acrobatics+1","Acrobatics+1","Backflip+1"],"relics":["Ring of the Serpent","InkBottle","Toxic Egg 2"],"acts_visited":["Exordium","TheCity"],"potions_floor_usage":[16,16,18],"damage_taken":[{"damage":0.0,"enemies":"Jaw Worm","floor":1.0,"turns":6.0},{"damage":0.0,"enemies":"Small Slimes","floor":4.0,"turns":5.0},{"damage":0.0,"enemies":"2 Louse","floor":5.0,"turns":2.0},{"damage":0.0,"enemies":"Looter","floor":7.0,"turns":4.0},{"damage":50,"enemies":"Gremlin Nob","floor":11,"turns":7},{"damage":1,"enemies":"Exordium Wildlife","floor":14,"turns":5},{"damage":48,"enemies":"The Guardian","floor":16,"turns":14},{"damage":17,"enemies":"2 Thieves","floor":18,"turns":4},{"damage":8,"enemies":"Shell Parasite","floor":19,"turns":17},{"damage":8,"enemies":"Snake Plant","floor":22,"turns":5},{"damage":40,"enemies":"Slavers","floor":23,"turns":4}],"seed_played":"-8690747251657527539","potions_obtained":[{"floor":5.0,"key":"CultistPotion"},{"floor":11,"key":"Strength Potion"},{"floor":14,"key":"Explosive Potion"}],"is_trial":false,"path_per_floor":["M","?","$","M","M","R","M","R","T","R","E","?","R","M","R","B",null,"M","M","?","$","M","E"],"character_chosen":"THE_SILENT","items_purchased":[],"campfire_rested":2,"item_purchase_floors":[],"current_hp_per_floor":[70,70,70,70,70,70,70,70,70,70,20,37,58,57,70,22,70,53,45,45,45,37,0,0],"gold":192,"neow_bonus":"TRANSFORM_CARD","is_daily":false,"chose_seed":false,"campfire_upgraded":3,"win_rate":0.0,"timestamp":1610029399,"path_taken":["M","?","$","M","M","R","M","R","T","R","E","?","R","M","R","BOSS","M","M","?","$","M","E"],"items_purchased_type":[],"build_version":"2020-12-22","purchased_purges":1,"victory":false,"max_hp_per_floor":[70,70,70,70,70,70,70,70,70,70,70,70,70,70,70,70,70,70,70,70,70,70,70,70],"card_choices":[{"not_picked":["Dagger Spray","Sucker Punch","Underhanded Strike"],"picked":"SKIP","floor":1.0},{"not_picked":["Heel Hook","Dagger Spray","Caltrops"],"picked":"SKIP","floor":4.0},{"not_picked":["Heel Hook","Eviscerate"],"picked":"PiercingWail","floor":5.0},{"not_picked":["Bane","Riddle With Holes"],"picked":"Crippling Poison","floor":7},{"not_picked":["Accuracy","Terror+1","Finisher"],"picked":"SKIP","floor":11},{"not_picked":["Endless Agony","Dodge and Roll+1","Terror+1"],"picked":"SKIP","floor":14},{"not_picked":["Envenom","Phantasmal Killer+1"],"picked":"After Image","floor":16},{"not_picked":["Bouncing Flask+1","Blade Dance+1"],"picked":"Acrobatics+1","floor":18},{"not_picked":["Underhanded Strike","Dodge and Roll+1"],"picked":"Acrobatics+1","floor":19},{"not_picked":["Blur+1","Heel Hook"],"picked":"Backflip+1","floor":22}],"player_experience":167157,"relics_obtained":[{"floor":9,"key":"InkBottle"},{"floor":11,"key":"Toxic Egg 2"}],"event_choices":[{"cards_removed":["Defend_G"],"damage_healed":0.0,"max_hp_gain":0.0,"max_hp_loss":0.0,"gold_gain":0.0,"event_name":"The Cleric","player_choice":"Card Removal","floor":2.0,"gold_loss":50.0,"damage_taken":0.0},{"damage_healed":17,"gold_gain":0,"player_choice":"Healed and dodged fight","damage_taken":0,"max_hp_gain":0,"max_hp_loss":0,"event_name":"Mushrooms","floor":12,"gold_loss":0,"cards_obtained":["Parasite"]},{"damage_healed":0,"gold_gain":0,"player_choice":"Ignored","damage_taken":0,"max_hp_gain":0,"max_hp_loss":0,"event_name":"Ghosts","floor":20,"gold_loss":0}],"is_beta":false,"boss_relics":[{"not_picked":["Runic Pyramid","Coffee Dripper"],"picked":"Ring of the Serpent"}],"items_purged_floors":[21],"is_endless":false,"potions_floor_spawned":[5,11,14],"killed_by":"Slavers","ascension_level":0}}