{"host":"s9dep4x43c14s74h","time":1610008026,"event":{"mods":["BaseMod","Downfall","Gremlin Mod","Hermit","HololiveMod","Jorbs\u0027s Wanderer Trilogy","Lobotomy","Marisa????????","Minty Spire (QoL Compilation)","Replay The Spire","StSLib","The Animator","The Bug Knight","The Construct","The Cursed","The Necromancer","The Runesmith","The Servant 0.9.4"],"gold_per_floor":[199,211,222,235,65,92,392,406,406,406,406,406],"floor_reached":10,"playtime":757,"items_purged":[],"score":78,"play_id":"b7359fd3-a764-4b5e-8ca3-6259ad216dc9","local_time":"20210107112706","is_ascension_mode":true,"campfire_choices":[{"floor":1,"key":"DIG"},{"data":"Guardian:CrystalBeam","floor":9,"key":"SMITH"}],"circlet_count":0,"master_deck":["Guardian:Strike_Guardian","Guardian:Strike_Guardian","Guardian:Strike_Guardian","Guardian:Strike_Guardian","Guardian:Defend_Guardian","Guardian:Defend_Guardian","Guardian:Defend_Guardian","Guardian:Defend_Guardian","Guardian:CurlUp","Guardian:TwinSlam","Guardian:PrimingBeam","Guardian:PrimingBeam","Guardian:CrystalBeam+1","Guardian:PiercingHide","Guardian:PrimingBeam","Guardian:PrismaticBeam"],"relics":["Guardian:ModeShifter","HollowMod:QueensCombRelic","DollysMirror","ReplayTheSpireMod:Shallot","Old Coin"],"acts_visited":["Exordium"],"potions_floor_usage":[6],"damage_taken":[{"damage":2,"enemies":"Small Slimes","floor":2,"turns":3},{"damage":0,"enemies":"Cultist","floor":3,"turns":4},{"damage":2,"enemies":"Jaw Worm","floor":4,"turns":3},{"damage":10,"enemies":"downfall:FleeingMerchant","floor":5,"turns":4},{"damage":28,"enemies":"HollowMod:MossKnight","floor":6,"turns":9},{"damage":13,"enemies":"Large Slime","floor":8,"turns":5},{"damage":39,"enemies":"Gremlin Nob","floor":10,"turns":4}],"seed_played":"-584009517985247998","potions_obtained":[{"floor":3,"key":"champ:CounterPotion"}],"is_trial":false,"path_per_floor":["R","M","M","M","$","E","T","M","R","E"],"character_chosen":"GUARDIAN","items_purchased":["DollysMirror"],"campfire_rested":0,"item_purchase_floors":[5],"current_hp_per_floor":[52,50,52,50,42,18,18,9,9,0,0,0],"gold":406,"neow_bonus":"HUNDRED_GOLD","is_daily":false,"chose_seed":false,"campfire_upgraded":1,"win_rate":0.0,"timestamp":1610008026,"path_taken":["R","M","M","M","$","E","T","M","R","E"],"items_purchased_type":["Relic"],"build_version":"2020-12-22","purchased_purges":0,"victory":false,"max_hp_per_floor":[52,52,52,52,52,52,52,52,52,52,52,52],"card_choices":[{"not_picked":["Guardian:Recover","Guardian:Reroute"],"picked":"Guardian:PrimingBeam","floor":2},{"not_picked":["Guardian:ShieldSpikes","Guardian:ChargeCore"],"picked":"Guardian:PrimingBeam","floor":3},{"not_picked":["Guardian:Gem_Green","Guardian:Suspension"],"picked":"Guardian:CrystalBeam","floor":4},{"not_picked":["Guardian:Incinerate","Guardian:Emergency"],"picked":"Guardian:PiercingHide","floor":5},{"not_picked":["Guardian:FuturePlans","Guardian:PrimingBeam"],"picked":"Guardian:PrismaticBeam","floor":6},{"not_picked":["Guardian:Preprogram","Guardian:Recover"],"picked":"Guardian:Gem_Blue","floor":8}],"player_experience":834699,"relics_obtained":[{"floor":1,"key":"HollowMod:QueensCombRelic"},{"floor":6,"key":"ReplayTheSpireMod:Shallot"},{"floor":7,"key":"Old Coin"}],"event_choices":[],"is_beta":false,"boss_relics":[],"items_purged_floors":[],"is_endless":false,"potions_floor_spawned":[3],"killed_by":"Gremlin Nob","ascension_level":3}}