{"host":"pa9f0x1gh89g8gxw","time":1610006082,"event":{"mods":["BaseMod","Colored Powertips","Hubris","Infinite Spire","Minty Spire (QoL Compilation)","Replay The Spire","StSLib"],"gold_per_floor":[119,136,136,136,211,245,245,245,245,266,304,304,344,365,365,365,365],"floor_reached":16,"playtime":441,"items_purged":[],"score":150,"play_id":"4f2c2700-521d-4c73-a9cc-739a9e4530e7","local_time":"20210107185442","is_ascension_mode":true,"campfire_choices":[{"data":"Zap","floor":7,"key":"SMITH"},{"data":"FIFO Queue","floor":12,"key":"SMITH"},{"floor":15,"key":"DIG"}],"circlet_count":0,"master_deck":["Strike_B","Strike_B","Strike_B","Strike_B","Defend_B","Defend_B","Defend_B","Defend_B","Zap+1","Dualcast","Self Repair+1","Cold Snap","Pot Of Greed","Pot Of Greed","FIFO Queue+1","Capacitor","Cold Snap"],"relics":["Cracked Core","NeowsBlessing","Golden Idol","Counterbalance","Replay:Multitool","White Beast Statue","Grinning Jar","infinitespire:Joker Card","hubris:PeanutButter"],"acts_visited":["Exordium"],"potions_floor_usage":[13,16,16],"damage_taken":[{"damage":0,"enemies":"2 Louse","floor":1,"turns":1},{"damage":0,"enemies":"Small Slimes","floor":2,"turns":1},{"damage":0,"enemies":"3 Sentries","floor":6,"turns":1},{"damage":1,"enemies":"Jaw Worm","floor":10,"turns":3},{"damage":12,"enemies":"Gremlin Nob","floor":11,"turns":4},{"damage":33,"enemies":"3 Sentries","floor":13,"turns":8},{"damage":19,"enemies":"Gremlin Gang","floor":14,"turns":8},{"damage":28,"enemies":"Slime Boss","floor":16,"turns":6}],"seed_played":"-7613519219134793776","potions_obtained":[{"floor":2,"key":"PotionOfCapacity"},{"floor":10,"key":"Elixir"},{"floor":11,"key":"Fire Potion"},{"floor":13,"key":"Adrenaline Potion"}],"is_trial":false,"path_per_floor":["M","M","?","?","?","E","R","?","T","M","E","R","E","M","R","B"],"character_chosen":"DEFECT","items_purchased":[],"campfire_rested":0,"item_purchase_floors":[],"current_hp_per_floor":[75,75,57,57,46,46,46,46,46,55,53,53,30,21,21,0,0],"gold":365,"neow_bonus":"THREE_ENEMY_KILL","is_daily":false,"chose_seed":false,"campfire_upgraded":2,"win_rate":0.0,"timestamp":1610006082,"path_taken":["M","M","?","?","?","E","R","?","T","M","E","R","E","?","R","BOSS"],"items_purchased_type":[],"build_version":"2020-12-22","purchased_purges":0,"victory":false,"max_hp_per_floor":[75,75,75,75,75,75,75,75,75,75,75,75,75,75,75,75,75],"card_choices":[{"not_picked":["Coolheaded","Darkness","Streamline"],"picked":"SKIP","floor":1},{"not_picked":["Turbo","Rebound"],"picked":"Self Repair","floor":2},{"not_picked":["ReplaySolidLightProjector","Stack","Leap"],"picked":"SKIP","floor":6},{"not_picked":["Leap","Sweeping Beam"],"picked":"Cold Snap","floor":10},{"not_picked":["Turbo","Ball Lightning"],"picked":"FIFO Queue","floor":11},{"not_picked":["BasicCrystalCard","Fusion"],"picked":"Capacitor","floor":13},{"not_picked":["Panic Button","Stack"],"picked":"Cold Snap","floor":14}],"player_experience":463193,"relics_obtained":[{"floor":6,"key":"Counterbalance"},{"floor":9,"key":"White Beast Statue"},{"floor":11,"key":"Grinning Jar"},{"floor":13,"key":"infinitespire:Joker Card"},{"floor":15,"key":"hubris:PeanutButter"}],"event_choices":[{"damage_healed":0,"gold_gain":0,"player_choice":"Take Damage","damage_taken":18,"relics_obtained":["Golden Idol"],"max_hp_gain":0,"max_hp_loss":0,"event_name":"Golden Idol","floor":3,"gold_loss":0},{"damage_healed":0,"gold_gain":0,"player_choice":"Grow","damage_taken":0,"max_hp_gain":0,"max_hp_loss":0,"event_name":"Living Wall","floor":4,"gold_loss":0,"cards_upgraded":["Self Repair"]},{"damage_healed":0,"gold_gain":75,"player_choice":"Gather Gold","damage_taken":11,"max_hp_gain":0,"max_hp_loss":0,"event_name":"World of Goop","floor":5,"gold_loss":0},{"damage_healed":0,"gold_gain":0,"player_choice":"Searched \u00271\u0027 times","damage_taken":0,"relics_obtained":["Replay:Multitool"],"max_hp_gain":0,"max_hp_loss":0,"event_name":"Dead Adventurer","floor":8,"gold_loss":0}],"is_beta":false,"boss_relics":[],"items_purged_floors":[],"is_endless":false,"potions_floor_spawned":[2,10,11,13,14],"killed_by":"Slime Boss","ascension_level":1}}