{"host":"agbyy69nq62afhwx","time":1610043950,"event":{"mods":["BaseMod","Colored Map","DeckTracker","Highlight Path","Keyboard Shortcuts","Minty Spire (QoL Compilation)","Quick Restart","StSLib","SuperFastMode","everything is the same but u backflip on backflip"],"gold_per_floor":[117,2,2,2,2,2,31,31,57,86,104,104,104,118,118,237,237,260,185,185,208,222,222,237,275,275,275,299,47,47,47,47,173,173,192,192,168,193,193,193,207,227,227,250,250,265,265,308,308,308],"floor_reached":51,"playtime":1819,"items_purged":["Strike_B","Strike_B"],"score":985,"play_id":"bb557017-552a-42b6-8cb8-35deacb5eaf2","local_time":"20210108032550","is_ascension_mode":true,"campfire_choices":[{"data":"Genetic Algorithm","floor":6.0,"key":"SMITH"},{"data":"Skim","floor":8.0,"key":"SMITH"},{"data":"Dualcast","floor":13.0,"key":"SMITH"},{"data":"White Noise","floor":15.0,"key":"SMITH"},{"floor":23.0,"key":"REST"},{"floor":27.0,"key":"REST"},{"data":"Loop","floor":30.0,"key":"SMITH"},{"floor":32.0,"key":"REST"},{"floor":40,"key":"REST"},{"floor":45,"key":"REST"},{"data":"Fission","floor":47,"key":"SMITH"},{"data":"Defragment","floor":49,"key":"SMITH"}],"circlet_count":0,"master_deck":["Zap","Dualcast+1","Skim+1","Genetic Algorithm+1","FTL","Gash","Gash","Conserve Battery","White Noise+1","Fission+1","Thunder Strike","Conserve Battery","Cold Snap","Echo Form","Redo+1","Turbo+1","Loop+1","Defragment+1","Panacea","Capacitor+1","Auto Shields+1","Fusion+1","Hologram+1","Coolheaded","Chill+1","Coolheaded+1","Machine Learning"],"relics":["Cracked Core","NeowsBlessing","Letter Opener","Boot","Omamori","Odd Mushroom","Golden Idol","SlaversCollar","StoneCalendar","Bird Faced Urn","Astrolabe","Incense Burner","Pen Nib"],"acts_visited":["Exordium","TheCity","TheBeyond"],"potions_floor_usage":[42,44,50,50,50],"damage_taken":[{"damage":0.0,"enemies":"Jaw Worm","floor":1.0,"turns":1.0},{"damage":0.0,"enemies":"Lagavulin","floor":7.0,"turns":1.0},{"damage":0.0,"enemies":"The Mushroom Lair","floor":10.0,"turns":1.0},{"damage":0.0,"enemies":"2 Louse","floor":11.0,"turns":2.0},{"damage":0.0,"enemies":"Cultist","floor":14.0,"turns":3.0},{"damage":29.0,"enemies":"Hexaghost","floor":16.0,"turns":9.0},{"damage":0.0,"enemies":"Chosen","floor":18.0,"turns":4.0},{"damage":19.0,"enemies":"Spheric Guardian","floor":21.0,"turns":5.0},{"damage":0.0,"enemies":"Centurion and Healer","floor":22.0,"turns":8.0},{"damage":29.0,"enemies":"Snake Plant","floor":24.0,"turns":5.0},{"damage":33.0,"enemies":"Book of Stabbing","floor":25.0,"turns":5.0},{"damage":10.0,"enemies":"Snecko","floor":28.0,"turns":6.0},{"damage":39.0,"enemies":"Collector","floor":33.0,"turns":9.0},{"damage":6.0,"enemies":"3 Shapes","floor":35.0,"turns":5.0},{"damage":67.0,"enemies":"3 Darklings","floor":38.0,"turns":6.0},{"damage":67,"enemies":"Writhing Mass","floor":41,"turns":7},{"damage":1,"enemies":"Spire Growth","floor":42,"turns":6},{"damage":18,"enemies":"Transient","floor":44,"turns":5},{"damage":0,"enemies":"4 Shapes","floor":46,"turns":7},{"damage":8,"enemies":"Giant Head","floor":48,"turns":9},{"damage":74,"enemies":"Time Eater","floor":50,"turns":10}],"seed_played":"-1622398030785852468","potions_obtained":[{"floor":1.0,"key":"Fire Potion"},{"floor":7.0,"key":"Fruit Juice"},{"floor":16.0,"key":"DistilledChaos"},{"floor":25.0,"key":"SkillPotion"},{"floor":28.0,"key":"Swift Potion"},{"floor":35.0,"key":"FairyPotion"},{"floor":42,"key":"GamblersBrew"},{"floor":44,"key":"Weak Potion"},{"floor":46,"key":"Ancient Potion"}],"is_trial":false,"path_per_floor":["M","$","?","$","?","R","E","R","T","?","M","?","R","M","R","B",null,"M","$","?","M","M","R","M","E","T","R","M","$","R","?","R","B",null,"M","?","$","M","?","R","M","M","T","M","R","M","R","E","R","B",null],"character_chosen":"DEFECT","items_purchased":["Genetic Algorithm","FTL","Defragment","Panacea","Coolheaded"],"campfire_rested":5,"item_purchase_floors":[2,2,29,29,37],"current_hp_per_floor":[68,68,73,73,55,55,55,55,55,55,55,35,35,35,35,6,62,62,62,62,43,43,67,38,10,10,35,29,29,29,29,54,25,70,70,70,70,15,15,40,21,28,28,20,45,61,61,69,69,11],"gold":308,"neow_bonus":"THREE_ENEMY_KILL","is_daily":false,"chose_seed":false,"campfire_upgraded":7,"win_rate":0.0,"timestamp":1610043950,"path_taken":["M","$","?","$","?","R","E","R","T","?","M","?","R","M","R","BOSS","M","$","?","M","M","R","M","E","T","R","M","$","R","?","R","BOSS","M","?","$","M","?","R","M","M","T","M","R","M","R","E","R","BOSS"],"items_purchased_type":["Card","Card","Card","Card","Card"],"build_version":"2020-12-22","purchased_purges":2,"victory":true,"max_hp_per_floor":[75,75,80,80,80,80,80,80,80,80,80,80,80,80,80,80,80,80,80,80,80,80,80,80,85,85,85,85,85,85,85,85,85,85,85,85,85,85,85,85,85,85,85,85,85,85,85,85,85,85],"card_choices":[{"not_picked":["Hologram","Compile Driver"],"picked":"Skim","floor":1.0},{"not_picked":["Go for the Eyes","Recycle"],"picked":"Gash","floor":7.0},{"not_picked":["Coolheaded","Ball Lightning"],"picked":"Gash","floor":10.0},{"not_picked":["Streamline","Consume"],"picked":"Conserve Battery","floor":11.0},{"not_picked":["Stack","Gash"],"picked":"White Noise","floor":14.0},{"not_picked":["Thunder Strike","Core Surge"],"picked":"Fission","floor":16.0},{"not_picked":["Streamline","Conserve Battery","Cold Snap"],"picked":"SKIP","floor":18.0},{"not_picked":["Redo","Force Field+1"],"picked":"Cold Snap","floor":21.0},{"not_picked":["Consume","Rip and Tear"],"picked":"Echo Form","floor":22.0},{"not_picked":["Sweeping Beam","Skim"],"picked":"Redo+1","floor":24.0},{"not_picked":["Amplify","Storm"],"picked":"Turbo+1","floor":25.0},{"not_picked":["Barrage","Beam Cell+1"],"picked":"Loop","floor":28.0},{"not_picked":["Steam","Cold Snap+1"],"picked":"Hologram+1","floor":35.0},{"not_picked":["Fusion","Capacitor+1","Cold Snap+1"],"picked":"SKIP","floor":38.0},{"not_picked":["Skim+1","Sunder"],"picked":"Chill+1","floor":41},{"not_picked":["Static Discharge","Ball Lightning"],"picked":"Coolheaded+1","floor":42},{"not_picked":["Hello World","Skim+1"],"picked":"Machine Learning","floor":44},{"not_picked":["Gash","Hologram","Go for the Eyes"],"picked":"SKIP","floor":46},{"not_picked":["Skim","Leap","Undo"],"picked":"SKIP","floor":48}],"player_experience":405849,"relics_obtained":[{"floor":7.0,"key":"Boot"},{"floor":9.0,"key":"Omamori"},{"floor":10.0,"key":"Odd Mushroom"},{"floor":25.0,"key":"StoneCalendar"},{"floor":26.0,"key":"Bird Faced Urn"},{"floor":43,"key":"Incense Burner"},{"floor":48,"key":"Pen Nib"}],"event_choices":[{"damage_healed":0.0,"max_hp_gain":5.0,"max_hp_loss":0.0,"gold_gain":0.0,"event_name":"Big Fish","player_choice":"Donut","floor":3.0,"gold_loss":0.0,"damage_taken":0.0},{"damage_healed":0.0,"max_hp_gain":0.0,"max_hp_loss":0.0,"gold_gain":0.0,"event_name":"Scrap Ooze","player_choice":"Success","floor":5.0,"gold_loss":0.0,"damage_taken":18.0,"relics_obtained":["Letter Opener"]},{"damage_healed":0.0,"max_hp_gain":0.0,"max_hp_loss":0.0,"gold_gain":0.0,"event_name":"Mushrooms","player_choice":"Fought Mushrooms","floor":10.0,"gold_loss":0.0,"damage_taken":0.0},{"damage_healed":0.0,"max_hp_gain":0.0,"max_hp_loss":0.0,"gold_gain":0.0,"event_name":"Golden Idol","player_choice":"Take Damage","floor":12.0,"gold_loss":0.0,"damage_taken":20.0,"relics_obtained":["Golden Idol"]},{"damage_healed":0.0,"max_hp_gain":0.0,"max_hp_loss":0.0,"gold_gain":0.0,"cards_transformed":["Strike_B","Defend_B"],"event_name":"Drug Dealer","player_choice":"Became Test Subject","floor":20.0,"gold_loss":0.0,"damage_taken":0.0,"cards_obtained":["Thunder Strike","Conserve Battery"]},{"cards_removed":["Strike_B"],"damage_healed":0.0,"max_hp_gain":0.0,"max_hp_loss":0.0,"gold_gain":0.0,"event_name":"Purifier","player_choice":"Purged","floor":31.0,"gold_loss":0.0,"damage_taken":0.0},{"damage_healed":0.0,"max_hp_gain":0.0,"max_hp_loss":0.0,"gold_gain":0.0,"event_name":"Tomb of Lord Red Mask","player_choice":"Ignored","floor":36.0,"gold_loss":0.0,"damage_taken":0.0},{"damage_healed":0,"gold_gain":0,"player_choice":"Ignored","damage_taken":0,"max_hp_gain":0,"max_hp_loss":0,"event_name":"Mysterious Sphere","floor":39,"gold_loss":0}],"is_beta":false,"boss_relics":[{"not_picked":["Inserter","Ectoplasm"],"picked":"SlaversCollar"},{"not_picked":["Busted Crown","Snecko Eye"],"picked":"Astrolabe"}],"items_purged_floors":[19,29],"is_endless":false,"potions_floor_spawned":[1,7,16,24,25,28,35,42,44,46],"ascension_level":8}}