{"host":"njb27ds59h4j3ikk","time":1610038162,"event":{"mods":["AchievementEnabler","BaseMod","Better Altar","Better Match","Better Note","Better Sensory Stone","Better Skull","Better Third Choice","BetterRewards","Downfall","Hermit","Hubris","Minty Spire (QoL Compilation)","Permanent Neow","Quarter Circle Forward PUNCH!","Quick Restart","Rare Cards Sparkle","Replay The Spire","Shop Mod","StSLib","Trackpad","Transform Curses"],"gold_per_floor":[115,14,14,39,55,99,99,99,99,119,119,139,170,33,33,124,124,137,4,27,27,52,96,96,127,154,154,154,188,207,250,250,345,345,358,163,183,196,196,196,234,234,314,314,314,314,358,382,382,382,382,382,168,201,201],"floor_reached":56,"playtime":2128,"items_purged":[],"score":3247,"play_id":"d71453f6-ca5e-422b-a687-515535fd59a4","local_time":"20210107114922","is_ascension_mode":true,"campfire_choices":[{"floor":7,"key":"DIG"},{"floor":11,"key":"DIG"},{"floor":15,"key":"DIG"},{"floor":24,"key":"RECALL"},{"floor":28,"key":"DIG"},{"floor":32,"key":"DIG"},{"floor":40,"key":"DIG"},{"floor":42,"key":"DIG"},{"floor":44,"key":"DIG"},{"floor":46,"key":"DIG"},{"floor":49,"key":"DIG"},{"floor":52,"key":"DIG"}],"circlet_count":0,"master_deck":["AscendersBane","Strike_R","Strike_R","Strike_R","Strike_R","Strike_R","Defend_R","Defend_R+1","Defend_R","Defend_R","Bash","ReplayTheSpireMod:Stacked+1","Corruption+1","Pummel","Pommel Strike","Wild Strike","Thunderclap","Replay:Undeath\u0027s Touch","Twin Strike","Carnage","Armaments+1","Twin Strike","Power Through","Flex","Feed","Double Tap","Armaments+1","champ:EnGarde+1","Dual Wield","Offering+1","hubris:Sloth","Juggernaut","Replay:Sssssssssshield","Replay:SS_forest_6+1","Disarm+1","expansioncontent:TimeRipple+1","The Bomb"],"relics":["Burning Blood","Membership Card","trackpad:AdjectivePendant","StoneCalendar","champ:DeflectingBracers","Pondfish Scales","Dead Branch","Shovel","champ:DuelingGlove","Sling","Blue Candle","hubris:SlimyHat","Golden Idol","Guardian:GemstoneGun","Charon\u0027s Ashes","MerchantsRug","trackpad:BiPhaseBiplane","Replay:Bronze Core","hubris:EmptyBottle","Garlic","trackpad:SappingStone","hubris:Potato","Art of War","Replay:Baseball","Pen Nib","Letter Opener","trackpad:Compendium","Champion Belt","Black Star","qcfpunch:Chain_With_Nametags","qcfpunch:Wrestler\u0027s_Cloak","Ornamental Fan","hexamod:BolsterEngine","InkBottle","hubris:AstralHammer","Replay:Ringing Soul","qcfpunch:Lotus_Statue","hubris:Towel","Vajra","trackpad:ByrdCharm","HornCleat","King of Hearts","qcfpunch:Necklace_of_Skulls","Happy Flower","qcfpunch:White_Boots","Chameleon Ring"],"acts_visited":["Exordium","TheCity","TheBeyond","TheEnding"],"potions_floor_usage":[6,55,55,55,55],"damage_taken":[{"damage":1,"enemies":"Cultist","floor":1,"turns":2},{"damage":8,"enemies":"Small Slimes","floor":4,"turns":2},{"damage":12,"enemies":"Jaw Worm","floor":5,"turns":2},{"damage":18,"enemies":"Lagavulin","floor":6,"turns":3},{"damage":11,"enemies":"Looter","floor":10,"turns":2},{"damage":1,"enemies":"Lots of Slimes","floor":12,"turns":2},{"damage":0,"enemies":"Gremlin Nob","floor":13,"turns":2},{"damage":1,"enemies":"Hexaghost","floor":16,"turns":2},{"damage":0,"enemies":"Shell Parasite","floor":18,"turns":1},{"damage":0,"enemies":"2 Thieves","floor":20,"turns":2},{"damage":8,"enemies":"Centurion and Healer","floor":22,"turns":2},{"damage":0,"enemies":"Slavers","floor":23,"turns":3},{"damage":8,"enemies":"Gremlin Leader","floor":25,"turns":3},{"damage":0,"enemies":"Book of Stabbing","floor":29,"turns":2},{"damage":0,"enemies":"Snake Plant","floor":30,"turns":2},{"damage":0,"enemies":"Gremlin Leader","floor":31,"turns":2},{"damage":0,"enemies":"Collector","floor":33,"turns":2},{"damage":0,"enemies":"Orb Walker","floor":35,"turns":1},{"damage":0,"enemies":"3 Darklings","floor":37,"turns":3},{"damage":0,"enemies":"Jaw Worm Horde","floor":38,"turns":1},{"damage":0,"enemies":"Nemesis","floor":41,"turns":3},{"damage":0,"enemies":"Giant Head","floor":47,"turns":3},{"damage":0,"enemies":"Spire Growth","floor":48,"turns":4},{"damage":0,"enemies":"Donu and Deca","floor":50,"turns":7},{"damage":0,"enemies":"Shield and Spear","floor":54,"turns":3},{"damage":0,"enemies":"The Heart","floor":55,"turns":7}],"seed_played":"2881201253212751501","potions_obtained":[{"floor":1,"key":"LiquidMemories"},{"floor":10,"key":"Adrenaline Potion"},{"floor":23,"key":"Flashbang"}],"is_trial":false,"path_per_floor":["M","$","?","M","M","E","R","?","T","M","R","M","E","$","R","B",null,"M","$","M","?","M","E","R","E","T","?","R","E","M","E","R","B",null,"M","$","M","M","?","R","E","R","T","R","?","R","E","M","R","B",null,"R","$","E","B",null],"character_chosen":"IRONCLAD","items_purchased":["Membership Card","trackpad:AdjectivePendant","BlessingOfTheForge","ReplayTheSpireMod:Stacked","champ:DeflectingBracers","Pondfish Scales","Corruption","Pummel","champ:DuelingGlove","Sling","Pommel Strike","Wild Strike","hubris:SlimyHat","Replay:Undeath\u0027s Touch","MerchantsRug","trackpad:BiPhaseBiplane","hubris:EmptyBottle","Garlic","qcfpunch:Chain_With_Nametags","qcfpunch:Wrestler\u0027s_Cloak","Happy Flower","expansioncontent:TimeRipple","The Bomb"],"campfire_rested":0,"item_purchase_floors":[0,0,0,0,0,0,0,0,0,0,0,0,2,2,14,14,19,19,36,36,53,53,53],"current_hp_per_floor":[65,65,65,63,57,45,45,45,45,40,40,45,51,51,51,56,63,65,65,71,71,69,71,71,69,69,69,69,75,75,78,78,78,78,78,78,78,78,78,78,78,78,78,78,78,78,78,81,81,81,81,81,84,84,84],"gold":201,"neow_bonus":"","is_daily":false,"chose_seed":false,"campfire_upgraded":0,"win_rate":0.0,"timestamp":1610038162,"path_taken":["M","?","?","M","M","E","R","?","T","M","R","M","E","$","R","BOSS","M","?","M","?","?","E","R","E","T","?","R","E","M","E","R","BOSS","M","$","M","M","?","R","E","R","T","R","?","R","E","M","R","BOSS","R","$","E","BOSS"],"items_purchased_type":["Relic","Relic","Potion","Card","Relic","Relic","Card","Card","Relic","Relic","Card","Card","Relic","Card","Relic","Relic","Relic","Relic","Relic","Relic","Relic","Card","Card"],"build_version":"2020-12-22","purchased_purges":0,"victory":true,"max_hp_per_floor":[65,65,65,65,65,65,65,65,65,65,65,65,65,65,65,65,65,65,65,71,71,71,71,71,71,71,71,71,75,75,78,78,78,78,78,78,78,78,78,78,78,78,78,78,78,78,78,81,81,81,81,81,84,84,84],"card_choices":[{"not_picked":["Havoc","hubris:CleavingFinish"],"picked":"Thunderclap","floor":1},{"not_picked":["Pommel Strike","Replay:Undeath\u0027s Touch"],"picked":"Twin Strike","floor":4},{"not_picked":["Anger","ReplayTheSpireMod:Stacked"],"picked":"Carnage","floor":5},{"not_picked":["Anger","Pommel Strike"],"picked":"Armaments","floor":6},{"not_picked":["True Grit","Rampage"],"picked":"Power Through","floor":10},{"not_picked":["ReplayTheSpireMod:Strike From Hell","Twin Strike"],"picked":"Flex","floor":12},{"not_picked":["Pommel Strike","Run Through"],"picked":"Feed","floor":13},{"not_picked":["Corruption+1","Limit Break"],"picked":"Double Tap","floor":16},{"not_picked":["Massacre","Warcry","Shrug It Off"],"picked":"SKIP","floor":18},{"not_picked":["hubris:SharpeningStone","Clothesline"],"picked":"Armaments","floor":20},{"not_picked":["True Grit","Dual Wield","Combust"],"picked":"SKIP","floor":22},{"not_picked":["True Grit","Combust"],"picked":"Dual Wield","floor":22},{"not_picked":["Pummel","Cleave"],"picked":"Offering","floor":23},{"not_picked":["Sword Boomerang","True Grit","hubris:ReadiedAction"],"picked":"SKIP","floor":25},{"not_picked":["Disarm","Twin Strike","Massacre"],"picked":"SKIP","floor":29},{"not_picked":["Armaments","Anger","Thunderclap"],"picked":"SKIP","floor":30},{"not_picked":["Carnage","Clash","Iron Wave"],"picked":"SKIP","floor":31},{"not_picked":["hubris:StunningStrike","Hemogenesis"],"picked":"Juggernaut","floor":33},{"not_picked":["Anger+1","Wild Strike","Shrug It Off+1"],"picked":"SKIP","floor":35},{"not_picked":["Ghostly Armor","Battle Trance","Blood for Blood+1"],"picked":"SKIP","floor":37},{"not_picked":["Sever Soul","Heavy Blade","True Grit"],"picked":"SKIP","floor":38},{"not_picked":["Thinking Ahead","ReplayTheSpireMod:Necrogeddon"],"picked":"Replay:Sssssssssshield","floor":39},{"not_picked":["Midas Touch","expansioncontent:SlimeTackle"],"picked":"Replay:SS_forest_6","floor":39},{"not_picked":["Intimidate","ReplayTheSpireMod:Strike From Hell+1","Clothesline"],"picked":"SKIP","floor":41},{"not_picked":["Massacre","Iron Wave","Fire Breathing+1"],"picked":"SKIP","floor":47},{"not_picked":["Infernal Blade","Clash"],"picked":"Disarm+1","floor":48},{"not_picked":["Warcry","Iron Wave","Spot Weakness"],"picked":"SKIP","floor":54}],"player_experience":1225870,"relics_obtained":[{"floor":7,"key":"War Paint"},{"floor":11,"key":"Guardian:GemstoneGun"},{"floor":13,"key":"Charon\u0027s Ashes"},{"floor":15,"key":"Frozen Egg 2"},{"floor":23,"key":"trackpad:SappingStone"},{"floor":25,"key":"hubris:Potato"},{"floor":26,"key":"Art of War"},{"floor":28,"key":"Pen Nib"},{"floor":29,"key":"Letter Opener"},{"floor":31,"key":"trackpad:Compendium"},{"floor":32,"key":"Champion Belt"},{"floor":40,"key":"Ornamental Fan"},{"floor":41,"key":"hexamod:BolsterEngine"},{"floor":41,"key":"InkBottle"},{"floor":42,"key":"hubris:AstralHammer"},{"floor":43,"key":"Replay:Ringing Soul"},{"floor":44,"key":"qcfpunch:Lotus_Statue"},{"floor":46,"key":"Vajra"},{"floor":47,"key":"trackpad:ByrdCharm"},{"floor":47,"key":"HornCleat"},{"floor":49,"key":"King of Hearts"},{"floor":52,"key":"qcfpunch:Necklace_of_Skulls"},{"floor":54,"key":"qcfpunch:White_Boots"},{"floor":54,"key":"Chameleon Ring"}],"event_choices":[{"damage_healed":0,"gold_gain":0,"player_choice":"Take Wound","damage_taken":0,"relics_obtained":["Golden Idol"],"max_hp_gain":0,"max_hp_loss":0,"event_name":"Golden Idol","floor":3,"gold_loss":0,"cards_obtained":["Injury"]},{"damage_healed":0,"gold_gain":0,"cards_transformed":["Injury"],"player_choice":"Transformed","damage_taken":0,"max_hp_gain":0,"max_hp_loss":0,"event_name":"Transmorgrifier","floor":8,"gold_loss":0,"cards_obtained":["Twin Strike"]},{"cards_removed":["Feed"],"damage_healed":0,"gold_gain":0,"player_choice":"Take \u0026 Give","damage_taken":0,"max_hp_gain":0,"max_hp_loss":0,"event_name":"betterNote:BetterNote","floor":21,"gold_loss":0,"cards_obtained":["champ:EnGarde"]},{"damage_healed":0,"gold_gain":3,"player_choice":"1","damage_taken":0,"max_hp_gain":0,"max_hp_loss":0,"event_name":"betterStone:BetterStone","floor":39,"gold_loss":0}],"is_beta":false,"boss_relics":[{"not_picked":["Coffee Dripper","Velvet Choker"],"picked":"Replay:Bronze Core"},{"not_picked":["expansioncontent:StudyCardRelic","Replay:Drink Me"],"picked":"Black Star"}],"items_purged_floors":[],"is_endless":false,"potions_floor_spawned":[1,10,13,16,18,23,29,33,37,38],"ascension_level":15}}