{"host":"0jugj35n0ams2iav","time":1610035615,"event":{"mods":["BaseMod","Downfall","Hubris","Minty Spire (QoL Compilation)","Replay The Spire","StSLib","The Cursed","The Marked"],"gold_per_floor":[112,126,401,413,42,42,56,56,56,56,75,101,114,125,125,228,228,228,228,228,228,228,228,228,228,228,228,228,228,228,228,228,228,228,228,228,228,228,21,21,21,21,21,21,21,21,21,21,21,21],"floor_reached":51,"playtime":20049,"items_purged":["Regret","ReplayTheSpireMod:GoodbyeWorld"],"score":720,"play_id":"b08436ab-439a-4020-9de5-e3cf0a7675e6","local_time":"20210107160655","is_ascension_mode":false,"campfire_choices":[{"data":"Loop","floor":6.0,"key":"SMITH"},{"data":"Zap","floor":8.0,"key":"SMITH"},{"data":"hubris:PowerSurge","floor":10.0,"key":"SMITH"},{"data":"Redo","floor":15.0,"key":"SMITH"},{"data":"Dualcast","floor":23.0,"key":"SMITH"},{"data":"Streamline","floor":25.0,"key":"SMITH"},{"floor":29.0,"key":"REST"},{"data":"Buffer","floor":32.0,"key":"SMITH"},{"data":"Go for the Eyes","floor":40.0,"key":"SMITH"},{"data":"Rainbow","floor":42.0,"key":"SMITH"},{"data":"FIFO Queue","floor":46,"key":"SMITH"},{"data":"Machine Learning","floor":49,"key":"SMITH"}],"circlet_count":0,"master_deck":["Strike_B","Strike_B","Strike_B","Defend_B","Defend_B","Defend_B","Defend_B","Zap+1","Dualcast+1","Leap","Loop+1","hubris:PowerSurge+1","Darkness","Electrodynamics","Redo+1","Machine Learning+1","FIFO Queue+1","Chill+1","Panic Button+1","Necronomicurse","Streamline+1","Buffer+1","Rainbow+1","Go for the Eyes+1","Self Repair+1","Leap","Streamline+1","Steam Power","Redo+1"],"relics":["Cracked Core","Membership Card","Ginger","hubris:TinFlute","hubris:MedicalManual","Ectoplasm","Necronomicon","ReplayFunnel","Replay:Bandana","hubris:Icosahedron","ReplayTheSpireMod:TigerMarble","ChewingGum","Counterbalance","ReplayTheSpireMod:Lightbulb","TungstenRod","MawBank","hubris:Towel","Centennial Puzzle","Prayer Wheel"],"acts_visited":["Exordium","TheCity","TheBeyond"],"potions_floor_usage":[50,50,50],"damage_taken":[{"damage":0.0,"enemies":"Small Slimes","floor":1.0,"turns":3.0},{"damage":4.0,"enemies":"Cultist","floor":2.0,"turns":4.0},{"damage":3.0,"enemies":"Jaw Worm","floor":4.0,"turns":3.0},{"damage":7.0,"enemies":"Exordium Wildlife","floor":7.0,"turns":6.0},{"damage":0.0,"enemies":"2 Fungi Beasts","floor":11.0,"turns":4.0},{"damage":13.0,"enemies":"3 Sentries","floor":12.0,"turns":8.0},{"damage":3.0,"enemies":"Gremlin Gang","floor":13.0,"turns":4.0},{"damage":0.0,"enemies":"Large Slime","floor":14.0,"turns":4.0},{"damage":21.0,"enemies":"The Guardian","floor":16.0,"turns":6.0},{"damage":0.0,"enemies":"Chosen","floor":18.0,"turns":3.0},{"damage":5.0,"enemies":"3 Byrds","floor":19.0,"turns":3.0},{"damage":5.0,"enemies":"Snecko","floor":20.0,"turns":5.0},{"damage":13.0,"enemies":"Snake Plant","floor":24.0,"turns":3.0},{"damage":17.0,"enemies":"Slavers","floor":27.0,"turns":4.0},{"damage":6.0,"enemies":"Replay:Snechameleon","floor":30.0,"turns":6.0},{"damage":35.0,"enemies":"Champ","floor":33.0,"turns":11.0},{"damage":0.0,"enemies":"3 Shapes","floor":35.0,"turns":2.0},{"damage":16.0,"enemies":"3 Darklings","floor":36.0,"turns":4.0},{"damage":0.0,"enemies":"Jaw Worm Horde","floor":38.0,"turns":3.0},{"damage":0.0,"enemies":"Maw","floor":41.0,"turns":6.0},{"damage":0.0,"enemies":"Mind Bloom Boss Battle","floor":44.0,"turns":9.0},{"damage":15,"enemies":"Reptomancer","floor":45,"turns":6},{"damage":0,"enemies":"R_Hoarder","floor":48,"turns":6},{"damage":63,"enemies":"Awakened One","floor":50,"turns":14}],"seed_played":"4078818235800593129","potions_obtained":[{"floor":1.0,"key":"Guardian:BlockOnCardUsePotion"},{"floor":4.0,"key":"ColorlessPotion"},{"floor":7.0,"key":"Block Potion"},{"floor":19.0,"key":"Doom Potion"},{"floor":20.0,"key":"Strength Potion"},{"floor":27.0,"key":"Explosive Potion"},{"floor":35.0,"key":"FocusPotion"},{"floor":38.0,"key":"Weak Potion"}],"is_trial":false,"path_per_floor":["M","M","?","M","$","R","M","R","T","R","M","E","M","M","R","B",null,"M","M","M","?","?","R","M","R","T","E","?","R","E","?","R","B",null,"M","M","?","M","$","R","M","R","T","?","E","R","?","E","R","B",null],"character_chosen":"DEFECT","items_purchased":["Membership Card","hubris:PowerSurge","Ginger","Counterbalance","Leap"],"campfire_rested":1,"item_purchase_floors":[5,5,5,39,39],"current_hp_per_floor":[82,78,78,75,75,75,68,68,68,68,68,55,52,52,52,31,82,82,77,72,56,56,56,43,43,43,26,26,50,44,44,44,9,82,82,66,66,66,66,66,76,76,76,82,77,77,77,82,82,19],"gold":21,"neow_bonus":"TEN_PERCENT_HP_BONUS","is_daily":false,"chose_seed":false,"campfire_upgraded":11,"win_rate":0.0,"timestamp":1610035615,"path_taken":["M","M","?","?","$","R","M","R","T","R","M","E","M","M","R","BOSS","M","M","M","?","?","R","M","R","T","E","?","R","E","?","R","BOSS","M","?","?","?","?","R","M","R","T","?","E","R","?","E","R","BOSS"],"items_purchased_type":["Relic","Card","Relic","Relic","Card"],"build_version":"2020-12-22","purchased_purges":2,"victory":true,"max_hp_per_floor":[82,82,82,82,82,82,82,82,82,82,82,82,82,82,82,82,82,82,82,82,82,82,82,82,82,82,82,82,82,82,82,82,82,82,82,82,82,82,82,82,82,82,82,82,82,82,82,82,82,82],"card_choices":[{"not_picked":["Auto Shields","Force Field"],"picked":"Leap","floor":1.0},{"not_picked":["Barrage","Turbo","Undo"],"picked":"SKIP","floor":2.0},{"not_picked":["Redo","Hologram"],"picked":"Loop","floor":4.0},{"not_picked":["Ball Lightning","Stack","Consume"],"picked":"SKIP","floor":7.0},{"not_picked":["Beam Cell","Reprogram","ReplayTheSpireMod:Repulse"],"picked":"SKIP","floor":11.0},{"not_picked":["hubris:Ukulele","Hologram"],"picked":"Darkness","floor":12.0},{"not_picked":["Hologram","ReplayTheSpireMod:GoodbyeWorld"],"picked":"Electrodynamics","floor":13.0},{"not_picked":["Turbo","Reprogram"],"picked":"Redo","floor":14.0},{"not_picked":["All For One","Reboot"],"picked":"Machine Learning","floor":16.0},{"not_picked":["Steam","Go for the Eyes+1"],"picked":"FIFO Queue","floor":18.0},{"not_picked":["Redo","Cold Snap"],"picked":"Chill+1","floor":19.0},{"not_picked":["Compile Driver","hubris:Ukulele"],"picked":"Panic Button+1","floor":20.0},{"not_picked":["Coolheaded+1","Aggregate"],"picked":"Streamline","floor":24.0},{"not_picked":["Barrage","Machine Learning","Rebound"],"picked":"SKIP","floor":27.0},{"not_picked":["Heatsinks","Steam+1"],"picked":"Buffer","floor":30.0},{"not_picked":["Fission","hubris:DoWhile"],"picked":"Rainbow","floor":33.0},{"not_picked":["ReplayTheSpireMod:Reroute Power","Coolheaded+1","Gash"],"picked":"SKIP","floor":35.0},{"not_picked":["Compile Driver","Gash+1"],"picked":"Go for the Eyes","floor":36.0},{"not_picked":["Force Field+1","Leap"],"picked":"Self Repair+1","floor":38.0},{"not_picked":["Hologram+1","Beam Cell","ReplayTheSpireMod:System Scan"],"picked":"SKIP","floor":41.0},{"not_picked":["Conserve Battery+1","ReplaySolidLightProjector+1"],"picked":"Streamline+1","floor":44.0},{"not_picked":["Beam Cell+1","Gash"],"picked":"Steam Power","floor":45},{"not_picked":["BasicCrystalCard+1","Conserve Battery"],"picked":"Redo+1","floor":48}],"player_experience":116040,"relics_obtained":[{"floor":9.0,"key":"hubris:TinFlute"},{"floor":12.0,"key":"hubris:MedicalManual"},{"floor":21.0,"key":"Necronomicon"},{"floor":26.0,"key":"ReplayFunnel"},{"floor":27.0,"key":"Replay:Bandana"},{"floor":30.0,"key":"ReplayTheSpireMod:TigerMarble"},{"floor":43.0,"key":"ReplayTheSpireMod:Lightbulb"},{"floor":44.0,"key":"TungstenRod"},{"floor":45,"key":"MawBank"},{"floor":48,"key":"Centennial Puzzle"}],"event_choices":[{"damage_healed":0.0,"max_hp_gain":0.0,"max_hp_loss":0.0,"gold_gain":275.0,"event_name":"Golden Shrine","player_choice":"Desecrate","floor":3.0,"gold_loss":0.0,"damage_taken":0.0,"cards_obtained":["Regret"]},{"damage_healed":0.0,"max_hp_gain":0.0,"max_hp_loss":0.0,"gold_gain":0.0,"event_name":"Cursed Tome","player_choice":"Obtained Book","floor":21.0,"gold_loss":0.0,"damage_taken":16.0},{"damage_healed":0.0,"max_hp_gain":0.0,"max_hp_loss":0.0,"gold_gain":0.0,"event_name":"Vampires","player_choice":"Ignored","floor":22.0,"gold_loss":0.0,"damage_taken":0.0},{"damage_healed":0.0,"max_hp_gain":0.0,"max_hp_loss":0.0,"gold_gain":0.0,"cards_transformed":["Strike_B"],"event_name":"Transmorgrifier","player_choice":"Transformed","floor":31.0,"gold_loss":0.0,"damage_taken":0.0,"cards_obtained":["ReplayTheSpireMod:GoodbyeWorld"]},{"damage_healed":0.0,"max_hp_gain":0.0,"max_hp_loss":0.0,"gold_gain":0.0,"event_name":"Golden Shrine","player_choice":"Ignored","floor":37.0,"gold_loss":0.0,"damage_taken":0.0},{"damage_healed":0.0,"max_hp_gain":0.0,"max_hp_loss":0.0,"gold_gain":0.0,"event_name":"MindBloom","player_choice":"Fight","floor":44.0,"gold_loss":0.0,"damage_taken":0.0}],"is_beta":false,"boss_relics":[{"not_picked":["Snecko Eye","hubris:RunicObelisk"],"picked":"Ectoplasm"},{"not_picked":["hubris:ScarierMask","Astrolabe"],"picked":"ChewingGum"}],"items_purged_floors":[5,39],"is_endless":false,"potions_floor_spawned":[1,4,7,19,20,27,35,38,41,45],"ascension_level":0}}