{"host":"lfecqp1ncejeb4vg","time":1610029113,"event":{"mods":["BaseMod","Downfall","Hermit","HololiveMod","Luminous","Marisa（F雨　魔理沙）","Minty Spire (QoL Compilation)","MostiFishMod","Red Circlet Mod","Relic Stats","Shop Mod","StSLib","WarShipGirlsR/战舰少女R mod"],"gold_per_floor":[117,133,149,149,149,183,199,199,199,199,220,255,268,293,293,413,413,437,463,481,506,160,160,160,160],"floor_reached":24,"playtime":1814,"items_purged":[],"score":210,"play_id":"78d7ca65-dd1e-4152-8e22-ae627356b57b","local_time":"20210107221833","is_ascension_mode":false,"campfire_choices":[{"floor":10.0,"key":"REST"},{"floor":15.0,"key":"REST"},{"data":"MostiFishMod:Awakening","floor":23.0,"key":"SMITH"}],"circlet_count":0,"master_deck":["Strike_MRS","Strike_MRS","Strike_MRS","Defend_MRS","Defend_MRS","Defend_MRS","Defend_MRS","MasterSpark","UpSweep","EarthLightRay","LuminesStrike","DarkMatter","PowerUp","WitchLeyline","ManaConvection","ShootTheMoon","TreasureHunter","PulseMagic","FinalSpark","ChargeUpSpray+1","GalacticHalo+1","StarlightTyphoon+1","MostiFishMod:Awakening+1"],"relics":["MiniHakkero","DaveBox","xbg","NeowsBlessing","SynthV:TestCard","Golden Idol","SynthV:C4","Sundial","MerchantsRug","Lee\u0027s Waffle"],"acts_visited":["Exordium","TheCity"],"potions_floor_usage":[],"damage_taken":[{"damage":0.0,"enemies":"Cultist","floor":1.0,"turns":1.0},{"damage":0.0,"enemies":"Small Slimes","floor":2.0,"turns":1.0},{"damage":0.0,"enemies":"Jaw Worm","floor":3.0,"turns":1.0},{"damage":21.0,"enemies":"Gremlin Nob","floor":6.0,"turns":4.0},{"damage":0.0,"enemies":"Exordium Thugs","floor":7.0,"turns":4.0},{"damage":0.0,"enemies":"2 Fungi Beasts","floor":11.0,"turns":2.0},{"damage":27.0,"enemies":"3 Sentries","floor":12.0,"turns":8.0},{"damage":20.0,"enemies":"Lots of Slimes","floor":13.0,"turns":5.0},{"damage":11.0,"enemies":"Large Slime","floor":14.0,"turns":2.0},{"damage":39.0,"enemies":"The Guardian","floor":16.0,"turns":15.0},{"damage":15.0,"enemies":"2 Thieves","floor":18.0,"turns":3.0},{"damage":28.0,"enemies":"3 Byrds","floor":20.0,"turns":5.0},{"damage":24.0,"enemies":"3 Cultists","floor":21.0,"turns":5.0},{"damage":85,"enemies":"Gremlin Leader","floor":24,"turns":4}],"seed_played":"2587977756298910378","potions_obtained":[{"floor":7.0,"key":"SteroidPotion"},{"floor":20.0,"key":"DuplicationPotion"}],"is_trial":false,"path_per_floor":["M","M","M","?","?","E","M","?","T","R","M","E","M","M","R","B",null,"M","$","M","M","$","R","E"],"character_chosen":"MARISA","items_purchased":["MerchantsRug","Lee\u0027s Waffle","MostiFishMod:Awakening"],"campfire_rested":2,"item_purchase_floors":[19,22,22],"current_hp_per_floor":[75,75,75,57,57,40,44,44,44,66,70,47,31,24,46,11,75,60,60,36,16,82,82,0,0],"gold":160,"neow_bonus":"THREE_ENEMY_KILL","is_daily":false,"chose_seed":false,"campfire_upgraded":1,"win_rate":0.0,"timestamp":1610029113,"path_taken":["M","M","?","?","?","E","?","?","T","R","M","E","M","?","R","BOSS","M","$","M","?","$","R","E"],"items_purchased_type":["Relic","Relic","Card"],"build_version":"2020-12-22","purchased_purges":0,"victory":false,"max_hp_per_floor":[75,75,75,75,75,75,75,75,75,75,75,75,75,75,75,75,75,75,75,75,75,82,82,82,82],"relic_stats":{"Lee\u0027s Waffle":66,"counters":[14,60],"Golden Idol":67,"Sundial":[4],"obtain_stats":[{"MerchantsRug":19,"Lee\u0027s Waffle":22,"SynthV:TestCard":1,"DaveBox":0,"NeowsBlessing":0,"Golden Idol":4,"Sundial":12,"NightmareShop":17,"MiniHakkero":0,"xbg":0,"Toy Ornithopter":6,"SynthV:C4":9},{"MerchantsRug":11,"Lee\u0027s Waffle":13,"SynthV:TestCard":1,"DaveBox":0,"NeowsBlessing":0,"Golden Idol":3,"Sundial":7,"NightmareShop":10,"MiniHakkero":0,"xbg":0,"Toy Ornithopter":4,"SynthV:C4":5},{"MerchantsRug":46,"Lee\u0027s Waffle":56,"SynthV:TestCard":1,"DaveBox":0,"NeowsBlessing":0,"Golden Idol":3,"Sundial":21,"NightmareShop":43,"MiniHakkero":0,"xbg":0,"Toy Ornithopter":7,"SynthV:C4":11}]},"card_choices":[{"not_picked":["MilkyWay","GravityBeat"],"picked":"EarthLightRay","floor":1.0},{"not_picked":["DarkMatter","DragonMeteor","DC","NonDirectionalLaser"],"picked":"LuminesStrike","floor":2.0},{"not_picked":["DC","MysteriousBeam","OneTimeOff","GravityBeat"],"picked":"DarkMatter","floor":3.0},{"not_picked":["SatelliteIllusion","GravityBeat","BinaryStars","MysteriousBeam"],"picked":"PowerUp","floor":6.0},{"not_picked":["SporeBomb","DC","ShootingEcho","WitchOfGreed"],"picked":"WitchLeyline","floor":7.0},{"not_picked":["SuperPerseids","6A","DC","WitchLeyline"],"picked":"ManaConvection","floor":11.0},{"not_picked":["Occultation","NonDirectionalLaser","Orbital","EarthLightRay"],"picked":"ShootTheMoon","floor":12.0},{"not_picked":["GravityBeat","GrandCross","ShootingEcho","MysteriousBeam"],"picked":"TreasureHunter","floor":13.0},{"not_picked":["UnstableBomb","GalacticHalo","ShootTheMoon","ManaConvection"],"picked":"PulseMagic","floor":14.0},{"not_picked":["BinaryStars","CasketOfStar","TreasureHunter","EscapeVelocity"],"picked":"FinalSpark","floor":16.0},{"not_picked":["GalacticHalo","WitchOfGreed","PowerUp","OneTimeOff"],"picked":"ChargeUpSpray+1","floor":18.0},{"not_picked":["EventHorizon","DoubleSpark","PowerUp","ShootingEcho"],"picked":"GalacticHalo+1","floor":20.0},{"not_picked":["LuminesStrike","Acceleration+1","MilkyWay","Orbital"],"picked":"StarlightTyphoon+1","floor":21.0}],"player_experience":74593,"relics_obtained":[{"floor":1.0,"key":"SynthV:TestCard"},{"floor":6.0,"key":"Toy Ornithopter"},{"floor":9.0,"key":"SynthV:C4"},{"floor":12.0,"key":"Sundial"}],"event_choices":[{"damage_healed":0.0,"max_hp_gain":0.0,"max_hp_loss":0.0,"gold_gain":0.0,"event_name":"Golden Idol","player_choice":"Take Damage","floor":4.0,"gold_loss":0.0,"damage_taken":18.0,"relics_obtained":["Golden Idol"]},{"cards_removed":["Strike_R"],"damage_healed":0.0,"max_hp_gain":0.0,"max_hp_loss":0.0,"gold_gain":0.0,"event_name":"NoteForYourself","player_choice":"Took Card","floor":5.0,"gold_loss":0.0,"damage_taken":0.0,"cards_obtained":["Strike_R"]},{"cards_removed":["Strike_MRS"],"damage_healed":0.0,"max_hp_gain":0.0,"max_hp_loss":0.0,"gold_gain":0.0,"event_name":"Purifier","player_choice":"Purged","floor":8.0,"gold_loss":0.0,"damage_taken":0.0}],"is_beta":false,"boss_relics":[{"not_picked":["Velvet Choker","Busted Crown"],"picked":"NightmareShop"}],"items_purged_floors":[],"is_endless":false,"potions_floor_spawned":[1,3,6,7,14,20],"killed_by":"Gremlin Leader","ascension_level":0}}