{"host":"1a3cjta80tad0aqj","time":1610033804,"event":{"mods":["2.2 Compatiblity","AchievementEnabler","BaseMod","Colored Map","DeckTracker","KOR Keyword Fix","Keyboard Shortcuts","Minty Spire (QoL Compilation)","Permanent Neow","Quick Restart","Random Character Button","StSLib","SuperFastMode","everything is the same but u backflip on backflip"],"gold_per_floor":[117,292,292,304,229,229,241,252,252,252,267,167,42,70,70,169,169,185,201,212,212,227,77,77,77,102,102,202,202,202,236,236,331,331,346,359,369,194,205,231,231,231,258,278,78,78,95,95,95,95,95],"floor_reached":50,"playtime":2030,"items_purged":["Doubt","Defend_P","Strike_P","Strike_P","Defend_P","Parasite"],"score":515,"play_id":"a9e4ed2e-4279-46c6-8796-866ce72e599a","local_time":"20210108003644","is_ascension_mode":false,"campfire_choices":[{"data":"Eruption","floor":6.0,"key":"SMITH"},{"floor":15.0,"key":"REST"},{"floor":24.0,"key":"REST"},{"data":"EmptyFist","floor":27.0,"key":"SMITH"},{"floor":30.0,"key":"REST"},{"floor":32.0,"key":"REST"},{"floor":41.0,"key":"REST"},{"floor":46.0,"key":"REST"},{"floor":49.0,"key":"REST"}],"circlet_count":0,"master_deck":["Strike_P+1","Eruption+1","Vigilance+1","CarveReality+1","Brilliance+1"],"relics":["Empty Cage","Molten Egg 2","CloakClasp","Velvet Choker","Vajra","Gambling Chip","Darkstone Periapt","Mercury Hourglass","SlaversCollar","Nunchaku","Boot"],"acts_visited":["Exordium","TheCity","TheBeyond"],"potions_floor_usage":[50,50,50],"damage_taken":[{"damage":8.0,"enemies":"2 Louse","floor":1.0,"turns":2.0},{"damage":5.0,"enemies":"Small Slimes","floor":4.0,"turns":3.0},{"damage":0.0,"enemies":"Jaw Worm","floor":7.0,"turns":2.0},{"damage":2.0,"enemies":"Blue Slaver","floor":8.0,"turns":2.0},{"damage":0.0,"enemies":"Exordium Wildlife","floor":11.0,"turns":4.0},{"damage":0.0,"enemies":"Gremlin Nob","floor":14.0,"turns":2.0},{"damage":35.0,"enemies":"The Guardian","floor":16.0,"turns":7.0},{"damage":13.0,"enemies":"Shell Parasite","floor":18.0,"turns":3.0},{"damage":9.0,"enemies":"Chosen","floor":19.0,"turns":2.0},{"damage":9.0,"enemies":"Snecko","floor":20.0,"turns":3.0},{"damage":3.0,"enemies":"Shelled Parasite and Fungi","floor":22.0,"turns":2.0},{"damage":6.0,"enemies":"Colosseum Slavers","floor":28.0,"turns":2.0},{"damage":0.0,"enemies":"Colosseum Nobs","floor":28.0,"turns":2.0},{"damage":18.0,"enemies":"Slavers","floor":31.0,"turns":3.0},{"damage":17.0,"enemies":"Collector","floor":33.0,"turns":3.0},{"damage":0.0,"enemies":"Orb Walker","floor":35.0,"turns":1.0},{"damage":11.0,"enemies":"3 Shapes","floor":36.0,"turns":2.0},{"damage":0.0,"enemies":"Maw","floor":37.0,"turns":4.0},{"damage":6.0,"enemies":"3 Darklings","floor":39.0,"turns":2.0},{"damage":4.0,"enemies":"Nemesis","floor":40.0,"turns":3.0},{"damage":0.0,"enemies":"Writhing Mass","floor":44.0,"turns":2.0},{"damage":0.0,"enemies":"Jaw Worm Horde","floor":47.0,"turns":2.0},{"damage":105,"enemies":"Donu and Deca","floor":50,"turns":6}],"seed_played":"8578402797539500707","potions_obtained":[{"floor":4.0,"key":"EssenceOfSteel"},{"floor":7.0,"key":"Weak Potion"},{"floor":14.0,"key":"SneckoOil"},{"floor":21.0,"key":"AttackPotion"},{"floor":28.0,"key":"AttackPotion"},{"floor":31.0,"key":"AttackPotion"},{"floor":37.0,"key":"Swift Potion"},{"floor":47.0,"key":"Regen Potion"}],"is_trial":false,"path_per_floor":["M","?","?","M","$","R","M","M","T","?","M","$","$","E","R","B",null,"M","M","M","?","M","$","R","$","T","R","?","?","R","E","R","B",null,"M","M","M","$","M","E","R","?","T","M","$","R","M","?","R","B"],"character_chosen":"WATCHER","items_purchased":[],"campfire_rested":7,"item_purchase_floors":[],"current_hp_per_floor":[64,64,50,45,45,45,45,43,43,36,36,36,36,36,57,22,72,59,50,41,41,38,38,59,59,59,59,53,53,72,54,72,55,72,72,61,61,61,55,51,72,72,72,78,75,75,75,75,75,0,0],"gold":95,"neow_bonus":"BOSS_RELIC","is_daily":false,"chose_seed":true,"campfire_upgraded":2,"win_rate":0.0,"timestamp":1610033804,"path_taken":["M","?","?","M","$","R","M","?","T","?","M","?","$","E","R","BOSS","M","M","M","?","?","$","R","$","T","R","?","?","R","E","R","BOSS","M","?","M","$","M","E","R","?","T","M","$","R","M","?","R","BOSS"],"items_purchased_type":[],"build_version":"2020-12-22","purchased_purges":6,"victory":false,"max_hp_per_floor":[72,72,72,72,72,72,72,72,72,72,72,72,72,72,72,72,72,72,72,72,72,72,72,72,72,72,72,72,72,72,72,72,72,72,72,72,72,72,72,72,72,72,72,78,75,75,75,75,75,75,75],"card_choices":[{"not_picked":["FlyingSleeves","Halt","WreathOfFlame"],"picked":"SKIP","floor":1.0},{"not_picked":["ForeignInfluence","FlyingSleeves"],"picked":"CarveReality","floor":4.0},{"not_picked":["FlurryOfBlows","Evaluate","SandsOfTime"],"picked":"SKIP","floor":7.0},{"not_picked":["Crescendo","Prostrate"],"picked":"EmptyFist","floor":8.0},{"not_picked":["PathToVictory","Perseverance","EmptyBody"],"picked":"SKIP","floor":11.0},{"not_picked":["CarveReality+1","MasterReality","Conclude+1"],"picked":"SKIP","floor":14.0},{"not_picked":["Devotion","SpiritShield"],"picked":"Brilliance+1","floor":16.0},{"not_picked":["SashWhip+1","CrushJoints+1","CutThroughFate+1"],"picked":"SKIP","floor":18.0},{"not_picked":["SignatureMove+1","SashWhip+1","EmptyFist+1"],"picked":"SKIP","floor":19.0},{"not_picked":["WheelKick+1","Evaluate","Fasting2"],"picked":"SKIP","floor":20.0},{"not_picked":["Consecrate+1","Evaluate","Fasting2+1"],"picked":"SKIP","floor":22.0},{"not_picked":["Halt","TalkToTheHand+1","EmptyMind+1"],"picked":"SKIP","floor":31.0},{"not_picked":["Wallop+1","Vengeance","Protect+1"],"picked":"SKIP","floor":35.0},{"not_picked":["Crescendo+1","JustLucky+1","FollowUp+1"],"picked":"SKIP","floor":36.0},{"not_picked":["Evaluate","Tantrum+1","WheelKick+1"],"picked":"SKIP","floor":37.0},{"not_picked":["Protect","Prostrate+1","EmptyMind+1"],"picked":"SKIP","floor":39.0},{"not_picked":["FollowUp+1","Wish","Evaluate+1"],"picked":"SKIP","floor":40.0},{"not_picked":["WindmillStrike+1","FlurryOfBlows+1","WreathOfFlame"],"picked":"SKIP","floor":44.0},{"not_picked":["ThirdEye+1","CarveReality+1","Crescendo"],"picked":"SKIP","floor":47.0}],"player_experience":168766,"relics_obtained":[{"floor":9.0,"key":"Molten Egg 2"},{"floor":14.0,"key":"CloakClasp"},{"floor":26.0,"key":"Vajra"},{"floor":28.0,"key":"Gambling Chip"},{"floor":28.0,"key":"Darkstone Periapt"},{"floor":31.0,"key":"Mercury Hourglass"},{"floor":40.0,"key":"Nunchaku"},{"floor":43.0,"key":"Boot"}],"event_choices":[{"damage_healed":0.0,"max_hp_gain":0.0,"max_hp_loss":0.0,"gold_gain":175.0,"event_name":"Liars Game","player_choice":"AGREE","floor":2.0,"gold_loss":0.0,"damage_taken":0.0,"cards_obtained":["Doubt"]},{"damage_healed":0.0,"max_hp_gain":0.0,"max_hp_loss":0.0,"gold_gain":0.0,"event_name":"Shining Light","player_choice":"Entered Light","floor":3.0,"gold_loss":0.0,"damage_taken":14.0,"cards_upgraded":["Strike_P","Vigilance"]},{"cards_removed":["Strike_P"],"damage_healed":0.0,"max_hp_gain":0.0,"max_hp_loss":0.0,"gold_gain":0.0,"event_name":"Golden Wing","player_choice":"Card Removal","floor":10.0,"gold_loss":0.0,"damage_taken":7.0},{"damage_healed":0.0,"max_hp_gain":0.0,"max_hp_loss":0.0,"gold_gain":0.0,"event_name":"Lab","player_choice":"Got Potions","floor":21.0,"gold_loss":0.0,"damage_taken":0.0},{"damage_healed":0.0,"max_hp_gain":0.0,"max_hp_loss":0.0,"gold_gain":0.0,"event_name":"Colosseum","player_choice":"Fight","floor":28.0,"gold_loss":0.0,"damage_taken":0.0},{"damage_healed":0.0,"max_hp_gain":0.0,"max_hp_loss":0.0,"gold_gain":0.0,"event_name":"Colosseum","player_choice":"Fought Nobs","floor":28.0,"gold_loss":0.0,"damage_taken":0.0},{"damage_healed":0.0,"max_hp_gain":0.0,"max_hp_loss":0.0,"gold_gain":0.0,"event_name":"Upgrade Shrine","player_choice":"Upgraded","floor":29.0,"gold_loss":0.0,"damage_taken":0.0,"cards_upgraded":["CarveReality"]},{"damage_healed":0.0,"max_hp_gain":0.0,"max_hp_loss":0.0,"gold_gain":0.0,"event_name":"Tomb of Lord Red Mask","player_choice":"Ignored","floor":42.0,"gold_loss":0.0,"damage_taken":0.0},{"cards_removed":["EmptyFist"],"damage_healed":0.0,"max_hp_gain":0.0,"max_hp_loss":0.0,"gold_gain":0.0,"event_name":"Falling","player_choice":"Removed Attack","floor":48.0,"gold_loss":0.0,"damage_taken":0.0}],"is_beta":false,"boss_relics":[{"not_picked":["Runic Dome","Calling Bell"],"picked":"Velvet Choker"},{"not_picked":["Tiny House","Philosopher\u0027s Stone"],"picked":"SlaversCollar"}],"items_purged_floors":[5,12,13,23,38,45],"is_endless":false,"potions_floor_spawned":[4,7,14,28,28,31,33,37,47],"killed_by":"Donu and Deca","ascension_level":0}}