{"host":"6vv0uythevi5qk1w","time":1610018278,"event":{"mods":["Act Like it!","BaseMod","Gensokyo","Minty Spire (QoL Compilation)","StSLib"],"gold_per_floor":[110,122,122,197,372,372,388,388,461,85,143,163,183,208,208,208,208],"floor_reached":16,"playtime":801,"items_purged":["Doubt"],"score":165,"play_id":"5b3d165d-4bfd-464d-9d36-f0c64943957d","local_time":"20210107191758","is_ascension_mode":true,"campfire_choices":[{"data":"Neutralize","floor":6,"key":"SMITH"},{"data":"Crippling Poison","floor":8,"key":"SMITH"},{"data":"Reflex","floor":15,"key":"SMITH"}],"circlet_count":0,"master_deck":["AscendersBane","Strike_G","Strike_G","Strike_G","Strike_G","Strike_G","Defend_G","Defend_G","Defend_G","Defend_G","Defend_G","Survivor","Neutralize+1","Masterful Stab","PiercingWail","Crippling Poison+1","Acrobatics","Escape Plan","Reflex+1"],"relics":["Ring of the Snake","Eternal Feather","OrangePellets","Anchor","Lantern"],"acts_visited":["Exordium"],"potions_floor_usage":[11,16],"damage_taken":[{"damage":0.0,"enemies":"Small Slimes","floor":1.0,"turns":4.0},{"damage":0.0,"enemies":"2 Louse","floor":2.0,"turns":2.0},{"damage":0,"enemies":"Jaw Worm","floor":7,"turns":5},{"damage":46,"enemies":"Gremlin Nob","floor":11,"turns":6},{"damage":0,"enemies":"Exordium Wildlife","floor":12,"turns":4},{"damage":4,"enemies":"Blue Slaver","floor":13,"turns":3},{"damage":9,"enemies":"Hexaghost","floor":16,"turns":13}],"seed_played":"-1975909773826704950","potions_obtained":[{"floor":2.0,"key":"Energy Potion"},{"floor":7,"key":"Weak Potion"},{"floor":13,"key":"EssenceOfSteel"}],"is_trial":false,"path_per_floor":["M","M","?","?","?","R","M","R","T","$","?","M","M","T","R","B"],"character_chosen":"THE_SILENT","items_purchased":["OrangePellets","Anchor"],"campfire_rested":0,"item_purchase_floors":[10,10],"current_hp_per_floor":[59,59,64,53,53,53,53,53,53,53,7,7,3,3,12,3,3],"gold":208,"neow_bonus":"TWENTY_PERCENT_HP_BONUS","is_daily":false,"chose_seed":false,"campfire_upgraded":3,"win_rate":0.0,"timestamp":1610018278,"path_taken":["M","M","?","?","?","R","M","R","T","$","?","?","M","?","R","BOSS"],"items_purchased_type":["Relic","Relic"],"build_version":"2020-12-22","purchased_purges":1,"victory":false,"max_hp_per_floor":[84,84,89,89,89,89,89,89,89,89,89,89,89,89,89,89,89],"card_choices":[{"not_picked":["Dodge and Roll","Bane"],"picked":"Masterful Stab","floor":1.0},{"not_picked":["Dagger Spray","Quick Slash"],"picked":"PiercingWail","floor":2.0},{"not_picked":["Concentrate","Escape Plan"],"picked":"Crippling Poison","floor":7},{"not_picked":["Doppelganger","Masterful Stab"],"picked":"Acrobatics","floor":11},{"not_picked":["PiercingWail","Backflip"],"picked":"Escape Plan","floor":12},{"not_picked":["Blur","Dagger Spray"],"picked":"Reflex","floor":13}],"player_experience":339595,"relics_obtained":[{"floor":9,"key":"Eternal Feather"},{"floor":11,"key":"Lantern"}],"event_choices":[{"damage_healed":0,"gold_gain":0,"player_choice":"Donut","damage_taken":0,"max_hp_gain":5,"max_hp_loss":0,"event_name":"Big Fish","floor":3,"gold_loss":0},{"damage_healed":0,"gold_gain":75,"player_choice":"Gather Gold","damage_taken":11,"max_hp_gain":0,"max_hp_loss":0,"event_name":"World of Goop","floor":4,"gold_loss":0},{"damage_healed":0,"gold_gain":175,"player_choice":"AGREE","damage_taken":0,"max_hp_gain":0,"max_hp_loss":0,"event_name":"Liars Game","floor":5,"gold_loss":0,"cards_obtained":["Doubt"]},{"damage_healed":0,"gold_gain":0,"player_choice":"Searched \u00272\u0027 times","damage_taken":0,"max_hp_gain":0,"max_hp_loss":0,"event_name":"Dead Adventurer","floor":11,"gold_loss":0}],"is_beta":false,"boss_relics":[],"items_purged_floors":[10],"is_endless":false,"potions_floor_spawned":[2,7,13],"killed_by":"Hexaghost","ascension_level":11}}