{"host":"a3oe3gstxz77c7qu","time":1610048573,"event":{"mods":["2.2 Compatiblity","Act Like it!","BaseMod","Bestiary","Better Altar","Better Match","Better Note","Better Skull","Better Third Choice","Block Reminder","Curses Come First","Custom Start","Downfall","Friendly Minions","GifTheSpireLib","Hermit","Infinite Spire","Jorbs\u0027s Wanderer Trilogy","Lobotomy","LobotomyExtend","Marisa????????","Minty Spire (QoL Compilation)","Permanent Neow","Quick Restart","Relic Stats","Replay The Spire","StSLib","The Bug Knight","The Disciple","Uncapped","Wandering Minibosses"],"gold_per_floor":[99,114,114,114,130,115,142,152,217,127,2,18,35,213,213,318,318,268,268,268,285,70,20,20,37,37,72,88,88,88,103,123,225,225,175,194,207,422,422,422,422],"floor_reached":39,"playtime":2156,"items_purged":["Slimebound:Strike_Slimebound"],"score":502,"play_id":"26c2bb51-bd16-4ebe-86c1-04395caa719b","local_time":"20210107194253","is_ascension_mode":true,"campfire_choices":[{"floor":1,"key":"RECALL"},{"data":"Slimebound:CheckThePlaybook","floor":11,"key":"SMITH"},{"floor":18,"key":"REST"},{"floor":23,"key":"REST"},{"floor":26,"key":"REST"},{"floor":35,"key":"REST"}],"circlet_count":0,"master_deck":["Slimebound:Tackle","Slimebound:Defend_Slimebound+1","Slimebound:Defend_Slimebound+1","Slimebound:Defend_Slimebound+1","Slimebound:Defend_Slimebound+1","Slimebound:Split","Slimebound:CorrosiveSpit","Slimebound:CheckThePlaybook+1","Slimebound:FlameTackle","Slimebound:RollThrough","Slimebound:RollThrough","Slimebound:GoopSpray","Slimebound:SlimeTap","Slimebound:Overexert","CurseOfTheBell","Slimebound:FirmFortitude+1","Bite","Bite","Bite","Bite","Bite","Slimebound:SplitAcid+1","Slimebound:SpikyOuterGoop+1"],"relics":["Slimebound:AbsorbEndCombatUpgraded","LetterFromLob","Slimebound:GreedOozeRelic","Letter Opener","downfall:HeartBlessingRed","Replay:Grab Bag","ChewingGum","Fusion Hammer","Calling Bell","Frozen Egg 2","FossilizedHelix","SacredBark","Ice Cream","Gremlin Horn","White Beast Statue","Slimebound:PotencyRelic","downfall:RedIOU"],"acts_visited":["Exordium","TheCity","TheBeyond"],"potions_floor_usage":[9,12,16,16,21,37,38,39,39,39],"damage_taken":[{"damage":13,"enemies":"Jaw Worm","floor":2,"turns":5},{"damage":9,"enemies":"Small Slimes","floor":5,"turns":3},{"damage":49,"enemies":"downfall:FleeingMerchant","floor":6,"turns":4},{"damage":6,"enemies":"infinitespire:Voidling","floor":8,"turns":2},{"damage":13,"enemies":"Gremlin Nob","floor":9,"turns":3},{"damage":25,"enemies":"downfall:FleeingMerchant","floor":10,"turns":4},{"damage":9,"enemies":"2 Fungi Beasts","floor":12,"turns":2},{"damage":12,"enemies":"Blue Slaver","floor":13,"turns":2},{"damage":16,"enemies":"Large Slime","floor":14,"turns":6},{"damage":34,"enemies":"downfall:Watcher","floor":16,"turns":5},{"damage":0,"enemies":"3 Byrds","floor":21,"turns":1},{"damage":21,"enemies":"downfall:FleeingMerchant","floor":22,"turns":3},{"damage":16,"enemies":"Snake Plant","floor":25,"turns":3},{"damage":12,"enemies":"Replay:Snechameleon","floor":27,"turns":3},{"damage":24,"enemies":"Centurion and Healer","floor":28,"turns":2},{"damage":18,"enemies":"Cultist and Chosen","floor":31,"turns":2},{"damage":12,"enemies":"Chosen and Byrds","floor":32,"turns":3},{"damage":23,"enemies":"downfall:Defect","floor":33,"turns":6},{"damage":14,"enemies":"3 Shapes","floor":36,"turns":2},{"damage":24,"enemies":"3 Darklings","floor":37,"turns":3},{"damage":64,"enemies":"Spire Growth","floor":38,"turns":5},{"damage":27,"enemies":"infinitespire:Three Voidlings","floor":39,"turns":3},{"damage":82,"enemies":"Nightmare_Alpha","floor":39,"turns":9}],"seed_played":"-7321508566924188415","potions_obtained":[{"floor":5,"key":"AttackPotion"},{"floor":9,"key":"infinitespire:BlackPotion"},{"floor":12,"key":"Adrenaline Potion"},{"floor":13,"key":"champ:CounterPotion"},{"floor":14,"key":"LiquidBronze"},{"floor":16,"key":"Slimebound:ThreeZeroPotion"},{"floor":21,"key":"SteroidPotion"},{"floor":25,"key":"SneckoOil"},{"floor":27,"key":"EssenceOfSteel"},{"floor":31,"key":"Fruit Juice"},{"floor":36,"key":"Slimebound:SlimyTonguePotion"},{"floor":37,"key":"BlessingOfTheForge"},{"floor":38,"key":"Explosive Potion"}],"is_trial":false,"path_per_floor":["R","M","?","?","M","$","T","M","?","$","R","M","M","M","M","B",null,"R","?","?","M","$","R","T","M","R","E","M","?","?","M","M","B",null,"R","M","M","M","?"],"character_chosen":"SLIMEBOUND","items_purchased":["Ice Cream","Gremlin Horn"],"campfire_rested":4,"item_purchase_floors":[22,22],"current_hp_per_floor":[60,60,60,60,60,31,31,27,28,25,25,26,24,46,46,30,60,60,60,60,60,45,60,60,56,60,52,46,46,46,44,60,60,60,60,56,58,41,0,0,0],"gold":422,"neow_bonus":"ONE_RANDOM_RARE_CARD","is_daily":false,"chose_seed":false,"campfire_upgraded":1,"win_rate":0.0,"timestamp":1610048573,"path_taken":["R","M","?","?","M","?","T","M","?","$","R","M","M","M","M","BOSS","R","?","?","M","$","R","T","M","R","E","M","?","?","M","M","BOSS","R","M","M","M","?"],"items_purchased_type":["Relic","Relic"],"build_version":"2020-12-22","purchased_purges":1,"victory":false,"max_hp_per_floor":[60,60,60,60,60,60,60,60,60,60,60,60,60,60,60,60,60,60,60,60,60,60,60,60,60,60,60,60,60,60,60,60,60,60,60,60,60,60,70,70,70],"relic_stats":{"Gremlin Horn":[10,10],"counters":[23,78],"Letter Opener":[129],"obtain_stats":[{"Ice Cream":22,"downfall:HeartBlessingRed":11,"Gremlin Horn":22,"Replay:Grab Bag":17,"SacredBark":17,"Letter Opener":9,"Frozen Egg 2":17,"White Beast Statue":24,"Slimebound:PotencyRelic":27,"Slimebound:GreedOozeRelic":3,"Blood Vial":7,"Calling Bell":17,"ChewingGum":17,"Fusion Hammer":17,"downfall:RedIOU":29,"Slimebound:AbsorbEndCombat":0,"LetterFromLob":2,"Art of War":17,"Slimebound:AbsorbEndCombatUpgraded":34,"FossilizedHelix":17},{"Ice Cream":12,"downfall:HeartBlessingRed":6,"Gremlin Horn":12,"Replay:Grab Bag":10,"SacredBark":10,"Letter Opener":5,"Frozen Egg 2":10,"White Beast Statue":12,"Slimebound:PotencyRelic":14,"Slimebound:GreedOozeRelic":1,"Blood Vial":3,"Calling Bell":10,"ChewingGum":10,"Fusion Hammer":10,"downfall:RedIOU":15,"Slimebound:AbsorbEndCombat":0,"LetterFromLob":1,"Art of War":10,"Slimebound:AbsorbEndCombatUpgraded":18,"FossilizedHelix":10},{"Ice Cream":38,"downfall:HeartBlessingRed":21,"Gremlin Horn":38,"Replay:Grab Bag":35,"SacredBark":35,"Letter Opener":17,"Frozen Egg 2":35,"White Beast Statue":38,"Slimebound:PotencyRelic":44,"Slimebound:GreedOozeRelic":5,"Blood Vial":12,"Calling Bell":35,"ChewingGum":35,"Fusion Hammer":35,"downfall:RedIOU":46,"Slimebound:AbsorbEndCombat":0,"LetterFromLob":5,"Art of War":35,"Slimebound:AbsorbEndCombatUpgraded":57,"FossilizedHelix":35}]},"card_choices":[{"not_picked":["Slimebound:RollThrough","Slimebound:Schlurp"],"picked":"Slimebound:FlameTackle","floor":2},{"not_picked":["Slimebound:AcidTongue","Slimebound:SplitBruiser","Slimebound:ViciousTackle"],"picked":"SKIP","floor":5},{"not_picked":["Slimebound:SplitMire","Slimebound:LeechEnergy"],"picked":"Slimebound:RollThrough","floor":6},{"not_picked":["Slimebound:Overexert","Slimebound:ComboTackle"],"picked":"Slimebound:RollThrough","floor":8},{"not_picked":["Slimebound:SplitMire","Slimebound:SplitBruiser"],"picked":"Slimebound:GoopSpray","floor":9},{"not_picked":["Slimebound:Equalize","Slimebound:LeechEnergy"],"picked":"Slimebound:SlimeTap","floor":10},{"not_picked":["Slimebound:ComboTackle","Slimebound:SplitMire","Slimebound:SplitBruiser"],"picked":"SKIP","floor":12},{"not_picked":["Slimebound:ComboTackle","Slimebound:SlimeTap","Slimebound:GrowthPunch"],"picked":"SKIP","floor":13},{"not_picked":["Slimebound:SplitBruiser","Slimebound:ComboTackle","Slimebound:SplitMire"],"picked":"SKIP","floor":14},{"not_picked":["Slimebound:SplitBruiser","Slimebound:ComboTackle","Slimebound:SplitMire"],"picked":"SKIP","floor":14},{"not_picked":["Slimebound:Recycling","Slimebound:WasteNot"],"picked":"Slimebound:Overexert","floor":16},{"not_picked":["Slimebound:FlameTackle","Slimebound:DivideAndConquer","Slimebound:LeadByExample+1"],"picked":"SKIP","floor":21},{"not_picked":["Slimebound:FinishingTackle","Slimebound:ComboTackle","Slimebound:LeadByExample+1"],"picked":"SKIP","floor":22},{"not_picked":["Slimebound:DuplicatedForm+1","Slimebound:FlameTackle","Slimebound:Schlurp"],"picked":"SKIP","floor":25},{"not_picked":["Slimebound:ItLooksTasty","Slimebound:MinionMaster+1","Slimebound:DisruptingSlam"],"picked":"SKIP","floor":27},{"not_picked":["Slimebound:TongueLash+1","Slimebound:RollThrough"],"picked":"Slimebound:SplitAcid+1","floor":28},{"not_picked":["Slimebound:RainOfGoop","Slimebound:DivideAndConquer+1"],"picked":"Slimebound:SpikyOuterGoop+1","floor":31},{"not_picked":["Slimebound:GrowthPunch","Slimebound:HauntingLick+1","Slimebound:SlimeBrawl"],"picked":"SKIP","floor":32},{"not_picked":["Slimebound:FinishingTackle","Slimebound:ComboTackle","Slimebound:PressTheAttack+1"],"picked":"SKIP","floor":36},{"not_picked":["Slimebound:SplitBruiser","Slimebound:ComboTackle+1","Slimebound:SplitLeeching"],"picked":"SKIP","floor":37},{"not_picked":["Slimebound:LeechEnergy+1","Slimebound:LivingWall","Slimebound:Gluttony+1"],"picked":"SKIP","floor":38}],"player_experience":924490,"relics_obtained":[{"floor":2,"key":"LetterFromLob"},{"floor":7,"key":"Blood Vial"},{"floor":9,"key":"Letter Opener"},{"floor":17,"key":"Art of War"},{"floor":17,"key":"Frozen Egg 2"},{"floor":17,"key":"FossilizedHelix"},{"floor":24,"key":"White Beast Statue"},{"floor":27,"key":"Slimebound:PotencyRelic"}],"event_choices":[{"damage_healed":0,"gold_gain":0,"player_choice":"Read","damage_taken":0,"max_hp_gain":0,"max_hp_loss":0,"event_name":"The Library","floor":19,"gold_loss":0,"cards_obtained":["Slimebound:FirmFortitude"]},{"damage_healed":0,"gold_gain":0,"player_choice":"Became a vampire (Vial)","damage_taken":0,"max_hp_gain":0,"max_hp_loss":0,"event_name":"Vampires","floor":20,"relics_lost":["Blood Vial"],"gold_loss":0,"cards_obtained":["Bite","Bite","Bite","Bite","Bite"]},{"damage_healed":0,"gold_gain":0,"player_choice":"Simplicity","damage_taken":0,"max_hp_gain":0,"max_hp_loss":4,"event_name":"betterThird:BetterWriting","floor":30,"gold_loss":0}],"is_beta":false,"boss_relics":[{"not_picked":["Runic Pyramid","ReplayTheSpireMod:DimensionalGlitch"],"picked":"Replay:Grab Bag"},{"not_picked":["Runic Dome","Painkiller Herb"],"picked":"ChewingGum"},{"not_picked":["Velvet Choker","ReplayTheSpireMod:Onyx Gauntlets"],"picked":"Fusion Hammer"},{"not_picked":["Empty Cage","Ring of Chaos"],"picked":"Calling Bell"},{"not_picked":["Black Star","Replay:Ancient Bell"],"picked":"Slimebound:AbsorbEndCombatUpgraded"}],"items_purged_floors":[10],"is_endless":false,"potions_floor_spawned":[5,9,12,13,14,16,21,25,27,28,31,32,33,36,37,38,39],"killed_by":"Nightmare_Alpha","ascension_level":3}}