{"host":"bvr4vhlu71s3njyz","time":1610061708,"event":{"mods":["2.2 Compatiblity","AchievementEnabler","Act Like it!","Aspiration","Astrologer","Bard","BaseMod","Beaked The Cultist","Better Altar","Better Match","Better Note","Better Sensory Stone","Better Skull","Better Third Choice","CCEM","Conjunction","Downfall","Fiend Mod","Friendly Minions","Gremlin Mod","GungeonMod","Hallownest","Hermit","Hubris","Infinite Spire","Jorbs\u0027s Wanderer Trilogy","Mad Scientist","Mimic Mod","Minty Spire (QoL Compilation)","Potionbrewer","Quarter Circle Forward PUNCH!","QueenMod","Replay The Spire","Robot Space Explorer","Shade Mod","Shedinja","Slumbering Mod","StSLib","The Blackbeard","The Bladedancer","The Bug Knight","The Caster","The Clintock","The Construct","The Cursed","The Dragon Tamer","The Exalted","The Forsaken","The Hayseed","The Hierophant","The Judge","The Mystic","The Necromancer","The Poker Player","The Runesmith","The Sage","The Showman","TheArtist","TheFirefly","TheLocksmith","Trackpad","Wandering Minibosses","thorton","vexMod"],"gold_per_floor":[111,111,111,126,139,167,167,180,180,180,180,205,225,238,238,335,335,354,369,369,369,379,452,469,469,494,494,510,510,308,319,319,421,421,432,432,451,451,376,376,77,77,116,182,192,202,217,236,236,236],"floor_reached":51,"playtime":11420,"items_purged":[],"score":708,"play_id":"783ec465-7eb0-46fe-8d54-b3ebffc82c4f","local_time":"20210107182148","is_ascension_mode":false,"campfire_choices":[{"data":"DemoMod:HungryBullets","floor":7,"key":"SMITH"},{"floor":15,"key":"REST"},{"data":"DemoMod:PotionOfGunFriendShip","floor":25,"key":"SMITH"},{"data":"DemoMod:ShadowBullets","floor":32,"key":"SMITH"},{"data":"DemoMod:SkilledReload","floor":40,"key":"SMITH"},{"data":"DemoMod:ShadowBullets","floor":49,"key":"SMITH"}],"circlet_count":0,"master_deck":["DemoMod:Strike_Huntress","DemoMod:Strike_Huntress","DemoMod:Strike_Huntress","DemoMod:Defend_Huntress","DemoMod:Defend_Huntress","DemoMod:Defend_Huntress","DemoMod:Defend_Huntress","DemoMod:Roll","DemoMod:ManualReload+1","DemoMod:RustySidearm","DemoMod:CrossBow","DemoMod:SniperShot+1","DemoMod:HungryBullets+1","DemoMod:HuntsMan","DemoMod:TeaPot","DemoMod:StickyCrossBow","DemoMod:FastSwitch","DemoMod:ShadowBullets+1","DemoMod:DoubleSwitch","DemoMod:BulletBore+1","DemoMod:PotionOfGunFriendShip+1","DemoMod:GunShield+1","DemoMod:Unmoved+1","DemoMod:AbyssalTentacle","DemoMod:Unity+1","DemoMod:FullFirepower+1","DemoMod:RadGun","DemoMod:MachoBrace+1","DemoMod:ThirdPartyController+1","DemoMod:SkilledReload+1","DemoMod:PracticeMakesPerfect+1","expansioncontent:Flail","expansioncontent:ChargeUp","DemoMod:ChanceBullets+1","DemoMod:BSG+1","DemoMod:ConditionalReflex+1","DemoMod:SAA+1","DemoMod:TableSutra+1","DemoMod:DirectionalPad+1","DemoMod:MegaHand","DemoMod:ShadowBullets+1"],"relics":["DemoMod:Dog","aspiration:Nostalgia","bard:BagPipes","hubris:Towel","theForsaken:Lifeblossom","CCEMRelics:SpiritsEdge","Golden Egg","Pear","hubris:ScarierMask","theForsaken:HumbleEgg","Gremlin Food","Orichalcum","MutagenicStrength","aspiration:RitualStick","Guardian:PocketSentry","Honey Jar","qcfpunch:Broken_Tusk","Omamori","Sozu","hubris:BundleOfHerbs","Bird Faced Urn","vexMod:FocusSash"],"acts_visited":["Exordium","TheCity","TheBeyond"],"potions_floor_usage":[14,18,24,35],"damage_taken":[{"damage":0,"enemies":"2 Louse","floor":1,"turns":2},{"damage":0,"enemies":"theSlumbering:NewCultist","floor":4,"turns":3},{"damage":0,"enemies":"Small Slimes","floor":5,"turns":4},{"damage":2,"enemies":"theSlumbering:Adrasteia","floor":6,"turns":10},{"damage":26,"enemies":"Gremlin Gang","floor":8,"turns":5},{"damage":16,"enemies":"3 Sentries","floor":12,"turns":8},{"damage":13,"enemies":"Red Slaver","floor":13,"turns":3},{"damage":0,"enemies":"3 Louse","floor":14,"turns":1},{"damage":28,"enemies":"The Guardian","floor":16,"turns":13},{"damage":21,"enemies":"Shell Parasite","floor":18,"turns":7},{"damage":10,"enemies":"Cultist and Chosen","floor":19,"turns":5},{"damage":0,"enemies":"Centurion and Healer","floor":22,"turns":3},{"damage":0,"enemies":"Gremlin Leader","floor":23,"turns":6},{"damage":0,"enemies":"Snake Plant","floor":24,"turns":3},{"damage":0,"enemies":"Snecko","floor":28,"turns":4},{"damage":0,"enemies":"Centurion and Healer","floor":31,"turns":4},{"damage":3,"enemies":"Champ","floor":33,"turns":8},{"damage":3,"enemies":"3 Shapes","floor":35,"turns":5},{"damage":0,"enemies":"3 Darklings","floor":37,"turns":2},{"damage":5,"enemies":"Sphere and 2 Shapes","floor":43,"turns":6},{"damage":11,"enemies":"Sphere and 2 Shapes","floor":44,"turns":2},{"damage":15,"enemies":"Spire Growth","floor":45,"turns":3},{"damage":14,"enemies":"Writhing Mass","floor":46,"turns":3},{"damage":0,"enemies":"Transient","floor":47,"turns":5},{"damage":0,"enemies":"Maw","floor":48,"turns":5},{"damage":26,"enemies":"Awakened One","floor":50,"turns":11}],"seed_played":"9003312483607311317","potions_obtained":[{"floor":1,"key":"Explosive Potion"},{"floor":4,"key":"ColorlessPotion"},{"floor":16,"key":"Weak Potion"},{"floor":19,"key":"Milkshake"},{"floor":23,"key":"potionbrewer:SplittingPotion"},{"floor":28,"key":"Reflective Coating"}],"is_trial":false,"path_per_floor":["M","?","?","M","M","E","R","M","T","?","?","E","M","M","R","B",null,"M","M","T","?","M","E","M","R","T","?","M","?","$","M","R","B",null,"M","?","M","?","?","R","$","AVR","MIM","M","M","M","M","M","R","B",null],"character_chosen":"HUNTRESS","items_purchased":["Guardian:PocketSentry","DemoMod:MachoBrace+1","DemoMod:BSG","qcfpunch:Broken_Tusk"],"campfire_rested":1,"item_purchase_floors":[30,30,41,41],"current_hp_per_floor":[70,70,54,59,65,68,68,47,47,47,47,47,39,39,63,41,80,62,58,58,58,63,69,74,74,74,74,80,64,64,70,70,73,80,80,80,80,80,80,80,80,80,75,70,66,66,80,80,80,74],"gold":236,"neow_bonus":"NOSTALGIA","is_daily":false,"chose_seed":false,"campfire_upgraded":5,"win_rate":0.0,"timestamp":1610061708,"path_taken":["M","?","?","M","M","E","R","?","T","?","?","E","M","?","R","BOSS","M","M","?","?","?","E","M","R","T","?","M","?","?","?","R","BOSS","M","?","?","?","?","R","?","AVR","MIM","?","M","?","M","M","R","BOSS"],"items_purchased_type":["Relic","Card","Card","Relic"],"build_version":"2020-12-22","purchased_purges":0,"victory":true,"max_hp_per_floor":[70,70,70,70,70,70,70,70,70,70,70,80,80,80,80,80,80,80,80,80,80,80,80,80,80,80,80,80,80,80,80,80,80,80,80,80,80,80,80,80,80,80,80,80,80,80,80,80,80,80],"card_choices":[{"not_picked":["DemoMod:HardPowerCard","DemoMod:MachoBrace"],"picked":"DemoMod:SniperShot","floor":1},{"not_picked":["DemoMod:BattleInHaste","DemoMod:Unmoved"],"picked":"DemoMod:HungryBullets","floor":4},{"not_picked":["DemoMod:Ejector","DemoMod:ChanceBullets"],"picked":"DemoMod:HuntsMan","floor":5},{"not_picked":["DemoMod:GunstockTap","DemoMod:FeignSurrender"],"picked":"DemoMod:TeaPot","floor":6},{"not_picked":["DemoMod:BattleInHaste","DemoMod:GunstockTap"],"picked":"DemoMod:StickyCrossBow","floor":8},{"not_picked":["DemoMod:Unity","DemoMod:Ejector"],"picked":"DemoMod:FastSwitch","floor":12},{"not_picked":["DemoMod:HuntsMan","DemoMod:FightSabre"],"picked":"DemoMod:ShadowBullets","floor":13},{"not_picked":["DemoMod:MegaHand","DemoMod:TeaPot"],"picked":"DemoMod:DoubleSwitch","floor":14},{"not_picked":["DemoMod:DoubleVision","DemoMod:Elimentaler"],"picked":"DemoMod:BulletBore","floor":16},{"not_picked":["DemoMod:BoxingGlove","DemoMod:LifeOrb"],"picked":"DemoMod:PotionOfGunFriendShip","floor":18},{"not_picked":["DemoMod:GunstockTap","DemoMod:FeignSurrender"],"picked":"DemoMod:GunShield+1","floor":19},{"not_picked":["DemoMod:FastSwitch+1","DemoMod:Ejector+1"],"picked":"DemoMod:Unmoved+1","floor":22},{"not_picked":["DemoMod:GunstockTap+1","DemoMod:ConditionalReflex+1"],"picked":"DemoMod:AbyssalTentacle","floor":23},{"not_picked":["DemoMod:HuntsMan+1","DemoMod:MegaHand"],"picked":"DemoMod:Unity+1","floor":24},{"not_picked":["DemoMod:TeaPot+1","DemoMod:DoubleSwitch+1"],"picked":"DemoMod:FullFirepower","floor":28},{"not_picked":["DemoMod:BoxingGlove+1","DemoMod:HuntsMan+1"],"picked":"DemoMod:RadGun","floor":28},{"not_picked":["DemoMod:SniperShot","DemoMod:StickyCrossBow+1","DemoMod:Unmoved+1"],"picked":"SKIP","floor":31},{"not_picked":["DemoMod:Desperate","DemoMod:BalloonGun"],"picked":"DemoMod:ThirdPartyController","floor":33},{"not_picked":["DemoMod:CursedBullets+1","DemoMod:AWP+1","DemoMod:RadGun"],"picked":"DemoMod:SkilledReload","floor":35},{"not_picked":["DemoMod:ConditionalReflex+1","DemoMod:JK47+1","DemoMod:DoubleSwitch+1"],"picked":"DemoMod:PracticeMakesPerfect+1","floor":35},{"not_picked":["expansioncontent:GuardianWhirl","Crow Ritual","HandOfGreed"],"picked":"expansioncontent:Flail","floor":36},{"not_picked":["Mind Blast","theSlumbering:StoneHearth","Replay:Dark Deal"],"picked":"expansioncontent:ChargeUp","floor":36},{"not_picked":["DemoMod:DoubleSwitch+1","DemoMod:ProbeStrike+1","DemoMod:PracticeMakesPerfect+1"],"picked":"DemoMod:ChanceBullets+1","floor":37},{"not_picked":["DemoMod:HuntsMan+1","DemoMod:Camera","DemoMod:Ejector+1"],"picked":"DemoMod:ConditionalReflex+1","floor":43},{"not_picked":["DemoMod:DirectionalPad+1","DemoMod:PotionOfGunFriendShip+1","DemoMod:FastSwitch+1"],"picked":"DemoMod:SAA+1","floor":44},{"not_picked":["DemoMod:HighKaliber+1","DemoMod:HungryBullets","DemoMod:HuntsMan+1"],"picked":"DemoMod:TableSutra+1","floor":45},{"not_picked":["DemoMod:PotionOfGunFriendShip+1","DemoMod:SAA+1","DemoMod:TeaPot+1"],"picked":"DemoMod:DirectionalPad+1","floor":46},{"not_picked":["DemoMod:RadGun","DemoMod:Ejector+1","DemoMod:PotionOfGunFriendShip+1"],"picked":"DemoMod:MegaHand","floor":47},{"not_picked":["DemoMod:Purify","DemoMod:BoxingGlove+1","DemoMod:DirectionalPad+1"],"picked":"DemoMod:ShadowBullets","floor":48}],"player_experience":1261165,"relics_obtained":[{"floor":6,"key":"CCEMRelics:SpiritsEdge"},{"floor":9,"key":"Golden Egg"},{"floor":12,"key":"Pear"},{"floor":20,"key":"theForsaken:HumbleEgg"},{"floor":23,"key":"Gremlin Food"},{"floor":26,"key":"Orichalcum"},{"floor":43,"key":"hubris:BundleOfHerbs"},{"floor":43,"key":"Bird Faced Urn"},{"floor":46,"key":"vexMod:FocusSash"}],"event_choices":[{"damage_healed":0,"gold_gain":0,"player_choice":"RE ","damage_taken":18,"relics_obtained":["theForsaken:Lifeblossom"],"max_hp_gain":0,"max_hp_loss":0,"event_name":"betterSkull:BetterSkull","floor":3,"gold_loss":0,"cards_upgraded":[]},{"damage_healed":0,"gold_gain":0,"player_choice":"Grow","damage_taken":0,"max_hp_gain":0,"max_hp_loss":0,"event_name":"Living Wall","floor":10,"gold_loss":0,"cards_upgraded":["DemoMod:ManualReload"]},{"damage_healed":0,"gold_gain":0,"player_choice":"Upgraded","damage_taken":0,"max_hp_gain":0,"max_hp_loss":0,"event_name":"Upgrade Shrine","floor":11,"gold_loss":0,"cards_upgraded":["DemoMod:SniperShot"]},{"damage_healed":0,"gold_gain":0,"player_choice":"Ignored","damage_taken":0,"max_hp_gain":0,"max_hp_loss":0,"event_name":"betterNote:BetterNote","floor":21,"gold_loss":0,"cards_obtained":["Iron Wave"]},{"damage_healed":0,"gold_gain":0,"player_choice":"Inject Mutagens","damage_taken":0,"relics_obtained":["MutagenicStrength"],"max_hp_gain":0,"max_hp_loss":0,"event_name":"Drug Dealer","floor":27,"gold_loss":0},{"damage_healed":0,"gold_gain":0,"player_choice":"Random: Blue","damage_taken":0,"max_hp_gain":0,"max_hp_loss":0,"event_name":"betterThird:BetterPortal","floor":36,"gold_loss":0},{"damage_healed":0,"gold_gain":3,"player_choice":"1","damage_taken":0,"max_hp_gain":0,"max_hp_loss":0,"event_name":"betterStone:BetterStone","floor":36,"gold_loss":0},{"damage_healed":0,"gold_gain":0,"player_choice":"2","damage_taken":0,"max_hp_gain":0,"max_hp_loss":0,"event_name":"betterMatch:BetterMatch","floor":39,"gold_loss":0,"cards_obtained":[]}],"is_beta":false,"boss_relics":[{"not_picked":["Astrolabe","hubris:TerracottaHorce"],"picked":"hubris:ScarierMask"},{"not_picked":["Coffee Dripper","aspiration:RitualDagger"],"picked":"Honey Jar"}],"items_purged_floors":[],"is_endless":false,"potions_floor_spawned":[1,4,16,19,23,28,31,44,45,46,48],"ascension_level":0}}