{"host":"baymyijz6sxaqj5s","time":1610023415,"event":{"mods":["AchievementEnabler","BaseMod","Colored Map","Colored Powertips","DeckTracker","Highlight Path","KOR Keyword Fix","Keyboard Shortcuts","Minty Spire (QoL Compilation)","Quick Restart","StSLib","SuperFastMode"],"gold_per_floor":[113,63,63,76,93,93,110,110,110,120,137,103,103,120,120,120,120],"floor_reached":16,"playtime":415,"items_purged":[],"score":113,"play_id":"a537c74f-b334-4423-92a7-08dc09604c5b","local_time":"20210107214335","is_ascension_mode":true,"campfire_choices":[{"data":"Blur","floor":6,"key":"SMITH"},{"data":"Leg Sweep","floor":13,"key":"SMITH"},{"floor":15,"key":"REST"}],"circlet_count":0,"master_deck":["Strike_G","Strike_G","Strike_G","Strike_G","Defend_G","Defend_G","Defend_G","Defend_G","Defend_G","Survivor+1","Neutralize","Flying Knee","Blur+1","Bane","Leg Sweep+1","Poisoned Stab+1"],"relics":["Ring of the Snake","Ancient Tea Set","Molten Egg 2"],"acts_visited":["Exordium"],"potions_floor_usage":[16,16,16],"damage_taken":[{"damage":2,"enemies":"Cultist","floor":1,"turns":5},{"damage":0,"enemies":"Small Slimes","floor":4,"turns":4},{"damage":3,"enemies":"Jaw Worm","floor":5,"turns":7},{"damage":5,"enemies":"Red Slaver","floor":7,"turns":4},{"damage":9,"enemies":"Large Slime","floor":10,"turns":9},{"damage":3,"enemies":"2 Fungi Beasts","floor":11,"turns":5},{"damage":4,"enemies":"Blue Slaver","floor":14,"turns":5},{"damage":77,"enemies":"Slime Boss","floor":16,"turns":12}],"seed_played":"400251317061338191","potions_obtained":[{"floor":4,"key":"EssenceOfSteel"},{"floor":11,"key":"Fire Potion"},{"floor":14,"key":"DistilledChaos"}],"is_trial":false,"path_per_floor":["M","?","?","M","M","R","M","T","T","M","M","$","R","M","R","B"],"character_chosen":"THE_SILENT","items_purchased":["Leg Sweep"],"campfire_rested":1,"item_purchase_floors":[12],"current_hp_per_floor":[75,75,75,75,72,72,67,67,67,58,55,55,55,51,74,0,0],"gold":120,"neow_bonus":"TEN_PERCENT_HP_BONUS","is_daily":false,"chose_seed":false,"campfire_upgraded":2,"win_rate":0.0,"timestamp":1610023415,"path_taken":["M","?","?","M","M","R","M","?","T","M","M","$","R","M","R","BOSS"],"items_purchased_type":["Card"],"build_version":"2020-12-22","purchased_purges":0,"victory":false,"max_hp_per_floor":[77,77,77,77,77,77,77,77,77,77,77,77,77,77,77,77,77],"card_choices":[{"not_picked":["Dodge and Roll","Setup"],"picked":"Flying Knee","floor":1},{"not_picked":["Dodge and Roll","Flying Knee"],"picked":"Blur","floor":4},{"not_picked":["Endless Agony","Backstab"],"picked":"Bane","floor":5},{"not_picked":["Quick Slash","Dodge and Roll","Caltrops"],"picked":"SKIP","floor":7},{"not_picked":["Blade Dance","Flying Knee+1","Infinite Blades"],"picked":"SKIP","floor":10},{"not_picked":["PiercingWail","Underhanded Strike+1","Acrobatics"],"picked":"SKIP","floor":11},{"not_picked":["Phantasmal Killer","Dagger Spray+1"],"picked":"Poisoned Stab+1","floor":14}],"player_experience":83547,"relics_obtained":[{"floor":8,"key":"Ancient Tea Set"},{"floor":9,"key":"Molten Egg 2"}],"event_choices":[{"cards_removed":["Strike_G"],"damage_healed":0,"gold_gain":0,"player_choice":"Card Removal","damage_taken":0,"max_hp_gain":0,"max_hp_loss":0,"event_name":"The Cleric","floor":2,"gold_loss":50},{"damage_healed":0,"gold_gain":0,"player_choice":"Grow","damage_taken":0,"max_hp_gain":0,"max_hp_loss":0,"event_name":"Living Wall","floor":3,"gold_loss":0,"cards_upgraded":["Survivor"]}],"is_beta":false,"boss_relics":[],"items_purged_floors":[],"is_endless":false,"potions_floor_spawned":[4,11,14],"killed_by":"Slime Boss","ascension_level":4}}