{"host":"kv06jx36eid0zw4n","time":1610049441,"event":{"mods":["AchievementEnabler","Act Like it!","Aspiration","BaseMod","Beaked The Cultist","Better Note","Better Skull","Better Third Choice","BetterRewards","Block Reminder","CCEM","Colored Map","Conspire","Curses Come First","Dota2Spire","Elementarium","Energized Spire","Friendly Minions","Gensokyo","GifTheSpireLib","Glutton Mod","GungeonMod","Halation","Hallownest","Hermit","Hubris","Infinite Spire","Key Reminder","KomeijiMod","Lobotomy","LobotomyExtend","Menagerie","Mimic Mod","Minty Spire (QoL Compilation)","MostiFishMod","Pale of the Ancients","Quarter Circle Forward PUNCH!","Rare Cards Sparkle","Replay The Spire","RumiaBox-????????","Small Relic Pack","Spicy Shops","StSLib","Stuff the Spire","The Blue Laboratory","The Cursed","The Factory","Trackpad","Uncapped","Wandering Minibosses","[IsaacMod]????","vexMod"],"gold_per_floor":[113,14,14,0,11,11,37,57,88,122,172,197,197,197,197,272,272,283,302,602,621,621,661,678,678,715,747,763,794,794,794,794,886,886,900,900,900,900,917,917,953,953,1000,1030,1030,1047,1060,1108,1108,1127,1154,1174,1174,1252,1252,1284,1284,1366,1366,1366,1366],"floor_reached":60,"playtime":4685,"items_purged":["Delirium","StuffTheSpire:Injection"],"score":2209,"play_id":"5762ae6e-f459-4a2f-9423-11371011a149","local_time":"20210107205721","is_ascension_mode":true,"campfire_choices":[{"floor":6.0,"key":"RECALL"},{"data":"MostiFishMod:VineMother","floor":13.0,"key":"SMITH"},{"data":"Replay:Bag of Tricks","floor":15.0,"key":"SMITH"},{"data":"Apotheosis","floor":25.0,"key":"SMITH"},{"data":"Specialist","floor":30.0,"key":"SMITH"},{"data":"MostiFishMod:WinterMarkForm","floor":32.0,"key":"SMITH"},{"data":"hubris:Rewind","floor":40.0,"key":"SMITH"},{"data":"StuffTheSpire:MirrorStance","floor":42.0,"key":"SMITH"},{"data":"StuffTheSpire:MirrorStance","floor":49.0,"key":"SMITH"},{"data":"infinitespire:FutureSight","floor":55.0,"key":"SMITH"},{"data":"Envenom","floor":57.0,"key":"SMITH"}],"circlet_count":0,"master_deck":["AscendersBane","Sucker Punch","PiercingWail+1","MostiFishMod:VineMother+1","Blade Dance","Blade Dance","Replay:Bag of Tricks+1","StuffTheSpire:MirrorStance+1","MostiFishMod:FrostNova","MostiFishMod:SpreadingSpore","Apotheosis+1","Noxious Fumes","Dash+1","Storm of Steel+1","MostiFishMod:ShivMaster","Die Die Die","Malaise","ReplayTheSpireMod:From All Sides","MostiFishMod:Opportunism","ReplayTheSpireMod:From All Sides","MostiFishMod:WinterMarkForm+1","Envenom+1","MostiFishMod:Dislodge","Night Terror","Poison Darts","Dagger Spray+1","Sucker Punch","infinitespire:Neurotoxin+1","ReplayTheSpireMod:Scrap Shanks","Specialist+1","Poisoned Strike+1","PiercingWail","Noxious Fumes","conspire:PoisonWeapons","Cloak And Dagger","PiercingWail","Backstab","Noxious Fumes","MostiFishMod:GrandStart+1","hubris:SlightOfHand+1","hubris:Rewind+1","MostiFishMod:VineMother+1","Blur+1","Poisoned Stab","Outmaneuver+1","ReplayTheSpireMod:The Works","Calculated Gamble","infinitespire:FutureSight+1","StuffTheSpire:MirrorStance+1","MostiFishMod:PreservedThorns","StuffTheSpire:ReptileScales","Outmaneuver"],"relics":["Ring of the Snake","DaveBox","HushsDoor","BirthdayGift-Tetrahedron","TheBean","SynthV:TestCard","LetterFromLob","Hallownest:DreamNailRelic","CCEMRelics:Barrel","vexMod:MemoryStick","Dota2Spire:EtherealBlade","War Paint","Blue Candle","RhineSuit","hubris:NiceRug","SumBook","halation:IllGainedPizza","BrkXgEgg","BloodDonationMachine","Simple Rune","ChiLing","Chi","Ling","GuppysTail","UnicornStump","conspire:Flyswatter","DemoMod:PoisonVial","DemoMod:GlassGuonStoneRelic","vexMod:BigBerry","halation:AfternoonTea","Bronze Scales","trackpad:FieryHotPepper","conspire:Dentures","Du-Vu Doll","paleoftheancients:Timepiece","paleoftheancients:KeyRelic","CultistMask","paleoftheancients:SoulOfTheShowman","relicPack:OneForAll","conspire:DecoderRing","Dota2Spire:AghanimScepter"],"acts_visited":["Hallownest:Greenpath","Gensokyo:Gensokyoer","Hallownest:KingdomsEdge","paleoftheancients:PaleOfTheAncients"],"potions_floor_usage":[],"damage_taken":[{"damage":2.0,"enemies":"2_ Uuma","floor":1.0,"turns":2.0},{"damage":2.0,"enemies":"Hallownest:2_Tiktiks_and_1_Crawlid","floor":5.0,"turns":2.0},{"damage":4.0,"enemies":"Hallownest:eliteMossKnight","floor":7.0,"turns":3.0},{"damage":2.0,"enemies":"Hallownest:2_Baldur","floor":8.0,"turns":2.0},{"damage":3.0,"enemies":"Hallownest:1_Baldur_1_Crawlid_1_Warrior","floor":9.0,"turns":2.0},{"damage":2.0,"enemies":"Hallownest:eliteVengeflyKing","floor":10.0,"turns":2.0},{"damage":2.0,"enemies":"Hiden Room Battle","floor":11.0,"turns":2.0},{"damage":2.0,"enemies":"Hallownest:eliteCrystalGuardian","floor":12.0,"turns":2.0},{"damage":5.0,"enemies":"Hallownest:BossFalseKnight","floor":16.0,"turns":3.0},{"damage":6.0,"enemies":"Gensokyo:3_Dogs","floor":18.0,"turns":2.0},{"damage":1.0,"enemies":"Gensokyo:AngelMirror","floor":19.0,"turns":1.0},{"damage":20.0,"enemies":"hubris:Merchant","floor":20.0,"turns":5.0},{"damage":2.0,"enemies":"Gensokyo:Chomper_and_Gloop","floor":21.0,"turns":1.0},{"damage":6.0,"enemies":"Gensokyo:Koishi","floor":23.0,"turns":2.0},{"damage":2.0,"enemies":"Gensokyo:Slime_Group","floor":24.0,"turns":2.0},{"damage":3.0,"enemies":"Gensokyo:Mirror_and_Dog","floor":26.0,"turns":2.0},{"damage":5.0,"enemies":"Nightmare","floor":27.0,"turns":2.0},{"damage":2.0,"enemies":"Gensokyo:Mirror_and_Dog","floor":28.0,"turns":1.0},{"damage":4.0,"enemies":"Gensokyo:Koishi","floor":29.0,"turns":2.0},{"damage":31.0,"enemies":"Gensokyo:Eternal_Rivals","floor":33.0,"turns":4.0},{"damage":0.0,"enemies":"Hallownest:Shield_Heavy","floor":35.0,"turns":1.0},{"damage":0.0,"enemies":"Hallownest:3_Siblings","floor":39.0,"turns":1.0},{"damage":5.0,"enemies":"Hallownest:StalkingDevout","floor":41.0,"turns":2.0},{"damage":0.0,"enemies":"Hallownest:2_Wandering_and_1_Horned","floor":43.0,"turns":3.0},{"damage":3.0,"enemies":"Hallownest:eliteCollector","floor":44.0,"turns":2.0},{"damage":2.0,"enemies":"Hallownest:2_Wandering_and_1_Horned","floor":46.0,"turns":2.0},{"damage":0.0,"enemies":"Hallownest:Xero_Hu_Marmu","floor":47.0,"turns":1.0},{"damage":6.0,"enemies":"Nightmare","floor":48.0,"turns":4.0},{"damage":5.0,"enemies":"Hallownest:BossHollowKnight","floor":50.0,"turns":3.0},{"damage":2.0,"enemies":"Hallownest:BossHollowKnight","floor":51.0,"turns":2.0},{"damage":4.0,"enemies":"Hallownest:BossHollowKnight","floor":52.0,"turns":3.0},{"damage":68.0,"enemies":"Hallownest:BossHollowKnight","floor":56.0,"turns":3.0},{"damage":0,"enemies":"Delirium","floor":60,"turns":1}],"seed_played":"5077757386306161157","potions_obtained":[{"floor":1.0,"key":"Fire Potion"},{"floor":8.0,"key":"blueLaboratory:EnragingPotion"},{"floor":10.0,"key":"Flashbang"},{"floor":18.0,"key":"blueLaboratory:EnvenomedCoating"},{"floor":19.0,"key":"SkillPotion"},{"floor":20.0,"key":"LifebloodPotion"},{"floor":23.0,"key":"blueLaboratory:BlinkPotion"},{"floor":27.0,"key":"Strength Potion"},{"floor":33.0,"key":"LiquidMemories"},{"floor":35.0,"key":"PowerPotion"},{"floor":39.0,"key":"LifebloodPotion"},{"floor":47.0,"key":"blueLaboratory:PolymorphPotion"},{"floor":52.0,"key":"blueLaboratory:EnvenomedCoating"}],"is_trial":false,"path_per_floor":["M","$","?","?","M","R","E","M","MIM","E","?","E","R","$","R","B",null,"M","M","$","M","?","E","M","R","MIM","NM","M","E","R","$","R","B",null,"M","AVR","?","?","M","R","E","R","MIM","E","?","M","M","NM","R","B","M","M","?","T","R","M","R","T","?","B"],"character_chosen":"THE_SILENT","items_purchased":["PiercingWail","Apotheosis"],"campfire_rested":0,"item_purchase_floors":[2,17],"current_hp_per_floor":[69,69,69,69,67,67,63,69,66,64,47,45,45,45,45,40,66,60,59,53,51,51,48,46,46,43,41,39,35,35,35,35,4,87,87,87,102,102,102,102,97,97,97,94,94,92,92,89,89,100,102,102,102,102,102,75,75,75,75,75,75],"gold":1366,"neow_bonus":"TWENTY_PERCENT_HP_BONUS","is_daily":false,"chose_seed":false,"campfire_upgraded":10,"win_rate":0.0,"timestamp":1610049441,"path_taken":["M","$","?","?","M","R","E","?","MIM","E","?","E","R","?","R","BOSS","M","?","$","M","?","E","M","R","MIM","NM","?","E","R","?","R","BOSS","M","AVR","?","?","?","R","E","R","MIM","E","?","M","?","NM","R","BOSS","M","M","?","T","R","M","R","T","?","BOSS"],"items_purchased_type":["Card","Card"],"build_version":"2020-12-22","purchased_purges":2,"victory":false,"max_hp_per_floor":[78,78,78,78,78,78,78,78,78,78,78,78,78,78,78,78,74,74,74,74,74,74,74,74,74,74,74,74,74,74,74,74,74,104,104,104,104,104,104,104,104,104,104,104,104,104,104,104,104,104,104,104,104,104,104,104,104,104,104,104,104],"card_choices":[{"not_picked":[],"picked":"ChaosCard","floor":0.0},{"not_picked":["Calculated Gamble","Concentrate"],"picked":"Sucker Punch","floor":1.0},{"not_picked":["Dodge and Roll","Blade Dance","Footwork","Poisoned Stab"],"picked":"MostiFishMod:VineMother","floor":5.0},{"not_picked":["Leg Sweep","Outmaneuver","Quick Slash","Hidden Blade"],"picked":"StuffTheSpire:Injection","floor":7.0},{"not_picked":["Riddle With Holes","Backflip","Acrobatics","Dagger Throw"],"picked":"Blade Dance","floor":8.0},{"not_picked":["Setup","StuffTheSpire:ClusterCrunch","Acrobatics","StuffTheSpire:BumpUp"],"picked":"Blade Dance","floor":9.0},{"not_picked":["ReplayTheSpireMod:Speed Training","Night Terror","Accuracy","MostiFishMod:FullyArmed"],"picked":"Replay:Bag of Tricks","floor":10.0},{"not_picked":["Endless Agony","StuffTheSpire:Injection","Blade Dance","Dagger Throw"],"picked":"StuffTheSpire:MirrorStance","floor":11.0},{"not_picked":["Sucker Punch","Hidden Blade","Poisoned Stab","Bane"],"picked":"MostiFishMod:FrostNova","floor":12.0},{"not_picked":["Die Die Die","Adrenaline","A Thousand Cuts","Night Terror"],"picked":"MostiFishMod:SpreadingSpore","floor":16.0},{"not_picked":["Outmaneuver","Cloak And Dagger","Underhanded Strike","Backstab"],"picked":"Noxious Fumes","floor":18.0},{"not_picked":["Choke","StuffTheSpire:Fury","Dodge and Roll","StuffTheSpire:ClusterCrunch"],"picked":"Dash+1","floor":19.0},{"not_picked":[],"picked":"Dagger Spray+1","floor":20.0},{"not_picked":[],"picked":"Sucker Punch","floor":20.0},{"not_picked":[],"picked":"infinitespire:Neurotoxin+1","floor":20.0},{"not_picked":[],"picked":"ReplayTheSpireMod:Scrap Shanks","floor":20.0},{"not_picked":[],"picked":"Specialist","floor":20.0},{"not_picked":[],"picked":"Poisoned Strike+1","floor":20.0},{"not_picked":["Reflex"],"picked":"SKIP","floor":20.0},{"not_picked":["hubris:Counter+1","Expertise","Toxin Wave+1","Deadly Poison"],"picked":"PiercingWail","floor":21.0},{"not_picked":["Endless Agony+1","Well Laid Plans+1","Dagger Spray","Poisoned Stab"],"picked":"Noxious Fumes","floor":23.0},{"not_picked":["Deflect","Dash","StuffTheSpire:BumpUp","Skewer"],"picked":"conspire:PoisonWeapons","floor":24.0},{"not_picked":["Deadly Poison","MostiFishMod:PerfectParry+1","Deflect","Prepared"],"picked":"Cloak And Dagger","floor":26.0},{"not_picked":["Prepared","Venomology+1","infinitespire:Neurotoxin+1","Deadly Poison+1"],"picked":"PiercingWail","floor":27.0},{"not_picked":["Leg Sweep","StuffTheSpire:Repulse","Backflip","Dagger Throw"],"picked":"Backstab","floor":28.0},{"not_picked":["StuffTheSpire:Repulse","Leg Sweep","Glass Knife+1","Riddle With Holes"],"picked":"Noxious Fumes","floor":29.0},{"not_picked":["Envenom+1","MostiFishMod:Opportunism+1","Die Die Die+1","MostiFishMod:Listen+1"],"picked":"MostiFishMod:GrandStart+1","floor":33.0},{"not_picked":["Deflect+1","Backflip","hubris:Counter+1","Choke+1"],"picked":"hubris:SlightOfHand+1","floor":35.0},{"not_picked":["MostiFishMod:FrostNova","MostiFishMod:PerfectParry","StuffTheSpire:Incantation","Bane+1"],"picked":"MostiFishMod:VineMother+1","floor":39.0},{"not_picked":["MostiFishMod:GrandStart+1","Sucker Punch","Underhanded Strike","Outmaneuver"],"picked":"Blur+1","floor":41.0},{"not_picked":["Reflex","hubris:SlightOfHand","StuffTheSpire:Sprint","Cloak And Dagger"],"picked":"Poisoned Stab","floor":43.0},{"not_picked":["Quick Slash+1","Flying Knee","Deadly Poison","Hidden Blade"],"picked":"Outmaneuver+1","floor":44.0},{"not_picked":["Sucker Punch","Outmaneuver","Bane","Dodge and Roll+1"],"picked":"ReplayTheSpireMod:The Works","floor":46.0},{"not_picked":["Cloak And Dagger","StuffTheSpire:BumpUp","Sneak Up+1","StuffTheSpire:Fury"],"picked":"Calculated Gamble","floor":47.0},{"not_picked":["infinitespire:SealOfDarkness+","hubris:InfiniteBlow"],"picked":"infinitespire:FutureSight","floor":48.0},{"not_picked":["Hidden Blade","ReplayTheSpireMod:Scrap Shanks","conspire:DoublingDagger","Dagger Throw+1"],"picked":"StuffTheSpire:MirrorStance","floor":48.0},{"not_picked":["Dodge and Roll+1","Hidden Blade","Dagger Spray","Noxious Fumes"],"picked":"MostiFishMod:PreservedThorns","floor":51.0},{"not_picked":["Masterful Stab","Outmaneuver","StuffTheSpire:Shiver","Well Laid Plans"],"picked":"StuffTheSpire:ReptileScales","floor":52.0},{"not_picked":["Leg Sweep","Hidden Blade","Acrobatics","StuffTheSpire:ClusterCrunch+1"],"picked":"Outmaneuver","floor":56.0}],"player_experience":1628673,"relics_obtained":[{"floor":1.0,"key":"SynthV:TestCard"},{"floor":1.0,"key":"LetterFromLob"},{"floor":7.0,"key":"CCEMRelics:Barrel"},{"floor":10.0,"key":"vexMod:MemoryStick"},{"floor":11.0,"key":"Dota2Spire:EtherealBlade"},{"floor":11.0,"key":"DemoMod:WeirdEgg"},{"floor":12.0,"key":"Blue Candle"},{"floor":20.0,"key":"SumBook"},{"floor":20.0,"key":"halation:IllGainedPizza"},{"floor":20.0,"key":"BrkXgEgg"},{"floor":20.0,"key":"BloodDonationMachine"},{"floor":20.0,"key":"Simple Rune"},{"floor":20.0,"key":"ChiLing"},{"floor":23.0,"key":"GuppysTail"},{"floor":26.0,"key":"UnicornStump"},{"floor":27.0,"key":"conspire:Flyswatter"},{"floor":29.0,"key":"DemoMod:PoisonVial"},{"floor":41.0,"key":"Bronze Scales"},{"floor":43.0,"key":"trackpad:FieryHotPepper"},{"floor":44.0,"key":"conspire:Dentures"},{"floor":48.0,"key":"Du-Vu Doll"},{"floor":52.0,"key":"paleoftheancients:SoulOfTheShowman"},{"floor":54.0,"key":"conspire:DecoderRing"},{"floor":56.0,"key":"paleoftheancients:SoulOfTheBandit"},{"floor":58.0,"key":"Dota2Spire:AghanimScepter"}],"event_choices":[{"damage_healed":0.0,"max_hp_gain":0.0,"max_hp_loss":0.0,"gold_gain":0.0,"event_name":"HidenRoomEvent","player_choice":"Fight","floor":11.0,"gold_loss":0.0,"damage_taken":0.0}],"is_beta":false,"boss_relics":[{"not_picked":["Cursed Key","halation:LoveArrow"],"picked":"RhineSuit"},{"not_picked":[]},{"not_picked":["vexMod:DeviousBotling","Honey Jar"],"picked":"vexMod:BigBerry"},{"not_picked":[]}],"items_purged_floors":[2,36],"is_endless":false,"potions_floor_spawned":[1,8,10,18,19,23,27,33,35,39,47,52],"killed_by":"Delirium","ascension_level":14}}