{"host":"qxeepl7ydvsgmfdb","time":1610005806,"event":{"mods":["AchievementEnabler","BaseMod","Colored Powertips","Minty Spire (QoL Compilation)","Quick Restart","slay the spire mod where everything is the same but ironclad has a cowboy hat"],"gold_per_floor":[112,112,130,149,149,174,20,20,43,78,353,371,371,371],"floor_reached":13,"playtime":316,"items_purged":[],"score":126,"play_id":"748c8ec3-22af-465e-8d99-ba663f0e0c01","local_time":"20210107025006","is_ascension_mode":true,"campfire_choices":[{"data":"Cloak And Dagger","floor":8,"key":"SMITH"}],"circlet_count":0,"master_deck":["Strike_G","Strike_G","Strike_G","Strike_G","Strike_G","Defend_G","Defend_G","Defend_G","Defend_G","Defend_G","Survivor","Neutralize","Slice+1","Cloak And Dagger+1","Regret","Blade Dance"],"relics":["Ring of the Snake","NeowsBlessing","Pen Nib","Lee\u0027s Waffle","Nunchaku","Blood Vial"],"acts_visited":["Exordium"],"potions_floor_usage":[6,13],"damage_taken":[{"damage":0,"enemies":"Cultist","floor":1,"turns":1},{"damage":0,"enemies":"Jaw Worm","floor":3,"turns":1},{"damage":0,"enemies":"Small Slimes","floor":4,"turns":1},{"damage":21,"enemies":"3 Sentries","floor":6,"turns":9},{"damage":32,"enemies":"Lagavulin","floor":10,"turns":7},{"damage":11,"enemies":"Gremlin Gang","floor":12,"turns":5},{"damage":45,"enemies":"Gremlin Nob","floor":13,"turns":4}],"seed_played":"2910228811444702162","potions_obtained":[{"floor":4,"key":"AttackPotion"},{"floor":6,"key":"FearPotion"},{"floor":12,"key":"Weak Potion"}],"is_trial":false,"path_per_floor":["M","$","M","M","?","E","$","R","T","E","?","M","E"],"character_chosen":"THE_SILENT","items_purchased":["Lee\u0027s Waffle"],"campfire_rested":0,"item_purchase_floors":[7],"current_hp_per_floor":[63,63,63,63,63,42,77,77,77,45,45,36,0,0],"gold":371,"neow_bonus":"THREE_ENEMY_KILL","is_daily":false,"chose_seed":false,"campfire_upgraded":1,"win_rate":0.0,"timestamp":1610005806,"path_taken":["M","?","M","?","?","E","$","R","T","E","?","M","E"],"items_purchased_type":["Relic"],"build_version":"2020-12-22","purchased_purges":0,"victory":false,"max_hp_per_floor":[70,70,70,70,70,70,77,77,77,77,77,77,77,77],"card_choices":[{"not_picked":["Dodge and Roll","Concentrate"],"picked":"Slice","floor":1},{"not_picked":["Caltrops","Endless Agony"],"picked":"Cloak And Dagger","floor":3},{"not_picked":["Accuracy","Flying Knee","Caltrops"],"picked":"SKIP","floor":4},{"not_picked":["Deflect","Choke","Accuracy"],"picked":"SKIP","floor":6},{"not_picked":["Riddle With Holes","Bane","Setup"],"picked":"SKIP","floor":10},{"not_picked":["Heel Hook","Underhanded Strike"],"picked":"Blade Dance","floor":12}],"player_experience":386326,"relics_obtained":[{"floor":6,"key":"Pen Nib"},{"floor":9,"key":"Nunchaku"},{"floor":10,"key":"Blood Vial"}],"event_choices":[{"damage_healed":0,"gold_gain":0,"player_choice":"Grow","damage_taken":0,"max_hp_gain":0,"max_hp_loss":0,"event_name":"Living Wall","floor":5,"gold_loss":0,"cards_upgraded":["Slice"]},{"damage_healed":0,"gold_gain":275,"player_choice":"Desecrate","damage_taken":0,"max_hp_gain":0,"max_hp_loss":0,"event_name":"Golden Shrine","floor":11,"gold_loss":0,"cards_obtained":["Regret"]}],"is_beta":false,"boss_relics":[],"items_purged_floors":[],"is_endless":false,"potions_floor_spawned":[4,6,12],"killed_by":"Gremlin Nob","ascension_level":7}}