{"host":"ig7tc0uedzltt2sr","time":1610055819,"event":{"mods":["BaseMod","Better Twitch Integration","Block Reminder","Colored Map","Colored Powertips","Communication Mod","Current Relic Mod","GifTheSpireLib","HexUI Lib","Minty Spire (QoL Compilation)","Quick Restart","Random Character Button","Rare Cards Sparkle","Relic Sorter","Relic Stats","Slay the Relics Exporter","StSLib","SuperFastMode","Synergy Search","Twitch Decklist","Twitch Utils","everything is the same but u backflip on backflip","slay the spire mod where everything is the same but ironclad has a cowboy hat"],"gold_per_floor":[112,112,125,4,15,15,31,31,84,84,84,84],"floor_reached":11,"playtime":46,"items_purged":[],"score":63,"play_id":"7188fcb5-05cd-43d4-8bf4-d4de62115fcb","local_time":"20210107134339","is_ascension_mode":false,"campfire_choices":[{"floor":6,"key":"RECALL"},{"floor":8,"key":"REST"}],"circlet_count":0,"master_deck":["Strike_R","Strike_R","Strike_R","Strike_R","Strike_R","Defend_R","Defend_R","Defend_R","Defend_R","Bash","Whirlwind","Dropkick","Intimidate","Sever Soul"],"relics":["Burning Blood","NeowsBlessing","Potion Belt"],"acts_visited":["Exordium"],"potions_floor_usage":[],"damage_taken":[{"damage":0,"enemies":"Small Slimes","floor":1,"turns":1},{"damage":0,"enemies":"Cultist","floor":3,"turns":1},{"damage":0,"enemies":"Jaw Worm","floor":5,"turns":1},{"damage":16,"enemies":"Gremlin Gang","floor":7,"turns":3},{"damage":88,"enemies":"Lagavulin","floor":11,"turns":12}],"seed_played":"-7131710298410507319","potions_obtained":[{"floor":1,"key":"AttackPotion"},{"floor":7,"key":"EssenceOfSteel"}],"is_trial":false,"path_per_floor":["M","?","M","$","M","R","M","R","T","$","E"],"character_chosen":"IRONCLAD","items_purchased":["Explosive Potion","Intimidate"],"campfire_rested":1,"item_purchase_floors":[4,4],"current_hp_per_floor":[80,80,80,80,80,80,70,80,80,80,0,0],"gold":84,"neow_bonus":"THREE_ENEMY_KILL","is_daily":false,"chose_seed":false,"campfire_upgraded":0,"win_rate":0.0,"timestamp":1610055819,"path_taken":["M","?","?","$","M","R","M","R","T","?","E"],"items_purchased_type":["Potion","Card"],"build_version":"2020-12-22","purchased_purges":0,"victory":false,"max_hp_per_floor":[80,80,80,80,80,80,80,80,80,80,80,80],"relic_stats":{"counters":[5,18],"obtain_stats":[{"Potion Belt":2,"NeowsBlessing":0,"Burning Blood":0},{"Potion Belt":1,"NeowsBlessing":0,"Burning Blood":0},{"Potion Belt":1,"NeowsBlessing":0,"Burning Blood":0}],"Burning Blood":6},"card_choices":[{"not_picked":["Infernal Blade","Flex"],"picked":"Whirlwind","floor":1},{"not_picked":["Iron Wave","Wild Strike"],"picked":"Dropkick","floor":3},{"not_picked":["Burning Pact","Cleave"],"picked":"Sever Soul","floor":5},{"not_picked":["Havoc","Body Slam","Double Tap"],"picked":"SKIP","floor":7}],"player_experience":1455978,"relics_obtained":[],"event_choices":[{"damage_healed":0,"gold_gain":0,"player_choice":"Gave Potion","damage_taken":0,"relics_obtained":["Potion Belt"],"max_hp_gain":0,"max_hp_loss":0,"event_name":"WeMeetAgain","floor":2,"gold_loss":0}],"is_beta":false,"boss_relics":[],"items_purged_floors":[],"is_endless":false,"potions_floor_spawned":[1,7],"killed_by":"Lagavulin","ascension_level":0}}