{"host":"dcj2yvrgcvh5dl2s","time":1610009646,"event":{"mods":["BaseMod","Better Note","Block Reminder","Colored Powertips","DeckTracker","Minty Spire (QoL Compilation)","Quick Restart","Rare Cards Sparkle","Relic Stats","StSLib"],"gold_per_floor":[118,118,118,135,135,164,164,194,194,205,205,10,21,49,49,144,144,144,84,84,84,84,84,10,10,10,10,10,10,10,10,10,10,10,10,10,10,10,10,10,10,10,10,10,10,10,10,10,10,10],"floor_reached":51,"playtime":4554,"items_purged":[],"score":918,"play_id":"a38410f9-114c-4183-a6d7-288836daae90","local_time":"20210107185406","is_ascension_mode":true,"campfire_choices":[{"floor":7,"key":"REST"},{"floor":11,"key":"REST"},{"floor":15,"key":"REST"},{"floor":25,"key":"REST"},{"floor":32,"key":"REST"},{"floor":41,"key":"REST"},{"floor":46,"key":"REST"},{"data":"Adrenaline","floor":49,"key":"SMITH"}],"circlet_count":0,"master_deck":["Survivor","Neutralize+1","Injury","A Thousand Cuts+1","Deflect","Crippling Poison","Dodge and Roll","Malaise","Blade Dance","Blade Dance","Footwork","Adrenaline+1","After Image","Deflect","Bullet Time","Well Laid Plans","Heel Hook+1","Leg Sweep+1","A Thousand Cuts","Escape Plan","Quick Slash+1","Backflip+1","Terror+1","Sucker Punch+1","Envenom","Glass Knife+1","Reflex","Poisoned Stab+1","Crippling Poison","Bane+1","Deadly Poison","Corpse Explosion","Finisher+1","Deflect","Footwork","Dagger Spray+1","Bouncing Flask","Heel Hook+1","Slice+1","Cloak And Dagger+1","Noxious Fumes+1","Backflip+1","Swift Strike+1","Apotheosis","Panacea"],"relics":["Ring of the Snake","Torii","Mercury Hourglass","Bottled Lightning","Orichalcum","Unceasing Top","Ectoplasm","Dream Catcher","Molten Egg 2","Mummified Hand","Pandora\u0027s Box","Bird Faced Urn","Ornamental Fan","Old Coin"],"acts_visited":["Exordium","TheCity","TheBeyond"],"potions_floor_usage":[6,13,14,27,27,27,27,40,50,50],"damage_taken":[{"damage":2,"enemies":"Jaw Worm","floor":1,"turns":4},{"damage":10,"enemies":"Small Slimes","floor":4,"turns":3},{"damage":39,"enemies":"Gremlin Nob","floor":6,"turns":5},{"damage":10,"enemies":"3 Sentries","floor":8,"turns":8},{"damage":1,"enemies":"Cultist","floor":10,"turns":4},{"damage":0,"enemies":"Lots of Slimes","floor":13,"turns":1},{"damage":2,"enemies":"Gremlin Nob","floor":14,"turns":5},{"damage":24,"enemies":"The Guardian","floor":16,"turns":12},{"damage":3,"enemies":"3 Byrds","floor":18,"turns":4},{"damage":11,"enemies":"2 Thieves","floor":19,"turns":3},{"damage":14,"enemies":"3 Cultists","floor":20,"turns":4},{"damage":14,"enemies":"Sentry and Sphere","floor":21,"turns":6},{"damage":2,"enemies":"Snake Plant","floor":22,"turns":5},{"damage":2,"enemies":"Book of Stabbing","floor":23,"turns":6},{"damage":9,"enemies":"Slavers","floor":27,"turns":5},{"damage":0,"enemies":"3 Cultists","floor":29,"turns":4},{"damage":17,"enemies":"Snecko","floor":30,"turns":5},{"damage":1,"enemies":"Centurion and Healer","floor":31,"turns":6},{"damage":9,"enemies":"Champ","floor":33,"turns":12},{"damage":0,"enemies":"Orb Walker","floor":35,"turns":3},{"damage":1,"enemies":"3 Darklings","floor":37,"turns":2},{"damage":2,"enemies":"Spire Growth","floor":38,"turns":4},{"damage":34,"enemies":"2 Orb Walkers","floor":40,"turns":4},{"damage":10,"enemies":"Writhing Mass","floor":44,"turns":5},{"damage":10,"enemies":"Reptomancer","floor":45,"turns":7},{"damage":0,"enemies":"3 Darklings","floor":47,"turns":3},{"damage":29,"enemies":"Donu and Deca","floor":50,"turns":6}],"seed_played":"-6787964475785313876","potions_obtained":[{"floor":1,"key":"LiquidMemories"},{"floor":6,"key":"CunningPotion"},{"floor":10,"key":"Poison Potion"},{"floor":13,"key":"Ancient Potion"},{"floor":21,"key":"Dexterity Potion"},{"floor":23,"key":"EntropicBrew"},{"floor":27,"key":"Block Potion"},{"floor":29,"key":"Block Potion"},{"floor":40,"key":"CunningPotion"}],"is_trial":false,"path_per_floor":["M","?","?","M","?","E","R","E","T","M","R","$","M","E","R","B",null,"M","M","M","M","M","E","$","R","T","E","?","M","M","M","R","B",null,"M","?","M","M","$","?","R","$","T","M","E","R","M","?","R","B",null],"character_chosen":"THE_SILENT","items_purchased":["Orichalcum","Blade Dance","A Thousand Cuts"],"campfire_rested":7,"item_purchase_floors":[12,12,24],"current_hp_per_floor":[68,54,54,44,44,5,26,16,16,15,36,36,36,34,55,31,60,57,46,32,18,16,14,14,35,35,26,26,26,9,8,29,20,58,58,58,57,55,55,21,40,40,40,40,38,57,65,55,55,40],"gold":10,"neow_bonus":"THREE_RARE_CARDS","is_daily":false,"chose_seed":false,"campfire_upgraded":1,"win_rate":0.0,"timestamp":1610009646,"path_taken":["M","?","?","M","?","E","R","E","T","?","R","$","M","E","R","BOSS","M","M","?","M","M","E","$","R","T","E","?","M","M","?","R","BOSS","M","?","M","M","$","?","R","$","T","M","E","R","M","?","R","BOSS"],"items_purchased_type":["Relic","Card","Card"],"build_version":"2020-12-22","purchased_purges":0,"victory":true,"max_hp_per_floor":[70,70,70,70,70,70,70,70,70,70,70,70,70,70,70,70,70,70,70,70,70,70,70,70,70,70,70,70,70,70,70,70,70,70,70,66,66,66,66,66,66,66,66,66,66,66,66,66,66,66],"relic_stats":{"Torii":41,"counters":[27,132],"Orichalcum":[102],"Mercury Hourglass":[442],"Dream Catcher":4,"Mummified Hand":[71],"Ornamental Fan":[36],"Bird Faced Urn":[40],"Pandora\u0027s Box":["Glass Knife","Reflex","Poisoned Stab","Crippling Poison","Bane","Deadly Poison","Corpse Explosion","Finisher","Deflect"],"Ectoplasm":806,"obtain_stats":[{"Torii":6,"Orichalcum":12,"Mercury Hourglass":8,"Old Coin":45,"Dream Catcher":23,"Mummified Hand":27,"Ornamental Fan":43,"Bird Faced Urn":40,"Molten Egg 2":26,"Pandora\u0027s Box":34,"Ectoplasm":17,"Bottled Lightning":9,"Unceasing Top":14,"Ring of the Snake":0},{"Torii":3,"Orichalcum":5,"Mercury Hourglass":4,"Old Coin":25,"Dream Catcher":14,"Mummified Hand":15,"Ornamental Fan":23,"Bird Faced Urn":23,"Molten Egg 2":14,"Pandora\u0027s Box":19,"Ectoplasm":8,"Bottled Lightning":4,"Unceasing Top":7,"Ring of the Snake":0},{"Torii":12,"Orichalcum":23,"Mercury Hourglass":20,"Old Coin":123,"Dream Catcher":67,"Mummified Hand":72,"Ornamental Fan":111,"Bird Faced Urn":111,"Molten Egg 2":67,"Pandora\u0027s Box":98,"Ectoplasm":39,"Bottled Lightning":20,"Unceasing Top":28,"Ring of the Snake":0}],"Unceasing Top":[19],"Ring of the Snake":[54]},"card_choices":[{"not_picked":["Unload","Night Terror"],"picked":"A Thousand Cuts","floor":0},{"not_picked":["Poisoned Stab","Sucker Punch"],"picked":"Deflect","floor":1},{"not_picked":["Dagger Throw","Backstab"],"picked":"Crippling Poison","floor":4},{"not_picked":["Dagger Throw","Caltrops"],"picked":"Dodge and Roll","floor":6},{"not_picked":["Cloak And Dagger","Dagger Spray"],"picked":"Malaise","floor":8},{"not_picked":["Cloak And Dagger","Eviscerate"],"picked":"Blade Dance","floor":10},{"not_picked":["Poisoned Stab","Flying Knee"],"picked":"Footwork","floor":13},{"not_picked":["Prepared","Deadly Poison"],"picked":"Adrenaline","floor":14},{"not_picked":["Bullet Time","Die Die Die"],"picked":"After Image","floor":16},{"not_picked":["Bane+1","Sucker Punch","Flying Knee+1"],"picked":"SKIP","floor":18},{"not_picked":["Poisoned Stab","Concentrate"],"picked":"Deflect","floor":19},{"not_picked":["Underhanded Strike+1","Outmaneuver+1"],"picked":"Bullet Time","floor":20},{"not_picked":["Flying Knee+1","Dagger Throw"],"picked":"Well Laid Plans","floor":21},{"not_picked":["Infinite Blades","Endless Agony"],"picked":"Heel Hook+1","floor":22},{"not_picked":["Acrobatics","Sucker Punch"],"picked":"Leg Sweep+1","floor":23},{"not_picked":["Heel Hook+1","Calculated Gamble"],"picked":"Escape Plan","floor":27},{"not_picked":["Outmaneuver","PiercingWail"],"picked":"Backflip+1","floor":29},{"not_picked":["Deadly Poison","Prepared+1"],"picked":"Terror+1","floor":30},{"not_picked":["Flying Knee+1","All Out Attack+1","Phantasmal Killer"],"picked":"SKIP","floor":31},{"not_picked":["Bane+1","Concentrate"],"picked":"Sucker Punch+1","floor":32},{"not_picked":["Burst","After Image"],"picked":"Envenom","floor":33},{"not_picked":["Dagger Spray+1","Outmaneuver+1"],"picked":"Footwork","floor":35},{"not_picked":["Terror+1","Setup+1","Prepared"],"picked":"SKIP","floor":37},{"not_picked":["Doppelganger","Quick Slash+1"],"picked":"Dagger Spray+1","floor":38},{"not_picked":["Dagger Throw+1","Sucker Punch+1"],"picked":"Bouncing Flask","floor":40},{"not_picked":["Endless Agony+1","Quick Slash+1"],"picked":"Heel Hook+1","floor":41},{"not_picked":["PiercingWail+1","Flying Knee+1"],"picked":"Slice+1","floor":44},{"not_picked":["Flying Knee+1","Terror"],"picked":"Cloak And Dagger+1","floor":45},{"not_picked":["Dodge and Roll","Crippling Poison+1"],"picked":"Noxious Fumes+1","floor":46},{"not_picked":["PiercingWail","Bouncing Flask+1"],"picked":"Backflip+1","floor":47},{"not_picked":["Chrysalis","PanicButton"],"picked":"Swift Strike+1","floor":48},{"not_picked":["Good Instincts","Discovery"],"picked":"Apotheosis","floor":48},{"not_picked":["Trip","The Bomb"],"picked":"Panacea","floor":48}],"player_experience":2222256,"relics_obtained":[{"floor":6,"key":"Torii"},{"floor":8,"key":"Mercury Hourglass"},{"floor":9,"key":"Bottled Lightning"},{"floor":14,"key":"Unceasing Top"},{"floor":23,"key":"Dream Catcher"},{"floor":26,"key":"Molten Egg 2"},{"floor":27,"key":"Mummified Hand"},{"floor":40,"key":"Bird Faced Urn"},{"floor":43,"key":"Ornamental Fan"},{"floor":45,"key":"Old Coin"}],"event_choices":[{"damage_healed":0,"gold_gain":0,"player_choice":"Entered Light","damage_taken":14,"max_hp_gain":0,"max_hp_loss":0,"event_name":"Shining Light","floor":2,"gold_loss":0,"cards_upgraded":["Defend_G","Strike_G"]},{"damage_healed":0,"gold_gain":0,"player_choice":"Grow","damage_taken":0,"max_hp_gain":0,"max_hp_loss":0,"event_name":"Living Wall","floor":3,"gold_loss":0,"cards_upgraded":["A Thousand Cuts"]},{"damage_healed":0,"gold_gain":0,"player_choice":"Forge","damage_taken":0,"max_hp_gain":0,"max_hp_loss":0,"event_name":"Accursed Blacksmith","floor":5,"gold_loss":0,"cards_upgraded":["Neutralize"]},{"damage_healed":0,"gold_gain":0,"cards_transformed":["Strike_G"],"player_choice":"Transformed","damage_taken":0,"max_hp_gain":0,"max_hp_loss":0,"event_name":"Transmorgrifier","floor":28,"gold_loss":0,"cards_obtained":["Quick Slash"]},{"damage_healed":0,"gold_gain":0,"player_choice":"Max HP","damage_taken":0,"max_hp_gain":0,"max_hp_loss":4,"event_name":"Winding Halls","floor":36,"gold_loss":0},{"damage_healed":0,"gold_gain":0,"player_choice":"Fight","damage_taken":0,"max_hp_gain":0,"max_hp_loss":0,"event_name":"Mysterious Sphere","floor":40,"gold_loss":0},{"damage_healed":0,"gold_gain":0,"player_choice":"Memory 3","damage_taken":10,"max_hp_gain":0,"max_hp_loss":0,"event_name":"SensoryStone","floor":48,"gold_loss":0}],"is_beta":false,"boss_relics":[{"not_picked":["Black Star","SlaversCollar"],"picked":"Ectoplasm"},{"not_picked":["Astrolabe","SacredBark"],"picked":"Pandora\u0027s Box"}],"items_purged_floors":[],"is_endless":false,"potions_floor_spawned":[1,6,10,13,21,23,27,29,30,37,40,44],"ascension_level":5}}