{"host":"x205naxbihvu3p76","time":1610015904,"event":{"mods":["AchievementEnabler","BaseMod","Minty Spire (QoL Compilation)","StSLib","SuperFastMode"],"gold_per_floor":[118,118,141,166,91,135,135,176,176,201,217,257,270,308,308,308,308],"floor_reached":16,"playtime":417,"items_purged":["Clumsy"],"score":238,"play_id":"2cfcac1d-4179-4d49-9162-52349839628b","local_time":"20210107193824","is_ascension_mode":true,"campfire_choices":[{"floor":15,"key":"REST"}],"circlet_count":0,"master_deck":["AscendersBane","Strike_B","Strike_B","Defend_B","Defend_B","Defend_B","Defend_B","Zap","Dualcast","Self Repair","Self Repair","Streamline","Ball Lightning","Ball Lightning"],"relics":["Cracked Core","Golden Idol","Darkstone Periapt","Sundial","Bird Faced Urn","Eternal Feather","Calipers","Odd Mushroom"],"acts_visited":["Exordium"],"potions_floor_usage":[6,11,16],"damage_taken":[{"damage":8.0,"enemies":"Small Slimes","floor":1.0,"turns":3.0},{"damage":7.0,"enemies":"Jaw Worm","floor":3.0,"turns":2.0},{"damage":7.0,"enemies":"Cultist","floor":4.0,"turns":4.0},{"damage":30,"enemies":"3 Sentries","floor":6,"turns":9},{"damage":25,"enemies":"Lagavulin","floor":8,"turns":7},{"damage":17,"enemies":"Looter","floor":10,"turns":3},{"damage":12,"enemies":"Exordium Wildlife","floor":11,"turns":5},{"damage":35,"enemies":"3 Sentries","floor":12,"turns":7},{"damage":15,"enemies":"Exordium Thugs","floor":13,"turns":4},{"damage":25,"enemies":"The Mushroom Lair","floor":14,"turns":4},{"damage":52,"enemies":"Slime Boss","floor":16,"turns":6}],"seed_played":"4699761210238739656","potions_obtained":[{"floor":4.0,"key":"Fire Potion"},{"floor":8,"key":"Block Potion"},{"floor":10,"key":"SpeedPotion"},{"floor":13,"key":"EssenceOfDarkness"},{"floor":14,"key":"DistilledChaos"}],"is_trial":false,"path_per_floor":["M","?","M","M","$","E","?","E","T","M","M","E","M","?","R","B"],"character_chosen":"DEFECT","items_purchased":[],"campfire_rested":1,"item_purchase_floors":[],"current_hp_per_floor":[70,64,57,64,64,48,48,37,37,38,44,27,30,23,48,0,0],"gold":308,"neow_bonus":"TRANSFORM_TWO_CARDS","is_daily":false,"chose_seed":false,"campfire_upgraded":0,"win_rate":0.0,"timestamp":1610015904,"path_taken":["M","?","M","M","$","E","?","E","T","M","?","E","M","?","R","BOSS"],"items_purchased_type":[],"build_version":"2020-12-22","purchased_purges":1,"victory":false,"max_hp_per_floor":[71,64,64,64,64,64,64,64,64,64,64,64,64,64,64,64,64],"card_choices":[{"not_picked":["Lockon","Stack"],"picked":"Streamline","floor":1.0},{"not_picked":["Conserve Battery","Coolheaded","Heatsinks"],"picked":"SKIP","floor":3.0},{"not_picked":["Amplify","Consume"],"picked":"Cold Snap","floor":4.0},{"not_picked":["Sweeping Beam","Tempest","Stack"],"picked":"SKIP","floor":6},{"not_picked":["Stack","Turbo","Sweeping Beam"],"picked":"SKIP","floor":8},{"not_picked":["Lockon","Hyperbeam"],"picked":"Ball Lightning","floor":10},{"not_picked":["Coolheaded","Double Energy","Rebound"],"picked":"SKIP","floor":11},{"not_picked":["Coolheaded","Compile Driver","Stack"],"picked":"SKIP","floor":12},{"not_picked":["Stack","Hologram"],"picked":"Ball Lightning","floor":13}],"player_experience":956635,"relics_obtained":[{"floor":6,"key":"Darkstone Periapt"},{"floor":8,"key":"Bird Faced Urn"},{"floor":9,"key":"Eternal Feather"},{"floor":12,"key":"Calipers"},{"floor":14,"key":"Odd Mushroom"}],"event_choices":[{"damage_healed":0.0,"max_hp_gain":0.0,"max_hp_loss":7.0,"gold_gain":0.0,"event_name":"Golden Idol","player_choice":"Lose Max HP","floor":2.0,"gold_loss":0.0,"damage_taken":0.0,"relics_obtained":["Golden Idol"]},{"cards_removed":["Cold Snap"],"damage_healed":0,"gold_gain":0,"player_choice":"Gave Card","damage_taken":0,"relics_obtained":["Sundial"],"max_hp_gain":0,"max_hp_loss":0,"event_name":"WeMeetAgain","floor":7,"gold_loss":0},{"damage_healed":0,"gold_gain":0,"player_choice":"Fought Mushrooms","damage_taken":0,"max_hp_gain":0,"max_hp_loss":0,"event_name":"Mushrooms","floor":14,"gold_loss":0}],"is_beta":false,"boss_relics":[],"items_purged_floors":[5],"is_endless":false,"potions_floor_spawned":[4,8,10,13,14],"killed_by":"Slime Boss","ascension_level":19}}