{"host":"9l4mw5jqza9qz9hr","time":1610018957,"event":{"mods":["AchievementEnabler","Always Whale","BaseMod","Colored Map","Minty Spire (QoL Compilation)","StSLib","SuperFastMode"],"gold_per_floor":[118,118,128,148,148,173,185,520,520,520,246,246,246,264,264,264,264],"floor_reached":16,"playtime":456,"items_purged":["Strike_B"],"score":160,"play_id":"bbe65147-be62-4997-86f1-cdcfeb2eaae2","local_time":"20210107202917","is_ascension_mode":true,"campfire_choices":[{"data":"1","floor":10.0,"key":"LIFT"},{"data":"2","floor":13.0,"key":"LIFT"},{"data":"3","floor":15.0,"key":"LIFT"}],"circlet_count":0,"master_deck":["Defend_B","Defend_B","Defend_B","Defend_B","Zap+1","Dualcast","White Noise","Sweeping Beam","Capacitor","Genetic Algorithm","Storm","Sunder","Buffer","FTL","Thunder Strike","Defragment","Glacier","Turbo","Glacier","Ball Lightning+1","Leap"],"relics":["Cracked Core","Girya","Old Coin","Molten Egg 2","Orrery","Strawberry"],"acts_visited":["Exordium"],"potions_floor_usage":[16],"damage_taken":[{"damage":0.0,"enemies":"Small Slimes","floor":1.0,"turns":2.0},{"damage":1.0,"enemies":"Cultist","floor":3.0,"turns":3.0},{"damage":8.0,"enemies":"Jaw Worm","floor":4.0,"turns":4.0},{"damage":27.0,"enemies":"Lagavulin","floor":6.0,"turns":5.0},{"damage":10.0,"enemies":"Exordium Thugs","floor":7.0,"turns":4.0},{"damage":20.0,"enemies":"Gremlin Nob","floor":8.0,"turns":4.0},{"damage":8.0,"enemies":"3 Louse","floor":14.0,"turns":2.0},{"damage":13,"enemies":"The Guardian","floor":16,"turns":2}],"seed_played":"7547405581486502477","potions_obtained":[{"floor":1.0,"key":"DuplicationPotion"},{"floor":7.0,"key":"Regen Potion"},{"floor":14.0,"key":"Weak Potion"}],"is_trial":false,"path_per_floor":["M","?","M","M","?","E","M","E","T","R","$","T","R","M","R","B"],"character_chosen":"DEFECT","items_purchased":["Orrery","Ball Lightning+1"],"campfire_rested":0,"item_purchase_floors":[11,11],"current_hp_per_floor":[68,68,67,59,59,32,22,14,14,14,14,21,21,13,13,0,0],"gold":264,"neow_bonus":"TRANSFORM_TWO_CARDS","is_daily":false,"chose_seed":false,"campfire_upgraded":0,"win_rate":0.0,"timestamp":1610018957,"path_taken":["M","?","M","?","?","E","M","E","T","R","$","?","R","M","R","BOSS"],"items_purchased_type":["Relic","Card"],"build_version":"2020-12-22","purchased_purges":1,"victory":false,"max_hp_per_floor":[68,68,68,68,68,68,68,68,68,68,68,75,75,75,75,75,75],"card_choices":[{"not_picked":["Heatsinks","Stack"],"picked":"Capacitor","floor":1.0},{"not_picked":["Rebound","Cold Snap"],"picked":"Genetic Algorithm","floor":3.0},{"not_picked":["Lockon","Compile Driver"],"picked":"Storm","floor":4.0},{"not_picked":["Loop","Reboot"],"picked":"Buffer","floor":6.0},{"not_picked":["Capacitor","Sweeping Beam"],"picked":"FTL","floor":7.0},{"not_picked":["Glacier","Reboot"],"picked":"Thunder Strike","floor":8.0},{"not_picked":["Consume","Sweeping Beam+1"],"picked":"Defragment","floor":11.0},{"not_picked":["Streamline+1","Steam"],"picked":"Glacier","floor":11.0},{"not_picked":["Gash+1","Steam"],"picked":"Turbo","floor":11.0},{"not_picked":["Steam","Gash+1"],"picked":"Glacier","floor":11.0},{"not_picked":["Cold Snap+1","Stack"],"picked":"Leap","floor":14.0}],"player_experience":194291,"relics_obtained":[{"floor":6.0,"key":"Girya"},{"floor":8.0,"key":"Old Coin"},{"floor":9.0,"key":"Molten Egg 2"},{"floor":12.0,"key":"Strawberry"}],"event_choices":[{"damage_healed":0.0,"max_hp_gain":0.0,"max_hp_loss":0.0,"gold_gain":0.0,"event_name":"Upgrade Shrine","player_choice":"Upgraded","floor":2.0,"gold_loss":0.0,"damage_taken":0.0,"cards_upgraded":["Zap"]},{"damage_healed":0.0,"max_hp_gain":0.0,"max_hp_loss":0.0,"gold_gain":0.0,"cards_transformed":["Strike_B"],"event_name":"Living Wall","player_choice":"Change","floor":5.0,"gold_loss":0.0,"damage_taken":0.0,"cards_obtained":["Sunder"]}],"is_beta":false,"boss_relics":[],"items_purged_floors":[11],"is_endless":false,"potions_floor_spawned":[1,7,14],"killed_by":"The Guardian","ascension_level":9}}