{"host":"k2mw1od0xoi9pcfj","time":1610044132,"event":{"mods":["100% Spire Juice","AchievementEnabler","Act Like it!","Aspiration","BaseMod","Better Altar","Better Match","Better Note","Better Sensory Stone","Better Skull","Better Third Choice","Conspire","Defuse TimeMaze Blight","Downfall","Energized Spire","Friendly Minions","Gensokyo","Halation","Hallownest","Hermit","Highlight Path","Infinite Spire","Koishi","Marisa????????","Minty Spire (QoL Compilation)","Permanent Neow","Prisma Mod","Quick Restart","Random Character Button","Relic Sorter","Relic Stats","Remilia??????","Replay The Spire","Shade Mod","Shedinja","Spicy Shops","StSLib","Synergy Search","The Animator","The Bug Knight","The Cursed","The Exalted","The Hierophant","The Necromancer","The Runesmith","The Senshi","The Servant 0.9.4","The Wild Card","Treasure Hunter","WarShipGirlsR/????R mod","everything is the same but u backflip on backflip","slay the spire mod where everything is the same but ironclad has a cowboy hat"],"gold_per_floor":[114,114,164,176,198,210,238,277,316,328,182,182,132,179,179,286,286,315,357,357,384,422,479,488,488],"floor_reached":24,"playtime":2374,"items_purged":[],"score":314,"play_id":"b156719d-613a-48c8-835a-0fc9667f8cac","local_time":"20210107122852","is_ascension_mode":false,"campfire_choices":[{"data":"TheCursedMod:CleanUpWorkshop","floor":6,"key":"SMITH"},{"floor":10,"key":"RECALL"},{"floor":15,"key":"DIG"}],"circlet_count":0,"master_deck":["TheCursedMod:Strike_TheCursed","TheCursedMod:Defend_TheCursed","TheCursedMod:Defend_TheCursed","TheCursedMod:CursedWand","TheCursedMod:CleanUpWorkshop+1","TheCursedMod:Dregs","TheCursedMod:VitalStrike","Injury","ReplayTheSpireMod:Splinters","TheCursedMod:HellsGateOpen","TheCursedMod:CircleOfBlood+1","TheCursedMod:LuckyCharm","TheCursedMod:Wield","TH:CopperCoins","TheCursedMod:LuckyCharm","TH:CopperCoins","Pot Of Greed+1","Pot Of Greed+1","TheCursedMod:OutForBlood","conspire:SpireCoStock+1","TheCursedMod:CircleOfCorruption+1","Pot Of Greed+1","TH:BikiniMail","TheCursedMod:VoidForm","TheCursedMod:Dregs","Voices","TheCursedMod:Torture+1","TheCursedMod:Evocation+1","RitualDagger","TH:DeckOfManyThings","TheCursedMod:Obscuration+1","TH:TreasureMap","TheCursedMod:SurpriseAttack"],"relics":["TheCursedMod:BlackMagic101","Ice Cream","Toxic Egg 2","MawBank","Juzu Bracelet","Grinning Jar","MealTicket","Kintsugi","Gremlin Food","Bromod:ArcaneMomentum"],"acts_visited":["Exordium","TheCity"],"potions_floor_usage":[22,23,23],"damage_taken":[{"damage":0,"enemies":"Small Slimes","floor":1,"turns":3},{"damage":5,"enemies":"Jaw Worm","floor":5,"turns":4},{"damage":0,"enemies":"Cultist","floor":7,"turns":3},{"damage":31,"enemies":"Lagavulin","floor":8,"turns":9},{"damage":26,"enemies":"Exordium Thugs","floor":14,"turns":8},{"damage":9,"enemies":"Hexaghost","floor":16,"turns":9},{"damage":12,"enemies":"Spheric Guardian","floor":18,"turns":6},{"damage":6,"enemies":"Shell Parasite","floor":19,"turns":7},{"damage":30,"enemies":"Sentry and Sphere","floor":22,"turns":7},{"damage":31,"enemies":"Replay:Snechameleon","floor":23,"turns":8},{"damage":17,"enemies":"Snecko","floor":24,"turns":3}],"seed_played":"-4419822756177462367","potions_obtained":[{"floor":3,"key":"Explosive Potion"},{"floor":7,"key":"BlessingOfTheForge"},{"floor":8,"key":"CultistPotion"},{"floor":22,"key":"Swift Potion"}],"is_trial":false,"path_per_floor":["M","?","?","$","M","R","M","E","T","R","$","?","?","M","R","B",null,"M","M","?","T","M","E","M"],"character_chosen":"THE_CURSED","items_purchased":["TheCursedMod:OutForBlood"],"campfire_rested":0,"item_purchase_floors":[11],"current_hp_per_floor":[54,54,54,54,57,57,65,44,44,44,44,44,44,30,30,25,75,67,69,69,69,39,8,0,0],"gold":488,"neow_bonus":"ONE_RARE_RELIC","is_daily":false,"chose_seed":false,"campfire_upgraded":1,"win_rate":0.0,"timestamp":1610044132,"path_taken":["M","?","?","$","?","R","M","E","T","R","$","?","?","M","R","BOSS","M","M","?","?","M","E","M"],"items_purchased_type":["Card"],"build_version":"2020-12-22","purchased_purges":0,"victory":false,"max_hp_per_floor":[75,75,75,75,75,75,75,75,75,75,75,75,75,75,75,75,75,75,75,75,75,75,75,75,75],"relic_stats":{"counters":[11,67],"MealTicket":0,"Juzu Bracelet":1,"MawBank":96,"obtain_stats":[{"Ice Cream":0,"Gremlin Food":21,"TheCursedMod:BlackMagic101":0,"MealTicket":15,"Juzu Bracelet":8,"Toxic Egg 2":2,"Grinning Jar":9,"Kintsugi":17,"MawBank":3,"Bromod:ArcaneMomentum":23},{"Ice Cream":0,"Gremlin Food":8,"TheCursedMod:BlackMagic101":0,"MealTicket":5,"Juzu Bracelet":4,"Toxic Egg 2":1,"Grinning Jar":4,"Kintsugi":6,"MawBank":1,"Bromod:ArcaneMomentum":10},{"Ice Cream":0,"Gremlin Food":49,"TheCursedMod:BlackMagic101":0,"MealTicket":27,"Juzu Bracelet":19,"Toxic Egg 2":3,"Grinning Jar":19,"Kintsugi":36,"MawBank":3,"Bromod:ArcaneMomentum":64}]},"card_choices":[{"not_picked":["TheCursedMod:Stretching","TheCursedMod:CursedShiv"],"picked":"TheCursedMod:VitalStrike","floor":1},{"not_picked":["TheCursedMod:BlessingInDisguise+1","TheCursedMod:CursedMace"],"picked":"TheCursedMod:HellsGateOpen","floor":3},{"not_picked":["TheCursedMod:ManaCirculation","TheCursedMod:CircleOfFlame+1"],"picked":"TheCursedMod:CircleOfBlood+1","floor":3},{"not_picked":["TheCursedMod:CircleOfAmplification+1","TheCursedMod:CircleOfFlame+1"],"picked":"TheCursedMod:LuckyCharm","floor":5},{"not_picked":["TheCursedMod:WearCloak+1","TheCursedMod:CursedStaff"],"picked":"TheCursedMod:Wield","floor":7},{"not_picked":["TH:EnergyPotion"],"picked":"TH:CopperCoins","floor":8},{"not_picked":["TheCursedMod:ShockAndAwe","TheCursedMod:Stigma"],"picked":"TheCursedMod:LuckyCharm","floor":8},{"not_picked":["TH:ElvenBoots"],"picked":"TH:CopperCoins","floor":9},{"not_picked":["TheCursedMod:TacticalStrike","TheCursedMod:CursedBlade"],"picked":"TheCursedMod:CircleOfCorruption+1","floor":14},{"not_picked":["TH:Mimic"],"picked":"TH:BikiniMail","floor":16},{"not_picked":["TheCursedMod:DemonicPact","TheCursedMod:DemonSword"],"picked":"TheCursedMod:VoidForm","floor":16},{"not_picked":["TheCursedMod:TacticalStrike+1","TheCursedMod:CursedBlade"],"picked":"TheCursedMod:Torture+1","floor":18},{"not_picked":["TheCursedMod:CursedBlade+1","TheCursedMod:WearCloak+1"],"picked":"TheCursedMod:Evocation+1","floor":19},{"not_picked":["TH:EnergyPotion"],"picked":"TH:DeckOfManyThings","floor":21},{"not_picked":["TheCursedMod:CursedStaff+1","TheCursedMod:CircleOfWindfury+1"],"picked":"TheCursedMod:Obscuration+1","floor":22},{"not_picked":["TH:Mimic"],"picked":"TH:TreasureMap","floor":23},{"not_picked":["TheCursedMod:VitalStrike+1","TheCursedMod:CircleOfCorruption+1"],"picked":"TheCursedMod:SurpriseAttack","floor":23}],"player_experience":1572928,"relics_obtained":[{"floor":3,"key":"MawBank"},{"floor":8,"key":"Juzu Bracelet"},{"floor":9,"key":"Grinning Jar"},{"floor":15,"key":"MealTicket"},{"floor":21,"key":"Gremlin Food"},{"floor":23,"key":"Bromod:ArcaneMomentum"}],"event_choices":[{"damage_healed":0,"gold_gain":0,"player_choice":"Bought 0 Potions","damage_taken":0,"max_hp_gain":0,"max_hp_loss":0,"event_name":"The Woman in Blue","floor":12,"gold_loss":0},{"damage_healed":0,"gold_gain":0,"player_choice":"Invest 1","damage_taken":0,"max_hp_gain":0,"max_hp_loss":0,"event_name":"conspire:Investor","floor":13,"gold_loss":0},{"cards_removed":["TheCursedMod:Torture"],"damage_healed":0,"gold_gain":0,"player_choice":"Take \u0026 Give","damage_taken":0,"max_hp_gain":0,"max_hp_loss":0,"event_name":"betterNote:BetterNote","floor":20,"gold_loss":0,"cards_obtained":["RitualDagger"]}],"is_beta":false,"boss_relics":[{"not_picked":["aspiration:FutureDiary","halation:Yufonium"],"picked":"Kintsugi"}],"items_purged_floors":[],"is_endless":false,"potions_floor_spawned":[7,8,18,22],"killed_by":"Snecko","ascension_level":0}}