{"host":"yvlk1m4foro8gl4v","time":1610062738,"event":{"mods":["AchievementEnabler","Act Like it!","BaseMod","Minty Spire (QoL Compilation)","Relic Stats","StSLib","The Servant 0.9.4","Uncapped"],"gold_per_floor":[110,127,202,214,214,214,240,240,263,263,263,188,363,238,238,359,359,380,394,309,2,2,2,2],"floor_reached":23,"playtime":928,"items_purged":["Strike_R","Doubt"],"score":268,"play_id":"c19dd1e4-d338-4ad7-96bb-f8dc98e8d808","local_time":"20210107233858","is_ascension_mode":true,"campfire_choices":[{"data":"Searing Blow","floor":6.0,"key":"SMITH"},{"floor":8.0,"key":"REST"},{"data":"Searing Blow+1","floor":10.0,"key":"SMITH"},{"data":"Searing Blow+2","floor":15.0,"key":"SMITH"}],"circlet_count":0,"master_deck":["Strike_R+1","Strike_R+1","Defend_R+1","Defend_R","Defend_R+1","Bash+1","Searing Blow+3","Armaments+1","Impervious","Shrug It Off","Rupture+1","Sentinel+1","Mayhem","Evolve"],"relics":["Burning Blood","NeowsBlessing","Whetstone","War Paint","Golden Idol","Astrolabe","Ornamental Fan","Medical Kit"],"acts_visited":["Exordium","TheCity"],"potions_floor_usage":[],"damage_taken":[{"damage":0.0,"enemies":"2 Louse","floor":1.0,"turns":1.0},{"damage":0.0,"enemies":"Jaw Worm","floor":2.0,"turns":1.0},{"damage":0.0,"enemies":"Small Slimes","floor":4.0,"turns":1.0},{"damage":32.0,"enemies":"Lagavulin","floor":7.0,"turns":9.0},{"damage":16.0,"enemies":"The Guardian","floor":16.0,"turns":14.0},{"damage":55.0,"enemies":"3 Byrds","floor":18.0,"turns":10.0},{"damage":21.0,"enemies":"Spheric Guardian","floor":19.0,"turns":6.0},{"damage":10,"enemies":"Gremlin Leader","floor":23,"turns":1}],"seed_played":"-1841390247126089610","potions_obtained":[{"floor":2.0,"key":"Fruit Juice"},{"floor":4.0,"key":"Block Potion"},{"floor":16.0,"key":"PowerPotion"}],"is_trial":false,"path_per_floor":["M","M","?","M","?","R","E","R","T","R","?","$","?","$","R","B",null,"M","M","?","$","?","E"],"character_chosen":"IRONCLAD","items_purchased":["Shrug It Off","Mayhem","Medical Kit"],"campfire_rested":1,"item_purchase_floors":[14,21,21],"current_hp_per_floor":[78,80,69,75,59,59,33,63,63,63,63,63,63,63,63,53,73,24,9,9,9,9,0,0],"gold":2,"neow_bonus":"THREE_ENEMY_KILL","is_daily":false,"chose_seed":false,"campfire_upgraded":3,"win_rate":0.0,"timestamp":1610062738,"path_taken":["M","M","?","M","?","R","E","R","T","R","?","$","?","$","R","BOSS","M","M","?","$","?","E"],"items_purchased_type":["Card","Card","Relic"],"build_version":"2020-12-22","purchased_purges":2,"victory":false,"max_hp_per_floor":[80,80,80,80,80,80,80,85,85,85,79,79,79,79,79,79,79,79,79,79,79,79,79,79],"relic_stats":{"counters":[8,43],"Golden Idol":31,"Ornamental Fan":[0],"Astrolabe":["Rupture","Sentinel","Carnage"],"Whetstone":["Strike_R","Bash"],"War Paint":["Defend_R","Defend_R"],"Medical Kit":[0],"obtain_stats":[{"NeowsBlessing":0,"Golden Idol":11,"Ornamental Fan":20,"Astrolabe":17,"Whetstone":7,"War Paint":9,"Medical Kit":21,"Burning Blood":0},{"NeowsBlessing":0,"Golden Idol":4,"Ornamental Fan":7,"Astrolabe":5,"Whetstone":4,"War Paint":4,"Medical Kit":7,"Burning Blood":0},{"NeowsBlessing":0,"Golden Idol":12,"Ornamental Fan":42,"Astrolabe":26,"Whetstone":12,"War Paint":12,"Medical Kit":42,"Burning Blood":0}],"Burning Blood":38},"card_choices":[{"not_picked":["True Grit","Flex","Bloodletting"],"picked":"SKIP","floor":1.0},{"not_picked":["Clash","Burning Pact"],"picked":"Searing Blow","floor":2.0},{"not_picked":["Rage","True Grit"],"picked":"Armaments","floor":4.0},{"not_picked":["Thunderclap","Combust"],"picked":"Impervious","floor":7.0},{"not_picked":["Seeing Red+1","Clothesline+1","Hemokinesis"],"picked":"SKIP","floor":18.0},{"not_picked":["Spot Weakness","Clash","Rupture+1"],"picked":"SKIP","floor":19.0}],"player_experience":728556,"relics_obtained":[{"floor":7.0,"key":"Whetstone"},{"floor":9.0,"key":"War Paint"}],"event_choices":[{"damage_healed":0.0,"max_hp_gain":0.0,"max_hp_loss":0.0,"gold_gain":75.0,"event_name":"World of Goop","player_choice":"Gather Gold","floor":3.0,"gold_loss":0.0,"damage_taken":11.0},{"damage_healed":0.0,"max_hp_gain":0.0,"max_hp_loss":0.0,"gold_gain":0.0,"event_name":"Shining Light","player_choice":"Entered Light","floor":5.0,"gold_loss":0.0,"damage_taken":16.0,"cards_upgraded":["Armaments","Strike_R"]},{"damage_healed":0.0,"max_hp_gain":0.0,"max_hp_loss":6.0,"gold_gain":0.0,"event_name":"Golden Idol","player_choice":"Lose Max HP","floor":11.0,"gold_loss":0.0,"damage_taken":0.0,"relics_obtained":["Golden Idol"]},{"damage_healed":0.0,"max_hp_gain":0.0,"max_hp_loss":0.0,"gold_gain":175.0,"event_name":"Liars Game","player_choice":"AGREE","floor":13.0,"gold_loss":0.0,"damage_taken":0.0,"cards_obtained":["Doubt"]},{"damage_healed":0.0,"max_hp_gain":0.0,"max_hp_loss":0.0,"gold_gain":0.0,"event_name":"Addict","player_choice":"Obtained Relic","floor":20.0,"gold_loss":85.0,"damage_taken":0.0,"relics_obtained":["Ornamental Fan"]},{"damage_healed":0.0,"max_hp_gain":0.0,"max_hp_loss":0.0,"gold_gain":0.0,"cards_transformed":["Carnage"],"event_name":"Transmorgrifier","player_choice":"Transformed","floor":22.0,"gold_loss":0.0,"damage_taken":0.0,"cards_obtained":["Evolve"]}],"is_beta":false,"boss_relics":[{"not_picked":["Snecko Eye","Busted Crown"],"picked":"Astrolabe"}],"items_purged_floors":[12,14],"is_endless":false,"potions_floor_spawned":[2,4,16],"killed_by":"Gremlin Leader","ascension_level":9}}