{"host":"m4gez01cdgxblqzl","time":1610049152,"event":{"mods":["2.2 Compatiblity","AchievementEnabler","Act Like it!","Aspiration","BaseMod","Better Altar","Better Match","Better Note","Better Sensory Stone","Better Skull","Better Third Choice","Better Vampires","BetterRewards","Block Reminder","CCEM","Challenge The Spire","Clawfect","Colored Powertips","Conspire","Curses Come First","Downfall","Energized Spire","Friendly Minions","GifTheSpireLib","Glutton Mod","Halation","Hermit","Hubris","Infinite Spire","Jedi Mod","Marked Mod","Minty Spire (QoL Compilation)","Permanent Neow","Practice Mode","Quick Restart","READ ME - Guardian Mod","Rare Cards Sparkle","RatMod","Relic Sorter","Relic Stats","Replay The Spire","Reworked Bosses","Shade Mod","Shop Mod","Spicy Shops","Spikes Relics","StSLib","Stuff the Spire","SuperFastMode","Synergy Search","The Blue Laboratory","The Construct","The Jungle","The Problem Sleuth","The Runesmith","The Spell Scribe","Thieving Mod","Trackpad","Unceasing Turn Reminder","Unknown Chances","everything is the same but u backflip on backflip","vexMod","??????REMEMod"],"gold_per_floor":[118,131,131,143,143,155,172,225,225,225,252,252,287,306,306,410,410,425,425,487,497,497,497,524,524,524,524,524,524,536,553,553,658,658,673,673,686,703,703,703,716,734,734,110,110,110,21,39,39,39],"floor_reached":51,"playtime":4182,"items_purged":["ReplayTheSpireMod:Splinters"],"score":760,"play_id":"1c37dd70-cb24-4d80-a414-97fabe434690","local_time":"20210107135232","is_ascension_mode":true,"campfire_choices":[{"floor":10.0,"key":"REST"},{"floor":15.0,"key":"REST"},{"data":"rat:Garrote","floor":23,"key":"SMITH"},{"floor":27,"key":"REST"},{"floor":40,"key":"REST"},{"data":"StuffTheSpire:Python","floor":46,"key":"SMITH"}],"circlet_count":0,"master_deck":["Defend_G+1","Defend_G+1","Defend_G+1","Defend_G+1","Defend_G+1","Survivor","Neutralize","rat:Garrote+1","Footwork","Flying Knee","Distraction","StuffTheSpire:Shiver","Tactician","Deflect","rat:Sprint","Bullet Time","Sucker Punch","rat:SilveredBlade","Sucker Punch","conspire:DoublingDagger","Bite","Bite","Bite","Bite","Bite","hubris:Counter","rat:SilverDagger+1","Die Die Die","Cloak And Dagger+1","REME_ShadowStrike","hubris:SlightOfHand","Draining Mist","Dash+1","StuffTheSpire:Python+1","Noxious Fumes","Midas Touch","jedi:forcepull+1","Flying Knee","Pace"],"relics":["Ring of the Snake","halation:PinkSoulGem","vexMod:MegatonBomb","REME_ComplimentaryCards","aspiration:Nostalgia","m_SnakeBloodCore","hubris:Towel","trackpad:CultistFigurine","infinitespire:Lucky Rock","Runesmith:Locket","construct:BoolHorns","Regal Pillow","ReplayFunnel","jedi:gremlinknob","Onion Ring","jedi:crownofsimplicity","Enchiridion","WristBlade","StuffTheSpire:GreaterSneckoEye","ReplayTheSpireMod:Shallot","trackpad:ByrdBGone","Bottled Tornado","CCEMRelics:FestiveHat"],"acts_visited":["Exordium","TheCity","TheBeyond"],"potions_floor_usage":[21,50],"damage_taken":[{"damage":0.0,"enemies":"2 Louse","floor":1.0,"turns":4.0},{"damage":4.0,"enemies":"Jaw Worm","floor":2.0,"turns":5.0},{"damage":1.0,"enemies":"Small Slimes","floor":4.0,"turns":3.0},{"damage":3.0,"enemies":"Exordium Wildlife","floor":6.0,"turns":6.0},{"damage":7.0,"enemies":"Looter","floor":7.0,"turns":4.0},{"damage":9.0,"enemies":"Lagavulin","floor":11.0,"turns":8.0},{"damage":22.0,"enemies":"3 Sentries","floor":13.0,"turns":8.0},{"damage":13.0,"enemies":"Exordium Thugs","floor":14.0,"turns":5.0},{"damage":22,"enemies":"Slime Boss","floor":16,"turns":9},{"damage":1,"enemies":"3 Byrds","floor":18,"turns":1},{"damage":9,"enemies":"2 Thieves","floor":21,"turns":4},{"damage":33,"enemies":"Replay:Snechameleon","floor":24,"turns":7},{"damage":0,"enemies":"Snecko","floor":30,"turns":1},{"damage":7,"enemies":"Snake Plant","floor":31,"turns":4},{"damage":16,"enemies":"bossMod:newChamp","floor":33,"turns":12},{"damage":27,"enemies":"3 Shapes","floor":35,"turns":4},{"damage":4,"enemies":"3 Darklings","floor":37,"turns":5},{"damage":36,"enemies":"Spire Growth","floor":38,"turns":4},{"damage":7,"enemies":"Jaw Worm Horde","floor":41,"turns":3},{"damage":0,"enemies":"Maw","floor":42,"turns":4},{"damage":0,"enemies":"Spire Growth","floor":48,"turns":1},{"damage":26,"enemies":"bossMod:newShapes","floor":50,"turns":4}],"seed_played":"-848660984561468104","potions_obtained":[{"floor":2.0,"key":"blueLaboratory:HorrorPotion"},{"floor":4.0,"key":"DistilledChaos"},{"floor":11.0,"key":"jedi:wingpotion"},{"floor":14.0,"key":"blueLaboratory:NullPotion"},{"floor":16,"key":"infinitespire:BlackPotion"},{"floor":18,"key":"blueLaboratory:Virophage"},{"floor":30,"key":"sneckomod:MuddlingPotion"},{"floor":42,"key":"blueLaboratory:RecallPotion"}],"is_trial":false,"path_per_floor":["M","M","?","M","?","M","M","T","T","R","E","?","E","M","R","B",null,"M","?","?","M","?","R","E","?","T","R","AVR","T","M","M","R","B",null,"M","?","M","M","?","R","M","M","T","$","AVR","R","$","M","R","B",null],"character_chosen":"THE_SILENT","items_purchased":["trackpad:ByrdBGone","Bottled Tornado","StuffTheSpire:Python","Noxious Fumes","Midas Touch"],"campfire_rested":4,"item_purchase_floors":[44,44,44,47,47],"current_hp_per_floor":[70,69,69,70,70,70,66,66,66,70,64,64,45,35,56,37,70,70,70,70,64,64,64,34,34,34,49,49,49,49,49,33,38,49,31,49,49,42,22,49,47,49,49,49,49,49,49,49,49,27],"gold":39,"neow_bonus":"NOSTALGIA","is_daily":false,"chose_seed":false,"campfire_upgraded":2,"win_rate":0.0,"timestamp":1610049152,"path_taken":["M","M","?","M","?","M","M","?","T","R","E","?","E","M","R","BOSS","M","?","?","M","?","R","E","?","T","R","AVR","?","?","M","R","BOSS","M","?","?","M","?","R","M","?","T","$","AVR","R","?","M","R","BOSS"],"items_purchased_type":["Relic","Relic","Card","Card","Card"],"build_version":"2020-12-22","purchased_purges":1,"victory":true,"max_hp_per_floor":[70,70,70,70,70,70,70,70,70,70,70,70,70,70,70,70,70,70,70,70,70,70,70,70,49,49,49,49,49,49,49,49,49,49,49,49,49,49,49,49,49,49,49,49,49,49,49,49,49,49],"relic_stats":{"Regal Pillow":14,"counters":[22,106],"obtain_stats":[{"construct:BoolHorns":13,"vexMod:MegatonBomb":17,"ReplayFunnel":24,"Regal Pillow":20,"aspiration:Nostalgia":0,"Runesmith:Locket":11,"jedi:gremlinknob":26,"Enchiridion":32,"trackpad:ByrdBGone":44,"infinitespire:Lucky Rock":9,"jedi:crownofsimplicity":29,"hubris:Towel":3,"Bottled Tornado":44,"m_SnakeBloodCore":0,"WristBlade":34,"ReplayTheSpireMod:Shallot":43,"CCEMRelics:FestiveHat":45,"StuffTheSpire:GreaterSneckoEye":39,"Onion Ring":28,"trackpad:CultistFigurine":8,"halation:PinkSoulGem":12,"Ring of the Snake":0,"REME_ComplimentaryCards":0},{"construct:BoolHorns":7,"vexMod:MegatonBomb":9,"ReplayFunnel":12,"Regal Pillow":10,"aspiration:Nostalgia":0,"Runesmith:Locket":6,"jedi:gremlinknob":12,"Enchiridion":14,"trackpad:ByrdBGone":20,"infinitespire:Lucky Rock":5,"jedi:crownofsimplicity":12,"hubris:Towel":2,"Bottled Tornado":20,"m_SnakeBloodCore":0,"WristBlade":15,"ReplayTheSpireMod:Shallot":20,"CCEMRelics:FestiveHat":20,"StuffTheSpire:GreaterSneckoEye":18,"Onion Ring":12,"trackpad:CultistFigurine":5,"halation:PinkSoulGem":6,"Ring of the Snake":0,"REME_ComplimentaryCards":0},{"construct:BoolHorns":38,"vexMod:MegatonBomb":52,"ReplayFunnel":64,"Regal Pillow":53,"aspiration:Nostalgia":0,"Runesmith:Locket":30,"jedi:gremlinknob":64,"Enchiridion":69,"trackpad:ByrdBGone":101,"infinitespire:Lucky Rock":22,"jedi:crownofsimplicity":64,"hubris:Towel":9,"Bottled Tornado":101,"m_SnakeBloodCore":0,"WristBlade":81,"ReplayTheSpireMod:Shallot":101,"CCEMRelics:FestiveHat":101,"StuffTheSpire:GreaterSneckoEye":94,"Onion Ring":64,"trackpad:CultistFigurine":22,"halation:PinkSoulGem":30,"Ring of the Snake":0,"REME_ComplimentaryCards":0}],"Ring of the Snake":[44]},"card_choices":[{"not_picked":["rat:FanOfKnives","Blade Dance"],"picked":"rat:Garrote","floor":1.0},{"not_picked":["Underhanded Strike","Backstab"],"picked":"Footwork","floor":2.0},{"not_picked":["rat:EchoingStrikes","rat:SiphonBlood"],"picked":"Flying Knee","floor":4.0},{"not_picked":["Cloak And Dagger","Backflip"],"picked":"Distraction","floor":6.0},{"not_picked":["rat:VenomousWounds","StuffTheSpire:Injection"],"picked":"StuffTheSpire:Shiver","floor":7.0},{"not_picked":["jedi:collectorvenom","hubris:Counter"],"picked":"Tactician","floor":11.0},{"not_picked":["Masterful Stab","Outmaneuver"],"picked":"Deflect","floor":13.0},{"not_picked":["ReplayTheSpireMod:Exploit Weakness","Poisoned Stab"],"picked":"rat:Sprint","floor":14.0},{"not_picked":["Burst","ReplayTheSpireMod:From All Sides"],"picked":"Bullet Time","floor":16},{"not_picked":["Quick Slash","jedi:pocketpoison"],"picked":"Sucker Punch","floor":18},{"not_picked":["Dodge and Roll","Backflip"],"picked":"rat:SilveredBlade","floor":20},{"not_picked":["Underhanded Strike","Draining Mist"],"picked":"Sucker Punch","floor":21},{"not_picked":["Toxin Wave","rat:Shadowstep"],"picked":"conspire:DoublingDagger","floor":24},{"not_picked":["PiercingWail","rat:Shadowstep"],"picked":"hubris:Counter","floor":30},{"not_picked":["Escape Plan+1","rat:EchoingStrikes+1"],"picked":"rat:SilverDagger+1","floor":31},{"not_picked":["rat:AtrophicSteroids","Storm of Steel"],"picked":"Die Die Die","floor":33},{"not_picked":["rat:SilverDagger+1","Riddle With Holes+1"],"picked":"Cloak And Dagger+1","floor":35},{"not_picked":["rat:EchoingStrikes+1","Quick Slash"],"picked":"REME_ShadowStrike","floor":37},{"not_picked":["REME_SpectralBlade","StuffTheSpire:Injection"],"picked":"hubris:SlightOfHand","floor":38},{"not_picked":["Deadly Poison+1","Bane+1"],"picked":"Draining Mist","floor":41},{"not_picked":["Backflip","Fluid Movement"],"picked":"Dash+1","floor":42},{"not_picked":["ReplayTheSpireMod:Uncanny Aura+1","expansioncontent:SlimeTackle+1"],"picked":"jedi:forcepull+1","floor":48},{"not_picked":["jedi:pocketpoison+1","StuffTheSpire:Injection+1"],"picked":"Flying Knee","floor":48}],"player_experience":78368,"relics_obtained":[{"floor":8.0,"key":"trackpad:CultistFigurine"},{"floor":9.0,"key":"infinitespire:Lucky Rock"},{"floor":11.0,"key":"Runesmith:Locket"},{"floor":13.0,"key":"construct:BoolHorns"},{"floor":20,"key":"Regal Pillow"},{"floor":24,"key":"ReplayFunnel"},{"floor":26,"key":"jedi:gremlinknob"},{"floor":29,"key":"jedi:crownofsimplicity"},{"floor":32,"key":"Enchiridion"},{"floor":39,"key":"StuffTheSpire:GreaterSneckoEye"},{"floor":43,"key":"ReplayTheSpireMod:Shallot"}],"event_choices":[{"damage_healed":0.0,"max_hp_gain":0.0,"max_hp_loss":0.0,"gold_gain":0.0,"event_name":"Golden Wing","player_choice":"Ignored","floor":5.0,"gold_loss":0.0,"damage_taken":0.0},{"damage_healed":0,"gold_gain":0,"player_choice":"Simplicity","damage_taken":0,"max_hp_gain":0,"max_hp_loss":10,"event_name":"betterThird:BetterWriting","floor":19,"gold_loss":0},{"damage_healed":0,"gold_gain":0,"player_choice":"Became a vampire","damage_taken":0,"max_hp_gain":0,"max_hp_loss":21,"event_name":"Vampires","floor":25,"gold_loss":0,"cards_obtained":["Bite","Bite","Bite","Bite","Bite"]},{"damage_healed":0,"gold_gain":0,"player_choice":"Obtained Book","damage_taken":16,"max_hp_gain":0,"max_hp_loss":0,"event_name":"Cursed Tome","floor":32,"gold_loss":0},{"damage_healed":18,"gold_gain":0,"player_choice":"Full Heal","damage_taken":0,"max_hp_gain":0,"max_hp_loss":0,"event_name":"Wheel of Change","floor":36,"gold_loss":0}],"is_beta":false,"boss_relics":[{"not_picked":["energizedSpire:EnergizedDie","Runesmith:UraniumAnvil"],"picked":"vexMod:MegatonBomb"},{"not_picked":["jedi:battlestandard","vexMod:EndlessSickness"],"picked":"WristBlade"}],"items_purged_floors":[44],"is_endless":false,"potions_floor_spawned":[2,4,11,14,16,18,30,31,35,37,42],"ascension_level":1}}