{"host":"seujf6kmfn3ctpoe","time":1610049657,"event":{"mods":["BaseMod","Colored Map","Downfall","Minty Spire (QoL Compilation)","Permanent Neow","Relic Sorter","Relic Stats","StSLib"],"gold_per_floor":[99,99,9,9,24,36,36,36,51,86,86,71,71,71,86,182,182,182,201,220,234,63,93,144,144,79,79,90,105,105,130,145,244,244,244,261,278,278,292,324,359,371,399,336,368,397,443,815,846,858],"floor_reached":51,"playtime":4140,"items_purged":["Guardian:Strike_Guardian","Guardian:Defend_Guardian"],"score":915,"play_id":"33d92897-62a0-4174-bf8b-f53dc6e37475","local_time":"20210107210057","is_ascension_mode":true,"campfire_choices":[{"data":"Guardian:CurlUp","floor":1,"key":"SMITH"},{"floor":11,"key":"REST"},{"data":"Guardian:Harden","floor":13,"key":"SMITH"},{"data":"Guardian:BaubleBeam","floor":18,"key":"SMITH"},{"data":"Guardian:DecasProtection","floor":25,"key":"SMITH"},{"data":"Guardian:SpikerProtocol","floor":30,"key":"SMITH"},{"data":"Guardian:ExploitGems","floor":35,"key":"SMITH"},{"floor":44,"key":"REST"}],"circlet_count":0,"master_deck":["Guardian:Strike_Guardian","Guardian:Strike_Guardian","Guardian:Strike_Guardian","Guardian:Defend_Guardian","Guardian:Defend_Guardian","Guardian:Defend_Guardian","Guardian:CurlUp+1","Guardian:TwinSlam+1","Guardian:ExploitGems+1","Guardian:Harden+1","Guardian:DecasProtection+1","Guardian:BaubleBeam+1","Guardian:Harden+1","Guardian:SpikerProtocol+1","Guardian:PrismaticBeam+1","Guardian:FloatingOrbs","Guardian:ExploitGems","Guardian:DecasProtection+1","Guardian:SpikerProtocol+1"],"relics":["Guardian:ModeShifter","WingedGreaves","Singing Bowl","Guardian:PickAxe","Bottled Lightning","Guardian:StasisSlotReductionRelic","White Beast Statue","Smiling Mask","Matryoshka","SlaversCollar","MawBank","Centennial Puzzle","Bag of Preparation","downfall:HeartBlessingGreen","Question Card"],"acts_visited":["Exordium","TheCity","TheBeyond"],"potions_floor_usage":[15,16,23,50,50,50],"damage_taken":[{"damage":0,"enemies":"downfall:FleeingMerchant","floor":3,"turns":4},{"damage":0,"enemies":"Cultist","floor":5,"turns":4},{"damage":1,"enemies":"2 Louse","floor":6,"turns":4},{"damage":0,"enemies":"Small Slimes","floor":9,"turns":5},{"damage":68,"enemies":"Gremlin Nob","floor":10,"turns":8},{"damage":0,"enemies":"downfall:FleeingMerchant","floor":12,"turns":4},{"damage":0,"enemies":"Gremlin Gang","floor":15,"turns":2},{"damage":14,"enemies":"downfall:Silent","floor":16,"turns":10},{"damage":0,"enemies":"Spheric Guardian","floor":19,"turns":3},{"damage":0,"enemies":"Chosen","floor":20,"turns":5},{"damage":19,"enemies":"Sentry and Sphere","floor":21,"turns":7},{"damage":0,"enemies":"downfall:FleeingMerchant","floor":22,"turns":4},{"damage":18,"enemies":"Book of Stabbing","floor":23,"turns":6},{"damage":0,"enemies":"downfall:FleeingMerchant","floor":26,"turns":4},{"damage":0,"enemies":"Shelled Parasite and Fungi","floor":28,"turns":5},{"damage":14,"enemies":"3 Cultists","floor":29,"turns":5},{"damage":10,"enemies":"Slavers","floor":31,"turns":5},{"damage":13,"enemies":"Sentry and Sphere","floor":32,"turns":5},{"damage":0,"enemies":"downfall:Defect","floor":33,"turns":6},{"damage":0,"enemies":"Orb Walker","floor":36,"turns":4},{"damage":10,"enemies":"3 Darklings","floor":37,"turns":5},{"damage":1,"enemies":"4 Shapes","floor":39,"turns":7},{"damage":27,"enemies":"Nemesis","floor":40,"turns":7},{"damage":10,"enemies":"Maw","floor":43,"turns":6},{"damage":0,"enemies":"Transient","floor":45,"turns":5},{"damage":1,"enemies":"4 Shapes","floor":46,"turns":6},{"damage":0,"enemies":"Giant Head","floor":47,"turns":7},{"damage":0,"enemies":"downfall:FleeingMerchant","floor":48,"turns":4},{"damage":0,"enemies":"Writhing Mass","floor":49,"turns":5},{"damage":0,"enemies":"downfall:Ironclad","floor":50,"turns":9}],"seed_played":"-6264077845385697102","potions_obtained":[{"floor":5,"key":"champ:CounterPotion"},{"floor":10,"key":"Explosive Potion"},{"floor":15,"key":"Swift Potion"},{"floor":16,"key":"champ:CounterPotion"},{"floor":21,"key":"Weak Potion"},{"floor":23,"key":"Regen Potion"},{"floor":29,"key":"SpeedPotion"},{"floor":39,"key":"SteroidPotion"},{"floor":42,"key":"EntropicBrew"},{"floor":48,"key":"DuplicationPotion"}],"is_trial":false,"path_per_floor":["R","T","$","?","M","M","T","R","M","E","R","$","R","?","M","B",null,"R","M","M","M","$","E","T","R","$","R","M","M","R","E","M","B",null,"R","M","M","?","M","E","T","?","M","R","M","M","E","$","M","B",null],"character_chosen":"GUARDIAN","items_purchased":["Guardian:Gem_White","Guardian:SpikerProtocol"],"campfire_rested":2,"item_purchase_floors":[22,22],"current_hp_per_floor":[72,72,72,72,74,75,75,75,77,9,32,34,34,34,34,20,80,80,82,84,67,67,49,49,49,49,49,49,37,37,29,16,16,90,90,90,80,80,81,56,56,56,48,76,78,79,81,81,83,83],"gold":870,"neow_bonus":"ONE_RARE_RELIC","is_daily":false,"chose_seed":false,"campfire_upgraded":6,"win_rate":0.0,"timestamp":1610049657,"path_taken":["R","?","$","?","M","?","T","R","M","E","R","?","R","?","M","BOSS","R","M","?","?","$","E","T","R","$","R","M","M","R","E","M","BOSS","R","M","?","?","M","E","T","?","M","R","M","M","E","$","M","BOSS"],"items_purchased_type":["Card","Card"],"build_version":"2020-12-22","purchased_purges":2,"victory":true,"max_hp_per_floor":[72,72,72,72,74,76,76,76,78,78,78,80,80,80,80,80,80,80,82,84,86,86,86,86,86,86,86,86,88,88,90,90,90,90,90,90,90,90,92,94,94,94,96,96,98,100,102,102,104,104],"relic_stats":{"Centennial Puzzle":[6],"Singing Bowl":32,"counters":[30,161],"Bag of Preparation":[14],"Smiling Mask":50,"MawBank":132,"Question Card":2,"obtain_stats":[{"Guardian:StasisSlotReductionRelic":17,"Singing Bowl":2,"Guardian:ModeShifter":0,"downfall:HeartBlessingGreen":44,"Bag of Preparation":41,"Smiling Mask":24,"MawBank":40,"Question Card":47,"White Beast Statue":23,"Guardian:PickAxe":7,"SlaversCollar":34,"Centennial Puzzle":41,"Matryoshka":31,"WingedGreaves":0,"Bottled Lightning":10},{"Guardian:StasisSlotReductionRelic":8,"Singing Bowl":0,"Guardian:ModeShifter":0,"downfall:HeartBlessingGreen":24,"Bag of Preparation":23,"Smiling Mask":13,"MawBank":23,"Question Card":27,"White Beast Statue":13,"Guardian:PickAxe":3,"SlaversCollar":19,"Centennial Puzzle":23,"Matryoshka":17,"WingedGreaves":0,"Bottled Lightning":5},{"Guardian:StasisSlotReductionRelic":41,"Singing Bowl":0,"Guardian:ModeShifter":0,"downfall:HeartBlessingGreen":125,"Bag of Preparation":119,"Smiling Mask":66,"MawBank":119,"Question Card":143,"White Beast Statue":66,"Guardian:PickAxe":12,"SlaversCollar":96,"Centennial Puzzle":119,"Matryoshka":85,"WingedGreaves":0,"Bottled Lightning":25}]},"card_choices":[{"not_picked":["Guardian:ChargeCore","Guardian:Reroute"],"picked":"Guardian:ExploitGems","floor":3},{"not_picked":["Guardian:Preprogram","Guardian:Clone","Guardian:RollAttack"],"picked":"Singing Bowl","floor":5},{"not_picked":["Guardian:VentSteam","Guardian:ArmoredProtocol","Guardian:SentryBeam"],"picked":"Singing Bowl","floor":6},{"not_picked":["Guardian:RefractedBeam","Guardian:Planning","Guardian:ChargeCore"],"picked":"Singing Bowl","floor":9},{"not_picked":["Guardian:SentryBeam","Guardian:Incinerate"],"picked":"Guardian:Harden","floor":10},{"not_picked":["Guardian:Incinerate","Guardian:CrystalBeam","Guardian:Clone"],"picked":"Singing Bowl","floor":12},{"not_picked":["Guardian:VentSteam","Guardian:Orbwalk"],"picked":"Guardian:DecasProtection","floor":15},{"not_picked":["Guardian:HyperBeam_Guardian","Guardian:ExploitGems"],"picked":"Guardian:BaubleBeam","floor":16},{"not_picked":["Guardian:Gem_Lightblue","Guardian:Suspension","Guardian:PrimingBeam"],"picked":"Singing Bowl","floor":19},{"not_picked":["Guardian:CrystalBeam","Guardian:Suspension","Guardian:Clone+1"],"picked":"Singing Bowl","floor":20},{"not_picked":["Guardian:Emergency","Guardian:Reroute","Guardian:Incinerate"],"picked":"Singing Bowl","floor":21},{"not_picked":["Guardian:Clone","Guardian:Incinerate"],"picked":"Guardian:Harden+1","floor":22},{"not_picked":["Guardian:Clone","Guardian:Gem_Cyan"],"picked":"Guardian:PrismaticBeam+1","floor":23},{"not_picked":["Guardian:Emergency+1","Guardian:PrismaticBarrier"],"picked":"Guardian:Gem_Lightblue","floor":26},{"not_picked":["Guardian:Emergency+1","Guardian:Gem_Blue"],"picked":"Guardian:FloatingOrbs","floor":28},{"not_picked":["Guardian:Gem_Purple","Guardian:RollAttack","Guardian:BronzeOrb"],"picked":"Singing Bowl","floor":29},{"not_picked":["Guardian:PrimingBeam+1","Guardian:Gem_Green","Guardian:Clone"],"picked":"Singing Bowl","floor":31},{"not_picked":["Guardian:Suspension+1","Guardian:FastForward"],"picked":"Guardian:Gem_Crimson","floor":32},{"not_picked":["Guardian:FastForward","Guardian:SphericShield"],"picked":"Guardian:ExploitGems","floor":33},{"not_picked":["Guardian:Recover+1","Guardian:EvasiveProtocol"],"picked":"Guardian:DecasProtection+1","floor":36},{"not_picked":["Guardian:VentSteam","Guardian:DonusPower"],"picked":"Guardian:Gem_Crimson","floor":37},{"not_picked":["Guardian:Incinerate","Guardian:TemporalStrike+1","Guardian:TimeCapacitor+1"],"picked":"Singing Bowl","floor":39},{"not_picked":["Guardian:Incinerate+1","Guardian:Orbwalk","Guardian:BaubleBeam"],"picked":"Singing Bowl","floor":40},{"not_picked":["Guardian:PrismaticBarrier","Guardian:TemporalStrike+1","Guardian:DecasProtection"],"picked":"Singing Bowl","floor":43},{"not_picked":["Guardian:PrismaticBeam","Guardian:MultiBeam+1","Guardian:BronzeArmor"],"picked":"Singing Bowl","floor":45},{"not_picked":["Guardian:CrystalBeam+1","Guardian:TemporalShield","Guardian:Incinerate+1"],"picked":"Singing Bowl","floor":46},{"not_picked":["Guardian:ChargeCore","Guardian:Gem_Lightblue","Guardian:Planning"],"picked":"Singing Bowl","floor":47},{"not_picked":["Guardian:TimeCapacitor","Guardian:Suspension","Guardian:Gem_Cyan"],"picked":"Guardian:SpikerProtocol+1","floor":48},{"not_picked":["Guardian:SentryBeam+1","Guardian:Gem_Cyan","Guardian:Planning+1","Guardian:StasisStrike"],"picked":"Singing Bowl","floor":49}],"player_experience":408977,"relics_obtained":[{"floor":2,"key":"Singing Bowl"},{"floor":7,"key":"Guardian:PickAxe"},{"floor":10,"key":"Bottled Lightning"},{"floor":23,"key":"White Beast Statue"},{"floor":24,"key":"Smiling Mask"},{"floor":31,"key":"Matryoshka"},{"floor":40,"key":"MawBank"},{"floor":41,"key":"Centennial Puzzle"},{"floor":41,"key":"Bag of Preparation"},{"floor":47,"key":"Question Card"}],"event_choices":[{"damage_healed":0,"gold_gain":0,"player_choice":"Got Potions","damage_taken":0,"max_hp_gain":0,"max_hp_loss":0,"event_name":"Lab","floor":42,"gold_loss":0}],"is_beta":false,"boss_relics":[{"not_picked":["Pandora\u0027s Box","Coffee Dripper"],"picked":"Guardian:StasisSlotReductionRelic"},{"not_picked":["Sozu","Black Star"],"picked":"SlaversCollar"}],"items_purged_floors":[3,26],"is_endless":false,"potions_floor_spawned":[5,10,15,16,21,23,26,28,29,31,32,33,36,37,39,40,43,45,46,47,48,49],"ascension_level":1}}