{"host":"i0s8vbixp24k5aul","time":1610021148,"event":{"mods":["2.2 Compatiblity","Act Like it!","Arknights The Spire","Aspiration","BaseMod","Better Note","Better Third Choice","Better Vampires","BetterUpgradePreview","Colorless Booster Pack","Displayed Cursed Tome","GifTheSpireLib","Halation","Hermit","Hubris","Jedi Mod","Minty Spire (QoL Compilation)","Optimize The Spire","Random Character Mod","StSLib","Stuff the Spire","Swap Starting Deck Mod","vexMod","??????REMEMod"],"gold_per_floor":[115,115,125,28,43,43,60,130,130,130,58,58,91,107,107,202,202,220,220,220,233,252,252,104,104,104,119,152,164,164,196,196,296,296,307,319,339,86,104,104,124,124,151,185,185,197,197,197,197,197,197,197,4,31,31,31],"floor_reached":55,"playtime":2961,"items_purged":[],"score":737,"play_id":"a4043317-ee56-4ad9-a2a1-ceef3ae03ad3","local_time":"20210107150548","is_ascension_mode":false,"campfire_choices":[{"data":"ats:Explosion Area Strengthen","floor":6,"key":"SMITH"},{"data":"ats:Thorns","floor":10,"key":"SMITH"},{"floor":15,"key":"REST"},{"data":"ats:Nebulous Foxfire","floor":23,"key":"SMITH"},{"data":"ats:Revitalization","floor":25,"key":"SMITH"},{"data":"ats:Durian","floor":32,"key":"SMITH"},{"floor":40,"key":"REST"},{"data":"Barricade","floor":42,"key":"SMITH"},{"floor":45,"key":"RECALL"},{"data":"ats:Defend Order","floor":47,"key":"SMITH"},{"data":"ats:Shell Defense","floor":49,"key":"SMITH"},{"data":"ats:Apocalypse","floor":52,"key":"SMITH"}],"circlet_count":0,"master_deck":["ats:Strike C","ats:Strike G+1","ats:Strike V+1","ats:Armor Crushing Shot","ats:Defend+1","ats:Defend","ats:Defend","ats:Emotion Absorption","ats:Defend Order+1","ats:Shell Defense+1","LessonLearned","ats:Explosion Area Strengthen+1","ats:Thorns+1","ats:Nebulous Foxfire+1","ats:Ambush+1","ats:Consecutive Shot Auto","ats:Apocalypse+1","ats:Dogmatic Field+1","ats:Consecutive Shot Auto+1","ats:Explosion Area Strengthen","ats:Revitalization+1","ats:Durian+1","ats:Support Order+1","Purity+1","Burst+1","ats:Explosion Area Strengthen+1","Pummel+1","Barricade+1","Gash+1","Recycle+1","SignatureMove+1"],"relics":["ats:Sanity","REME_ComplimentaryCards","halation:RedSoulGem","Mercury Hourglass","ats:Originium","hubris:Zylophone","vexMod:MysteryBossChallenge","aspiration:RandomNobGenerator","StuffTheSpire:ForceGauntlet","PrismaticShard","hubris:BundleOfHerbs","REME_ChargedStone","Bottled Tornado","Nunchaku","Chemical X","halation:Toothbrush"],"acts_visited":["Exordium","TheCity","TheBeyond","TheEnding"],"potions_floor_usage":[4,16,16,16,24,33,33,44,55,55,55],"damage_taken":[{"damage":10,"enemies":"Jaw Worm","floor":1,"turns":6},{"damage":2,"enemies":"Small Slimes","floor":3,"turns":4},{"damage":15,"enemies":"Cultist","floor":5,"turns":5},{"damage":11,"enemies":"Large Slime","floor":7,"turns":7},{"damage":22,"enemies":"3 Sentries","floor":13,"turns":6},{"damage":6,"enemies":"Exordium Wildlife","floor":14,"turns":5},{"damage":19,"enemies":"The Guardian","floor":16,"turns":13},{"damage":32,"enemies":"Shell Parasite","floor":18,"turns":8},{"damage":15,"enemies":"2 Thieves","floor":21,"turns":5},{"damage":17,"enemies":"3 Cultists","floor":22,"turns":5},{"damage":14,"enemies":"Snake Plant","floor":27,"turns":4},{"damage":46,"enemies":"Gremlin Leader","floor":28,"turns":7},{"damage":0,"enemies":"Snecko","floor":29,"turns":4},{"damage":29,"enemies":"Book of Stabbing","floor":31,"turns":6},{"damage":27,"enemies":"Automaton","floor":33,"turns":8},{"damage":22,"enemies":"3 Darklings","floor":35,"turns":5},{"damage":28,"enemies":"Orb Walker","floor":36,"turns":4},{"damage":65,"enemies":"Transient","floor":37,"turns":5},{"damage":0,"enemies":"hubris:Merchant","floor":38,"turns":1},{"damage":11,"enemies":"Spire Growth","floor":39,"turns":5},{"damage":45,"enemies":"Jaw Worm Horde","floor":41,"turns":5},{"damage":238,"enemies":"Giant Head","floor":44,"turns":16},{"damage":21,"enemies":"3 Darklings","floor":46,"turns":7},{"damage":64,"enemies":"Time Eater","floor":50,"turns":16},{"damage":68,"enemies":"Shield and Spear","floor":54,"turns":7},{"damage":58,"enemies":"The Heart","floor":55,"turns":2}],"seed_played":"9176687590741838630","potions_obtained":[{"floor":1,"key":"jedi:holywater"},{"floor":3,"key":"PowerPotion"},{"floor":5,"key":"PowerPotion"},{"floor":14,"key":"Regen Potion"},{"floor":18,"key":"Ancient Potion"},{"floor":28,"key":"jedi:StrikingPotion"},{"floor":29,"key":"jedi:wingpotion"},{"floor":36,"key":"SteroidPotion"},{"floor":39,"key":"Regen Potion"},{"floor":46,"key":"jedi:holywater"}],"is_trial":false,"path_per_floor":["M","?","M","$","M","R","M","?","T","R","$","?","E","M","R","B",null,"M","?","?","M","M","R","$","R","T","M","E","M","?","E","R","B",null,"M","M","M","$","M","R","M","R","T","E","R","M","R","?","R","B",null,"R","$","E","B"],"character_chosen":"DOCTOR_CLASS","items_purchased":["Fruit Juice","ats:Nebulous Foxfire","Fruit Juice","ats:Revitalization","Bottled Tornado","Chemical X","SteroidPotion"],"campfire_rested":2,"item_purchase_floors":[4,11,24,24,38,53,53],"current_hp_per_floor":[69,69,67,72,57,57,46,46,46,46,46,46,27,21,46,84,84,84,84,84,70,79,79,84,84,90,95,95,95,87,84,84,95,95,82,65,39,39,38,66,79,79,79,95,95,95,95,95,95,95,95,95,95,41,0,0],"gold":31,"neow_bonus":"TEN_PERCENT_HP_BONUS","is_daily":false,"chose_seed":false,"campfire_upgraded":9,"win_rate":0.0,"timestamp":1610021148,"path_taken":["M","?","M","$","M","R","M","?","T","R","$","?","E","M","R","BOSS","M","?","?","M","M","R","$","R","T","M","E","M","?","E","R","BOSS","M","M","M","$","M","R","M","R","T","E","R","M","R","?","R","BOSS","R","$","E","BOSS"],"items_purchased_type":["Potion","Card","Potion","Card","Relic","Relic","Potion"],"build_version":"2020-12-22","purchased_purges":0,"victory":false,"max_hp_per_floor":[79,79,79,84,84,84,84,84,84,84,84,84,84,84,84,84,84,84,84,84,84,84,84,89,89,95,95,95,95,95,95,95,95,95,95,95,95,95,95,95,95,95,95,95,95,95,95,95,95,95,95,95,95,95,95,95],"card_choices":[{"not_picked":["ats:Collapsing Strike","ats:Childhood Dance"],"picked":"ats:Defend Order","floor":1},{"not_picked":["ats:Flexible Camouflage","ats:Guardian Obelisk"],"picked":"ats:Shell Defense","floor":3},{"not_picked":["ats:Poison Spread","ats:Assault Order"],"picked":"ats:Explosion Area Strengthen","floor":5},{"not_picked":["ats:Healing Strengthening","ats:Explosion Area Strengthen"],"picked":"ats:Thorns","floor":7},{"not_picked":["ats:Counter Healing Mode","ats:Powerful Strike"],"picked":"ats:Consecutive Shot Auto","floor":13},{"not_picked":["ats:Sword Rain","ats:Hammer On"],"picked":"ats:Apocalypse","floor":14},{"not_picked":["ats:True Silver Slash","ats:Calcification"],"picked":"ats:Dogmatic Field","floor":16},{"not_picked":["ats:Ignite","ats:Childhood Dance"],"picked":"ats:Consecutive Shot Auto+1","floor":18},{"not_picked":["ats:Powerful Strike","ats:Guardian Obelisk"],"picked":"ats:Explosion Area Strengthen","floor":21},{"not_picked":["ats:Poison Spread","ats:Consecutive Shot Auto","ats:Spore Proliferation"],"picked":"SKIP","floor":22},{"not_picked":["ats:Assault Order","ats:Steam Pump","ats:Beaten Up"],"picked":"SKIP","floor":27},{"not_picked":["ats:Explosion Area Strengthen","ats:Apocalypse"],"picked":"ats:Durian","floor":28},{"not_picked":["ats:Consecutive Shot Auto","ats:Burning Ground","ats:Healing Drone"],"picked":"SKIP","floor":29},{"not_picked":["ats:Assault Order+1","ats:Hammer On"],"picked":"ats:Support Order+1","floor":30},{"not_picked":["Pray","hubris:SpecializedCircuitry"],"picked":"Purity","floor":31},{"not_picked":["Demon Form","REME_WheelOfFate"],"picked":"Burst","floor":33},{"not_picked":["Stack+1","hubris:Ssssneak"],"picked":"ats:Explosion Area Strengthen+1","floor":35},{"not_picked":["Slice","EmptyBody+1","jedi:reiji+1"],"picked":"SKIP","floor":36},{"not_picked":["Warcry","Bane"],"picked":"Pummel+1","floor":37},{"not_picked":["jedi:unstablefumes+1","hermit:ItchyTrigger+1"],"picked":"Barricade","floor":39},{"not_picked":["StuffTheSpire:Injection","Rebound","hermit:Manifest"],"picked":"SKIP","floor":41},{"not_picked":["hubris:SlightOfHand+1","Pommel Strike+1"],"picked":"Gash+1","floor":44},{"not_picked":["hubris:Sniper+1","StuffTheSpire:Injection"],"picked":"Recycle+1","floor":46},{"not_picked":["Seeing Red","jedi:studypoison"],"picked":"SignatureMove+1","floor":54}],"player_experience":752154,"relics_obtained":[{"floor":9,"key":"Mercury Hourglass"},{"floor":13,"key":"ats:Originium"},{"floor":13,"key":"hubris:Zylophone"},{"floor":26,"key":"vexMod:BerryBomb"},{"floor":28,"key":"ats:Originium"},{"floor":28,"key":"StuffTheSpire:ForceGauntlet"},{"floor":30,"key":"PrismaticShard"},{"floor":31,"key":"ats:Originium"},{"floor":31,"key":"hubris:BundleOfHerbs"},{"floor":44,"key":"Nunchaku"},{"floor":54,"key":"halation:Toothbrush"}],"event_choices":[{"damage_healed":0,"gold_gain":70,"player_choice":"Gained Gold","damage_taken":0,"max_hp_gain":0,"max_hp_loss":0,"event_name":"Golden Wing","floor":8,"gold_loss":0},{"damage_healed":0,"gold_gain":0,"cards_transformed":["ats:Defend"],"player_choice":"Change","damage_taken":0,"max_hp_gain":0,"max_hp_loss":0,"event_name":"Living Wall","floor":12,"gold_loss":0,"cards_obtained":["ats:Ambush"]},{"cards_removed":["ats:Dogmatic Field"],"damage_healed":0,"gold_gain":0,"player_choice":"Give","damage_taken":0,"max_hp_gain":0,"max_hp_loss":0,"event_name":"betterNote:BetterNote","floor":19,"gold_loss":0,"cards_obtained":["None"]},{"damage_healed":0,"gold_gain":0,"player_choice":"Ignored","damage_taken":0,"max_hp_gain":0,"max_hp_loss":0,"event_name":"Ghosts","floor":20,"gold_loss":0},{"cards_removed":["ats:Strike S"],"damage_healed":0,"gold_gain":0,"player_choice":"Purged","damage_taken":0,"max_hp_gain":0,"max_hp_loss":0,"event_name":"Purifier","floor":48,"gold_loss":0}],"is_beta":false,"boss_relics":[{"not_picked":["aspiration:SecretTechniqueScroll","hubris:HollowSoul"],"picked":"vexMod:MysteryBossChallenge"},{"not_picked":["aspiration:DefectSkillbook","vexMod:ImprovementManual"],"picked":"REME_ChargedStone"}],"items_purged_floors":[],"is_endless":false,"potions_floor_spawned":[1,3,5,14,18,28,29,31,36,39,46],"killed_by":"The Heart","ascension_level":0}}