{"host":"pa65g39v0cwbmgvo","time":1610031630,"event":{"mods":["2.2 Compatiblity","ATMod(°¢èªMod)","BaseMod","Better Skull","Better Third Choice","BetterRewards","Dota2Spire","Minty Spire (QoL Compilation)","Quick Restart","Replay The Spire","Spicy Shops","StSLib","SuperFastMode","¡¾ÒÅÎï¿¨ÅÆ¡¿REMEMod"],"gold_per_floor":[117,67,67,80,80,105,105,132,156,189,208,227,149,175,175,278,278,289,306,37,48,48,48,77,27,27,62,80,115,130,58,58,161,161,171,171,224,224,224,252,252,277,277,303,313,339,339,352,352,352,352,352,150,181,181],"floor_reached":56,"playtime":1381,"items_purged":["Strike_R","Strike_R","Strike_R","Madness"],"score":2604,"play_id":"002fcfee-4aed-4594-bbb5-def28d43e6d2","local_time":"20210107230030","is_ascension_mode":true,"campfire_choices":[{"floor":7.0,"key":"RECALL"},{"data":"Body Slam","floor":15.0,"key":"SMITH"},{"data":"AT_BodySlamDance","floor":23.0,"key":"SMITH"},{"data":"Body Slam","floor":32,"key":"SMITH"},{"data":"Offering","floor":41,"key":"SMITH"},{"data":"Dual Wield","floor":47,"key":"SMITH"},{"data":"Entrench","floor":52,"key":"SMITH"}],"circlet_count":0,"master_deck":["Defend_R+1","Defend_R+1","Defend_R+1","Defend_R+1","Bash","Armaments+1","AT_ManFootWork+1","AT_KingSlayer+1","Shrug It Off","Inflame+1","Body Slam+1","Offering+1","AT_BodySlamDance+1","Body Slam+1","Madness","Madness+1","Entrench+1","Dual Wield+1"],"relics":["Burning Blood","REME_ComplimentaryCards","AT_ATBox","Replay:Wax Seal","Blue Doll","Iron Hammer","Bag of Preparation","Lee\u0027s Waffle","Calipers","Ice Cream","AT_BladeRuinedKing","Garlic","MealTicket","Thread and Needle","AT_RabadonDeathcap","Dota2Spire:PhaseBoots","Kunai","Strawberry","Pantograph","Dota2Spire:RefresherOrb","Membership Card","Shuriken","ReplayTheSpireMod:Shallot","Replay:Bottled Eggs","Dota2Spire:PowerTreads","Strange Spoon","Replay:Bronze Core","CaptainsWheel","AT_LudenTempest","War Paint","Dota2Spire:Desolator","Toy Ornithopter","Bottled Tornado","Replay:Accelerometer"],"acts_visited":["Exordium","TheCity","TheBeyond","TheEnding"],"potions_floor_usage":[],"damage_taken":[{"damage":1.0,"enemies":"Small Slimes","floor":1.0,"turns":4.0},{"damage":0.0,"enemies":"Cultist","floor":4.0,"turns":2.0},{"damage":0.0,"enemies":"3 Sentries","floor":6.0,"turns":8.0},{"damage":3.0,"enemies":"Gremlin Nob","floor":8.0,"turns":4.0},{"damage":8.0,"enemies":"3 Sentries","floor":10.0,"turns":8.0},{"damage":0.0,"enemies":"Jaw Worm","floor":11.0,"turns":2.0},{"damage":0.0,"enemies":"Large Slime","floor":12.0,"turns":4.0},{"damage":0.0,"enemies":"Gremlin Nob","floor":14.0,"turns":2.0},{"damage":0.0,"enemies":"Fading Forest","floor":16.0,"turns":11.0},{"damage":0.0,"enemies":"Shell Parasite","floor":18.0,"turns":1.0},{"damage":0.0,"enemies":"Chosen","floor":19.0,"turns":1.0},{"damage":0.0,"enemies":"Centurion and Healer","floor":21.0,"turns":3.0},{"damage":0.0,"enemies":"Slavers","floor":24.0,"turns":3.0},{"damage":0.0,"enemies":"Book of Stabbing","floor":27.0,"turns":2.0},{"damage":0.0,"enemies":"Sentry and Sphere","floor":28.0,"turns":2.0},{"damage":12.0,"enemies":"Replay:Snechameleon","floor":29.0,"turns":1.0},{"damage":0,"enemies":"Chosen and Byrds","floor":30,"turns":2},{"damage":6,"enemies":"Pondfish","floor":33,"turns":3},{"damage":0,"enemies":"Orb Walker","floor":35,"turns":1},{"damage":12,"enemies":"2 Orb Walkers","floor":37,"turns":1},{"damage":6,"enemies":"Nemesis","floor":40,"turns":1},{"damage":6,"enemies":"R_Hoarder","floor":42,"turns":1},{"damage":6,"enemies":"Reptomancer","floor":44,"turns":1},{"damage":6,"enemies":"3 Shapes","floor":45,"turns":1},{"damage":0,"enemies":"R_Hoarder","floor":46,"turns":1},{"damage":0,"enemies":"Transient","floor":48,"turns":1},{"damage":6,"enemies":"Awakened One","floor":50,"turns":2},{"damage":0,"enemies":"Shield and Spear","floor":54,"turns":1},{"damage":6,"enemies":"The Heart","floor":55,"turns":3}],"seed_played":"-6456900874346812182","potions_obtained":[{"floor":1.0,"key":"Fire Potion"},{"floor":11.0,"key":"Toxic Potion"},{"floor":12.0,"key":"SkillPotion"},{"floor":14.0,"key":"Adrenaline Potion"},{"floor":16.0,"key":"BloodPotion"},{"floor":19.0,"key":"REME_GoldPotion"},{"floor":27.0,"key":"HeartOfIron"}],"is_trial":false,"path_per_floor":["M","?","?","M","?","E","R","E","T","E","M","M","$","E","R","B",null,"M","M","$","M","?","R","E","?","T","E","M","E","M","$","R","B",null,"M","?","?","?","?","E","R","E","T","E","M","E","R","M","R","B",null,"R","$","E","B",null],"character_chosen":"IRONCLAD","items_purchased":["Replay:Wax Seal","Blue Doll","Iron Hammer","Bag of Preparation","Lee\u0027s Waffle","Armaments","AT_BladeRuinedKing","Garlic","MealTicket","Strawberry","Membership Card","Shuriken","Strange Spoon","Bottled Tornado"],"campfire_rested":0,"item_purchase_floors":[0,0,0,0,0,0,0,0,0,13,20,20,31,53],"current_hp_per_floor":[87,87,87,87,87,87,87,87,87,85,87,87,94,94,94,94,94,94,94,94,94,94,94,94,94,94,94,94,88,94,94,94,94,94,94,94,88,76,76,76,76,76,76,76,76,82,82,88,94,94,94,94,94,94,94],"gold":181,"neow_bonus":"","is_daily":false,"chose_seed":false,"campfire_upgraded":6,"win_rate":0.0,"timestamp":1610031630,"path_taken":["M","?","?","?","?","E","R","E","T","E","M","M","$","E","R","BOSS","M","M","?","?","?","R","E","?","T","E","?","E","M","$","R","BOSS","M","?","?","?","?","E","R","E","T","E","M","E","R","M","R","BOSS","R","$","E","BOSS"],"items_purchased_type":["Relic","Relic","Relic","Relic","Relic","Card","Relic","Relic","Relic","Relic","Relic","Relic","Relic","Relic"],"build_version":"2020-12-22","purchased_purges":4,"victory":true,"max_hp_per_floor":[87,87,87,87,87,87,87,87,87,87,87,87,94,94,94,94,94,94,94,94,94,94,94,94,94,94,94,94,94,94,94,94,94,94,94,94,94,94,94,94,94,94,94,94,94,94,94,94,94,94,94,94,94,94,94],"card_choices":[{"not_picked":["Disarm","True Grit","Iron Wave"],"picked":"SKIP","floor":1.0},{"not_picked":["Wild Strike","Replay:Undeath\u0027s Touch","Combust"],"picked":"SKIP","floor":4.0},{"not_picked":["Ghostly Armor","Cleave"],"picked":"Shrug It Off","floor":6.0},{"not_picked":["AT_IchimonjiDouble","Blood for Blood"],"picked":"Inflame","floor":8.0},{"not_picked":["REME_TheLastStrike","Fiend Fire","AT_GerminateFire"],"picked":"SKIP","floor":10.0},{"not_picked":["Warcry","Bloodletting"],"picked":"Body Slam","floor":11.0},{"not_picked":["Pommel Strike","True Grit","Pummel"],"picked":"SKIP","floor":12.0},{"not_picked":["ReplayTheSpireMod:LeadingStrike","Defy Death","Clash"],"picked":"SKIP","floor":14.0},{"not_picked":["Demonic Infusion","AT_Dispersion"],"picked":"Offering","floor":16.0},{"not_picked":["Flex+1","Havoc+1","Iron Wave"],"picked":"SKIP","floor":18.0},{"not_picked":["Flex","Clothesline"],"picked":"AT_BodySlamDance","floor":19.0},{"not_picked":["Iron Wave","Power Through","Wild Strike"],"picked":"SKIP","floor":21.0},{"not_picked":["Feel No Pain","Dual Wield+1","Perfected Strike+1"],"picked":"SKIP","floor":24.0},{"not_picked":["Heavy Blade","Exhume","Battle Trance+1"],"picked":"SKIP","floor":27.0},{"not_picked":["Twin Strike","Clothesline+1","True Grit"],"picked":"SKIP","floor":28.0},{"not_picked":["Combust","Dark Embrace"],"picked":"Body Slam","floor":29.0},{"not_picked":["Heavy Blade","Clothesline","Feel No Pain"],"picked":"SKIP","floor":30},{"not_picked":["Clothesline","Fire Breathing","AT_DrawKnifeCut"],"picked":"SKIP","floor":35},{"not_picked":["Dark Shackles","Enlightenment"],"picked":"Madness","floor":36},{"not_picked":["Pommel Strike","Anger+1","Flex+1"],"picked":"SKIP","floor":40},{"not_picked":["Pummel","Dual Wield+1"],"picked":"Entrench","floor":42},{"not_picked":["Rage+1","Searing Blow","AT_ManFootWork"],"picked":"SKIP","floor":44},{"not_picked":["Headbutt+1","Havoc+1","Inflame"],"picked":"SKIP","floor":45},{"not_picked":["Wild Strike","Offering"],"picked":"Dual Wield","floor":46},{"not_picked":["REME_SingleHolding+1","Body Slam+1","Heavy Blade+1"],"picked":"SKIP","floor":48},{"not_picked":["Bludgeon","Replay:Undeath\u0027s Touch","Run Through"],"picked":"SKIP","floor":54}],"player_experience":56888,"relics_obtained":[{"floor":6.0,"key":"Thread and Needle"},{"floor":8.0,"key":"AT_RabadonDeathcap"},{"floor":9.0,"key":"Dota2Spire:PhaseBoots"},{"floor":10.0,"key":"Kunai"},{"floor":14.0,"key":"Pantograph"},{"floor":24.0,"key":"ReplayTheSpireMod:Shallot"},{"floor":27.0,"key":"Replay:Bottled Eggs"},{"floor":29.0,"key":"Dota2Spire:PowerTreads"},{"floor":37,"key":"CaptainsWheel"},{"floor":40,"key":"AT_LudenTempest"},{"floor":42,"key":"War Paint"},{"floor":43,"key":"Dota2Spire:Desolator"},{"floor":44,"key":"Toy Ornithopter"},{"floor":54,"key":"Replay:Accelerometer"}],"event_choices":[{"cards_removed":["Strike_R"],"damage_healed":0.0,"max_hp_gain":0.0,"max_hp_loss":0.0,"gold_gain":0.0,"event_name":"The Cleric","player_choice":"Card Removal","floor":2.0,"gold_loss":50.0,"damage_taken":0.0},{"damage_healed":0.0,"max_hp_gain":0.0,"max_hp_loss":0.0,"gold_gain":0.0,"event_name":"Accursed Blacksmith","player_choice":"Forge","floor":3.0,"gold_loss":0.0,"damage_taken":0.0,"cards_upgraded":["Armaments"]},{"damage_healed":0.0,"max_hp_gain":0.0,"max_hp_loss":0.0,"gold_gain":0.0,"event_name":"Upgrade Shrine","player_choice":"Upgraded","floor":5.0,"gold_loss":0.0,"damage_taken":0.0,"cards_upgraded":["AT_KingSlayer"]},{"damage_healed":0.0,"max_hp_gain":0.0,"max_hp_loss":0.0,"gold_gain":0.0,"event_name":"The Joust","player_choice":"Bet on Murderer","floor":25.0,"gold_loss":50.0,"damage_taken":0.0},{"damage_healed":0,"gold_gain":0,"player_choice":"Memory 1","damage_taken":0,"max_hp_gain":0,"max_hp_loss":0,"event_name":"SensoryStone","floor":36,"gold_loss":0},{"damage_healed":0,"gold_gain":0,"player_choice":"Fight","damage_taken":0,"max_hp_gain":0,"max_hp_loss":0,"event_name":"Mysterious Sphere","floor":37,"gold_loss":0},{"damage_healed":0,"gold_gain":0,"player_choice":"Embrace Madness","damage_taken":12,"max_hp_gain":0,"max_hp_loss":0,"event_name":"Winding Halls","floor":38,"gold_loss":0,"cards_obtained":["Madness","Madness"]},{"cards_removed":["Strike_R"],"damage_healed":0,"gold_gain":0,"player_choice":"Offered Basic","damage_taken":0,"max_hp_gain":0,"max_hp_loss":0,"event_name":"Bonfire Elementals","floor":39,"gold_loss":0}],"is_beta":false,"boss_relics":[{"not_picked":["SacredBark","Runic Cube"],"picked":"Dota2Spire:RefresherOrb"},{"not_picked":["Honey Jar","REME_ChargedStone"],"picked":"Replay:Bronze Core"}],"items_purged_floors":[0,0,53,53],"is_endless":false,"potions_floor_spawned":[1,11,12,14,16,18,19,27,29,42,46,48],"ascension_level":2}}