{"host":"ul7yvwhigba0nw36","time":1610047551,"event":{"mods":["AchievementEnabler","Act Like it!","Aspiration","BaseMod","Colored Map","Colored Powertips","Downfall","Gensokyo","Hermit","Highlight Path","Hubris","Infinite Spire","Minty Spire (QoL Compilation)","Random Character Button","Replay The Spire","StSLib","The Construct","The Cursed","The Disciple","The Necromancer"],"gold_per_floor":[114,124,124,64,64,95,111,130,130,130,163,163,163,180,180,285,285,304,304,318,329,60,87,87,105,180,180,205,205,219,268,268,370,470,480,497,170,186,186,217,228,228,228,238,256,256,256,267,267,267],"floor_reached":51,"playtime":4528,"items_purged":["TheCursedMod:Defend_TheCursed"],"score":779,"play_id":"2ea1bfe7-9979-4e07-a16e-779a066da390","local_time":"20210107192551","is_ascension_mode":false,"campfire_choices":[{"data":"TheCursedMod:Grudge","floor":10,"key":"SMITH"},{"data":"TheCursedMod:CleanUpWorkshop","floor":12,"key":"SMITH"},{"data":"TheCursedMod:CursedRelics","floor":15,"key":"SMITH"},{"data":"TheCursedMod:SpitefulPray","floor":24,"key":"SMITH"},{"floor":29,"key":"REST"},{"floor":32,"key":"REST"},{"floor":49,"key":"REST"}],"circlet_count":0,"master_deck":["TheCursedMod:Strike_TheCursed","TheCursedMod:Defend_TheCursed","TheCursedMod:CursedWand","TheCursedMod:CleanUpWorkshop+1","TheCursedMod:Dregs","TheCursedMod:WearCloak","TheCursedMod:Grudge+1","Injury","TheCursedMod:FleshFromBone","TheCursedMod:Obscuration","TheCursedMod:StingEye","TheCursedMod:CursedRelics+1","TheCursedMod:PrepareRite","TheCursedMod:VoidForm","TheCursedMod:CircleOfFocus","TheCursedMod:SpitefulPray+1","TheCursedMod:LuckyCharm","TheCursedMod:SpitefulStrike","TheCursedMod:ManaBullet","TheCursedMod:CursedBoomerang","TheCursedMod:RapidMovement","Voices","TheCursedMod:Wield+1","TheCursedMod:Grudge","TheCursedMod:Neurasthenia","TheCursedMod:RapidMovement","TheCursedMod:SmokeScreen+1","TheCursedMod:SmokeScreen+1","TheCursedMod:AbyssShockwave+1","TheCursedMod:RapidMovement"],"relics":["TheCursedMod:BlackMagic101","NeowsBlessing","aspiration:FetidBarrel","Bronze Scales","Incense Burner","Strawberry","construct:ClawGrip","Orichalcum","Frozen Egg 2","Ring of Misfortune","hubris:GlazedTorus","Bag of Marbles","Replay:Wanted Poster","aspiration:Nostalgia","Chronometer","HandDrill","Vajra","Ancient Tea Set","Onion Ring","Gensokyo:EmptyGrave"],"acts_visited":["Exordium","Gensokyo:Gensokyo","Gensokyo:Gensokyoer"],"potions_floor_usage":[14,14,28,33],"damage_taken":[{"damage":0,"enemies":"Gensokyo:2_Kodama","floor":1,"turns":1},{"damage":0,"enemies":"Gensokyo:Gryphon","floor":2,"turns":1},{"damage":0,"enemies":"Gensokyo:Aya","floor":6,"turns":1},{"damage":0,"enemies":"Gensokyo:3_Fairies","floor":7,"turns":3},{"damage":1,"enemies":"Gensokyo:CorruptedTreant","floor":8,"turns":5},{"damage":5,"enemies":"Gensokyo:Mamizou","floor":11,"turns":10},{"damage":0,"enemies":"Gensokyo:LivingMonolith","floor":14,"turns":3},{"damage":36,"enemies":"Gensokyo:Yukari","floor":16,"turns":11},{"damage":2,"enemies":"Gensokyo:AngelMirror","floor":18,"turns":4},{"damage":0,"enemies":"Gensokyo:Chomper","floor":20,"turns":4},{"damage":12,"enemies":"Gensokyo:Wraith","floor":21,"turns":4},{"damage":11,"enemies":"Gensokyo:Reisen","floor":23,"turns":4},{"damage":22,"enemies":"Gensokyo:Slime_Group","floor":25,"turns":5},{"damage":28,"enemies":"Gensokyo:Koishi","floor":28,"turns":5},{"damage":3,"enemies":"Gensokyo:Chomper_and_Gloop","floor":30,"turns":4},{"damage":41,"enemies":"Gensokyo:Eiki","floor":33,"turns":9},{"damage":7,"enemies":"Gensokyo:AncientGuardian","floor":35,"turns":6},{"damage":3,"enemies":"Gensokyo:3_Boulders","floor":36,"turns":5},{"damage":0,"enemies":"Gensokyo:AtlasGolem","floor":38,"turns":5},{"damage":11,"enemies":"Gensokyo:Marisa","floor":40,"turns":5},{"damage":26,"enemies":"Gensokyo:4_Bats","floor":41,"turns":4},{"damage":17,"enemies":"Gensokyo:Sharpion","floor":44,"turns":5},{"damage":0,"enemies":"Gensokyo:SeedOfUnknown","floor":45,"turns":4},{"damage":0,"enemies":"Gensokyo:Dusk_and_Dawn","floor":48,"turns":2},{"damage":0,"enemies":"Gensokyo:Shinki","floor":50,"turns":7}],"seed_played":"-3269253251799000864","potions_obtained":[{"floor":2,"key":"Toxic Potion"},{"floor":11,"key":"Venom Potion"},{"floor":14,"key":"Fruit Juice"},{"floor":16,"key":"EssenceOfSteel"},{"floor":21,"key":"SpeedPotion"},{"floor":28,"key":"BlessingOfTheForge"},{"floor":36,"key":"SkillPotion"},{"floor":38,"key":"Slimebound:ThreeZeroPotion"}],"is_trial":false,"path_per_floor":["M","M","?","?","?","E","M","M","T","R","E","R","?","M","R","B",null,"M","?","M","M","$","E","R","M","T","?","E","R","M","T","R","B",null,"M","M","COS","M","?","E","M","$","T","M","M","?","?","M","R","B",null],"character_chosen":"THE_CURSED","items_purchased":["TheCursedMod:LuckyCharm","TheCursedMod:SpitefulStrike","TheCursedMod:ManaBullet"],"campfire_rested":3,"item_purchase_floors":[22,22,22],"current_hp_per_floor":[75,75,45,75,75,75,75,74,74,74,76,76,82,87,87,51,87,85,85,85,73,73,62,62,40,40,40,12,38,35,35,61,20,87,80,77,77,77,77,66,40,40,40,23,23,23,23,23,81,81],"gold":267,"neow_bonus":"THREE_ENEMY_KILL","is_daily":false,"chose_seed":false,"campfire_upgraded":4,"win_rate":0.0,"timestamp":1610047551,"path_taken":["M","M","?","?","?","E","M","M","T","R","E","R","?","?","R","BOSS","M","?","M","M","$","E","R","M","T","?","E","R","M","?","R","BOSS","M","M","COS","M","?","E","M","$","T","M","M","?","?","M","R","BOSS"],"items_purchased_type":["Card","Card","Card"],"build_version":"2020-12-22","purchased_purges":1,"victory":true,"max_hp_per_floor":[75,75,75,75,75,75,75,75,75,75,82,82,82,87,87,87,87,87,87,87,87,87,87,87,87,87,87,87,87,87,87,87,87,87,87,87,87,87,87,87,87,87,87,87,87,81,81,81,81,81],"card_choices":[{"not_picked":["TheCursedMod:Evocation","TheCursedMod:SoulCrush"],"picked":"TheCursedMod:WearCloak","floor":1},{"not_picked":["TheCursedMod:Torture","TheCursedMod:DoubleShield"],"picked":"TheCursedMod:Grudge","floor":2},{"not_picked":["TheCursedMod:CircleOfCorruption","TheCursedMod:FuryStrike"],"picked":"TheCursedMod:FleshFromBone","floor":6},{"not_picked":["TheCursedMod:SurpriseAttack","TheCursedMod:RavingStaff"],"picked":"TheCursedMod:Obscuration","floor":7},{"not_picked":["TheCursedMod:Hemoplague","TheCursedMod:SoulReap"],"picked":"TheCursedMod:StingEye","floor":8},{"not_picked":["TheCursedMod:SmokeScreen","TheCursedMod:CircleOfCorruption"],"picked":"TheCursedMod:CursedRelics","floor":11},{"not_picked":["TheCursedMod:SoulCrush","TheCursedMod:CircleOfFlame"],"picked":"TheCursedMod:PrepareRite","floor":14},{"not_picked":["TheCursedMod:ManaCirculation","TheCursedMod:DarkBarrier"],"picked":"TheCursedMod:VoidForm","floor":16},{"not_picked":["TheCursedMod:ReleasedStrength","TheCursedMod:CircleOfBlood","TheCursedMod:CursedMace"],"picked":"SKIP","floor":18},{"not_picked":["TheCursedMod:ReleasedStrength","TheCursedMod:CircleOfAmplification"],"picked":"TheCursedMod:CircleOfFocus","floor":20},{"not_picked":["TheCursedMod:Mangle","TheCursedMod:RavingStaff+1"],"picked":"TheCursedMod:SpitefulPray","floor":21},{"not_picked":["TheCursedMod:CursedAmulet","TheCursedMod:Torture+1"],"picked":"TheCursedMod:CursedBoomerang","floor":23},{"not_picked":["TheCursedMod:Stigma","TheCursedMod:CircleOfAmplification"],"picked":"TheCursedMod:RapidMovement","floor":25},{"not_picked":["TheCursedMod:StingEye","TheCursedMod:CursedBoomerang"],"picked":"TheCursedMod:Wield+1","floor":28},{"not_picked":["TheCursedMod:CircleOfFlame","TheCursedMod:SpitefulPlan+1"],"picked":"TheCursedMod:Grudge","floor":30},{"not_picked":["TheCursedMod:AntiAging","TheCursedMod:CollectTribute+1"],"picked":"TheCursedMod:Neurasthenia","floor":33},{"not_picked":["TheCursedMod:CursedAmulet","TheCursedMod:CursedMace+1"],"picked":"TheCursedMod:RapidMovement","floor":35},{"not_picked":["TheCursedMod:CursedAmulet","TheCursedMod:TacticalStrike"],"picked":"TheCursedMod:SmokeScreen+1","floor":36},{"not_picked":["TheCursedMod:RavingStaff","TheCursedMod:CircleOfWindfury","TheCursedMod:VitalStrike+1"],"picked":"SKIP","floor":38},{"not_picked":["TheCursedMod:Stigma","TheCursedMod:CircleOfCorruption"],"picked":"TheCursedMod:SmokeScreen+1","floor":40},{"not_picked":["TheCursedMod:RavingStaff+1","TheCursedMod:AntiAging"],"picked":"TheCursedMod:AbyssShockwave+1","floor":41},{"not_picked":["TheCursedMod:CursedBlade","TheCursedMod:SoulReap","TheCursedMod:SurpriseAttack"],"picked":"SKIP","floor":44},{"not_picked":["TheCursedMod:SmokeScreen+1","TheCursedMod:TroublousMinions"],"picked":"TheCursedMod:RapidMovement","floor":45},{"not_picked":["TheCursedMod:RavingStaff+1","TheCursedMod:CursedMace+1","TheCursedMod:ManaCirculation+1"],"picked":"SKIP","floor":48}],"player_experience":422629,"relics_obtained":[{"floor":6,"key":"Bronze Scales"},{"floor":9,"key":"Incense Burner"},{"floor":11,"key":"Strawberry"},{"floor":23,"key":"Orichalcum"},{"floor":26,"key":"Frozen Egg 2"},{"floor":27,"key":"Ring of Misfortune"},{"floor":28,"key":"hubris:GlazedTorus"},{"floor":31,"key":"Bag of Marbles"},{"floor":40,"key":"Ancient Tea Set"},{"floor":43,"key":"Onion Ring"}],"event_choices":[],"is_beta":false,"boss_relics":[{"not_picked":["Busted Crown","Runic Dome"],"picked":"construct:ClawGrip"},{"not_picked":["hubris:HollowSoul","aspiration:RitualDagger"],"picked":"Replay:Wanted Poster"}],"items_purged_floors":[22],"is_endless":false,"potions_floor_spawned":[2,11,14,16,21,28,30,36,38,44],"ascension_level":0}}