{"host":"a2lvm7nbw6nkrc91","time":1610002353,"event":{"mods":["BaseMod","Friendly Minions","Hermit","Lobotomy","Minty Spire (QoL Compilation)","Replay The Spire","StSLib"],"gold_per_floor":[114,132,24,24,87,87,52,78,159,171,189,208,208,224,224,328,328,347,358,358,358],"floor_reached":20,"playtime":1064,"items_purged":[],"score":176,"play_id":"83423f69-e2e4-446f-a4e2-2b77ceb07952","local_time":"20210107155233","is_ascension_mode":false,"campfire_choices":[{"data":"hermit:Combo","floor":6.0,"key":"SMITH"},{"floor":13.0,"key":"REST"},{"floor":15.0,"key":"REST"}],"circlet_count":0,"master_deck":["hermit:Strike_Hermit","hermit:Strike_Hermit","hermit:Strike_Hermit","hermit:Defend_Hermit","hermit:Defend_Hermit","hermit:Snapshot","hermit:Covet","CrumblingArmor","hermit:Snipe","hermit:HighNoon","hermit:Combo+1","hermit:Shortfuse","hermit:HighCaliber","hermit:EyeOfTheStorm","hermit:Roughhouse","OSAHOGD","hermit:Maintenance","hermit:ItchyTrigger","DreamingCurrent","hermit:Vantage","hermit:BodyArmor","LongBird","hermit:Magnum","HeroicMonk","hermit:Enervate+1","SilentOrchestra","hermit:Headshot+1"],"relics":["hermit:Momento","CogitoBucket","Replay:Baseball","Divine Protection","Replay:Ringing Soul","BackwardClock","Replay:Drink Me"],"acts_visited":["Exordium","TheCity"],"potions_floor_usage":[],"damage_taken":[{"damage":5.0,"enemies":"Cultist","floor":1.0,"turns":4.0},{"damage":7.0,"enemies":"2 Louse","floor":2.0,"turns":3.0},{"damage":44.0,"enemies":"Replay:BlueRogue","floor":8.0,"turns":4.0},{"damage":0.0,"enemies":"Small Slimes","floor":10.0,"turns":3.0},{"damage":0.0,"enemies":"Blue Slaver","floor":11.0,"turns":3.0},{"damage":0.0,"enemies":"2 Fungi Beasts","floor":12.0,"turns":9.0},{"damage":29.0,"enemies":"Gremlin Gang","floor":14.0,"turns":4.0},{"damage":71.0,"enemies":"Hexaghost","floor":16.0,"turns":9.0},{"damage":11.0,"enemies":"3 Byrds","floor":18.0,"turns":7.0},{"damage":42.0,"enemies":"2 Thieves","floor":19.0,"turns":4.0},{"damage":57,"enemies":"Centurion and Healer","floor":20,"turns":4}],"seed_played":"5721299911539073331","potions_obtained":[{"floor":1.0,"key":"Weak Potion"},{"floor":5.0,"key":"ColorlessPotion"},{"floor":11.0,"key":"DistilledChaos"},{"floor":12.0,"key":"Strength Potion"},{"floor":14.0,"key":"Block Potion"}],"is_trial":false,"path_per_floor":["M","M","$","?","?","R","?","E","T","M","M","M","R","M","R","B",null,"M","M","M"],"character_chosen":"HERMIT","items_purchased":["hermit:Combo","hermit:Shortfuse"],"campfire_rested":2,"item_purchase_floors":[3,3],"current_hp_per_floor":[70,63,63,68,36,36,56,12,12,15,18,21,47,21,48,22,72,64,31,0,0],"gold":358,"neow_bonus":"","is_daily":false,"chose_seed":false,"campfire_upgraded":1,"win_rate":0.0,"timestamp":1610002353,"path_taken":["M","M","$","?","?","R","?","E","T","?","M","M","R","M","R","BOSS","M","M","M"],"items_purchased_type":["Card","Card"],"build_version":"2020-12-22","purchased_purges":0,"victory":false,"max_hp_per_floor":[75,75,75,80,80,80,80,80,80,83,86,89,89,92,92,95,72,75,78,78,78],"card_choices":[{"not_picked":["OldLady","ShyLook"],"picked":"CrumblingArmor","floor":1.0},{"not_picked":["hermit:Spite","hermit:Quickdraw"],"picked":"hermit:Snipe","floor":1.0},{"not_picked":["hermit:Quickdraw","hermit:Glare"],"picked":"hermit:HighNoon","floor":2.0},{"not_picked":["hermit:Feint","hermit:Misfire"],"picked":"hermit:HighCaliber","floor":5.0},{"not_picked":["hermit:HoleUp","hermit:Dive"],"picked":"hermit:EyeOfTheStorm","floor":5.0},{"not_picked":["hermit:Midnight","hermit:CursedWeapon"],"picked":"hermit:Roughhouse","floor":8.0},{"not_picked":["OldLady","CherryBlossoms","Variant"],"picked":"Singing Bowl","floor":10.0},{"not_picked":["ShyLook","MHz"],"picked":"OSAHOGD","floor":10.0},{"not_picked":["hermit:Desperado","hermit:Grudge"],"picked":"hermit:Maintenance","floor":10.0},{"not_picked":["hermit:Ricochet","hermit:Virtue"],"picked":"hermit:ItchyTrigger","floor":11.0},{"not_picked":["LongBird","QueenBee"],"picked":"DreamingCurrent","floor":12.0},{"not_picked":["hermit:Headshot","hermit:Snipe"],"picked":"hermit:Vantage","floor":12.0},{"not_picked":["hermit:ShadowCloak","hermit:Feint"],"picked":"hermit:BodyArmor","floor":14.0},{"not_picked":["Scorched","MeatLantern"],"picked":"LongBird","floor":16.0},{"not_picked":["hermit:Reprieve","hermit:Roughhouse"],"picked":"hermit:Magnum","floor":16.0},{"not_picked":["Bloodbath","CherryBlossoms"],"picked":"HeroicMonk","floor":18.0},{"not_picked":["hermit:Malice","hermit:WideOpen"],"picked":"hermit:Enervate+1","floor":18.0},{"not_picked":["HappyTeddy","BigBadWolf"],"picked":"SilentOrchestra","floor":19.0},{"not_picked":["hermit:Combo","hermit:Feint"],"picked":"hermit:Headshot+1","floor":19.0}],"player_experience":498840,"relics_obtained":[{"floor":5.0,"key":"Replay:Baseball"},{"floor":8.0,"key":"Divine Protection"},{"floor":9.0,"key":"Replay:Ringing Soul"}],"event_choices":[{"damage_healed":0.0,"max_hp_gain":5.0,"max_hp_loss":0.0,"gold_gain":0.0,"event_name":"Big Fish","player_choice":"Donut","floor":4.0,"gold_loss":0.0,"damage_taken":0.0},{"damage_healed":20.0,"max_hp_gain":0.0,"max_hp_loss":0.0,"gold_gain":0.0,"event_name":"The Cleric","player_choice":"Healed","floor":7.0,"gold_loss":35.0,"damage_taken":0.0}],"is_beta":false,"boss_relics":[{"not_picked":["Sozu","Replay:Ancient Bell"],"picked":"Replay:Drink Me"}],"items_purged_floors":[],"is_endless":false,"potions_floor_spawned":[1,11,12,14],"killed_by":"Centurion and Healer","ascension_level":0}}