{"host":"9gczkbtdkbhjojey","time":1610013245,"event":{"mods":["BaseMod","Colored Map","Minty Spire (QoL Compilation)","Quick Restart","StSLib","[功能]功能增强和修复MOD"],"gold_per_floor":[118,118,97,106,115,115,145,145,171,171,170,170,183,201,201,315,0,19,19,17,35,52,52,52,52,101,101,135,162,181,209,209,313,313,325,334,556,560,610,650,650,650,650,650,681,681,738,765,765,765,765,765,765,795,795],"floor_reached":56,"playtime":3321,"items_purged":["Strike_G+1","Strike_G","Defend_G","Defend_G","Strike_G","Defend_G","Strike_G","Strike_G","Infinite Blades+1","Infinite Blades","Cloak And Dagger+1","Defend_G","Quick Slash+1"],"score":1509,"play_id":"037ad1a4-3f6a-48d8-a89e-7792fad1b0fe","local_time":"20210107175405","is_ascension_mode":true,"campfire_choices":[{"floor":6,"key":"RECALL"},{"floor":8,"key":"REST"},{"data":"Cloak And Dagger","floor":10,"key":"SMITH"},{"data":"Acrobatics","floor":12,"key":"SMITH"},{"data":"Well Laid Plans","floor":15,"key":"SMITH"},{"data":"Apotheosis","floor":23,"key":"SMITH"},{"data":"Envenom","floor":27,"key":"SMITH"},{"data":"Noxious Fumes","floor":32,"key":"SMITH"},{"data":"Catalyst","floor":42,"key":"SMITH"},{"data":"1","floor":44,"key":"LIFT"},{"data":"2","floor":46,"key":"LIFT"},{"data":"3","floor":49,"key":"LIFT"},{"data":"Outmaneuver","floor":52,"key":"SMITH"}],"circlet_count":0,"master_deck":["Survivor+1","Neutralize","Well Laid Plans+1","Outmaneuver+1","Acrobatics+1","Burst","Apotheosis+1","Noxious Fumes+1","Burst+1","Envenom+1","Backflip+1","After Image","Bane","Poisoned Stab","Catalyst+1","Deadly Poison"],"relics":["Ring of the Snake","WingedGreaves","Matryoshka","CeramicFish","OrangePellets","Meat on the Bone","MealTicket","TheAbacus","Question Card","Pear","HandDrill","Odd Mushroom","Eternal Feather","Toy Ornithopter","Snake Skull","Nunchaku","Lee\u0027s Waffle","EctoplasmExtend","MutagenicStrength","Art of War","Centennial Puzzle","Frozen Eye","Juzu Bracelet","Mercury Hourglass","DollysMirror","Oddly Smooth Stone","Red Mask","Blood Vial","Coffee Dripper","Happy Flower","War Paint","Membership Card","Singing Bowl","Bottled Tornado","Girya","Tough Bandages","Paper Crane","Boot","Incense Burner","Kunai","Lantern","Bronze Scales","Chemical X","Vajra"],"acts_visited":["Exordium","TheCity","TheBeyond","TheEnding"],"potions_floor_usage":[7,21,55,55],"damage_taken":[{"damage":1,"enemies":"Cultist","floor":1,"turns":4},{"damage":39,"enemies":"The Mushroom Lair","floor":7,"turns":8},{"damage":0,"enemies":"Small Slimes","floor":13,"turns":7},{"damage":0,"enemies":"2 Louse","floor":14,"turns":3},{"damage":58,"enemies":"The Guardian","floor":16,"turns":15},{"damage":4,"enemies":"3 Byrds","floor":18,"turns":6},{"damage":7,"enemies":"Chosen","floor":22,"turns":5},{"damage":6,"enemies":"Masked Bandits","floor":28,"turns":3},{"damage":5,"enemies":"Snecko","floor":29,"turns":4},{"damage":11,"enemies":"Shelled Parasite and Fungi","floor":30,"turns":3},{"damage":0,"enemies":"Book of Stabbing","floor":31,"turns":4},{"damage":4,"enemies":"Automaton","floor":33,"turns":5},{"damage":0,"enemies":"3 Shapes","floor":35,"turns":4},{"damage":5,"enemies":"Mind Bloom Boss Battle","floor":39,"turns":4},{"damage":0,"enemies":"Giant Head","floor":40,"turns":4},{"damage":0,"enemies":"Nemesis","floor":45,"turns":3},{"damage":11,"enemies":"2 Orb Walkers","floor":47,"turns":4},{"damage":0,"enemies":"Giant Head","floor":48,"turns":4},{"damage":1,"enemies":"Donu and Deca","floor":50,"turns":6},{"damage":24,"enemies":"Shield and Spear","floor":54,"turns":4},{"damage":33,"enemies":"The Heart","floor":55,"turns":5}],"seed_played":"6258211170639048549","potions_obtained":[{"floor":1,"key":"Fire Potion"},{"floor":1,"key":"Poison Potion"},{"floor":18,"key":"BlessingOfTheForge"},{"floor":18,"key":"GhostInAJar"}],"is_trial":false,"path_per_floor":["M","?","$","$","$","R","?","R","T","R","$","R","M","M","R","B",null,"M","?","$","$","M","R","?","?","T","R","?","M","M","E","R","B",null,"M","$","?","$","?","E","?","R","T","R","E","R","?","E","R","B",null,"R","$","E","B",null],"character_chosen":"THE_SILENT","items_purchased":["Matryoshka","CeramicFish","OrangePellets","Infinite Blades","Block Potion","Meat on the Bone","MealTicket","TheAbacus","Well Laid Plans","Question Card","Pear","HandDrill","Outmaneuver","Snake Skull","Nunchaku","Lee\u0027s Waffle","Acrobatics","ColorlessPotion","Art of War","Centennial Puzzle","Frozen Eye","Apotheosis","Noxious Fumes","Juzu Bracelet","Mercury Hourglass","DollysMirror","Envenom","Fruit Juice","Fire Potion","Happy Flower","War Paint","Membership Card","Bane","Singing Bowl","Bottled Tornado","Poisoned Stab","Lantern","Bronze Scales","Chemical X","CultistPotion"],"campfire_rested":1,"item_purchase_floors":[3,3,3,3,3,4,4,4,4,5,5,5,5,11,11,11,11,11,20,20,20,20,20,21,21,21,21,21,21,36,36,36,36,38,38,38,53,53,53,53],"current_hp_per_floor":[48,34,34,34,59,59,32,56,56,62,87,87,87,87,87,41,87,83,83,87,92,85,91,91,91,91,92,86,81,70,70,76,74,92,92,92,92,92,89,91,93,96,96,96,98,98,87,91,100,99,100,100,100,78,57],"gold":795,"neow_bonus":"ONE_RARE_RELIC","is_daily":false,"chose_seed":false,"campfire_upgraded":8,"win_rate":0.0,"timestamp":1610013245,"path_taken":["M","?","$","$","$","R","?","R","T","R","$","R","M","M","R","BOSS","M","?","$","$","M","R","?","?","T","R","?","M","M","E","R","BOSS","M","$","?","$","?","E","?","R","T","R","E","R","?","E","R","BOSS","R","$","E","BOSS"],"items_purchased_type":["Relic","Relic","Relic","Card","Potion","Relic","Relic","Relic","Card","Relic","Relic","Relic","Card","Relic","Relic","Relic","Card","Potion","Relic","Relic","Relic","Card","Card","Relic","Relic","Relic","Card","Potion","Potion","Relic","Relic","Relic","Card","Relic","Relic","Card","Relic","Relic","Relic","Potion"],"build_version":"2020-12-22","purchased_purges":13,"victory":true,"max_hp_per_floor":[70,70,70,70,80,80,80,80,80,80,87,87,87,87,87,87,87,87,87,87,92,92,92,92,92,92,92,92,92,92,92,92,92,92,92,92,92,92,94,94,96,96,96,96,98,98,98,100,100,100,100,100,100,102,102],"card_choices":[{"not_picked":["Slice","Outmaneuver"],"picked":"Infinite Blades","floor":1},{"not_picked":["Flying Knee","Outmaneuver","Poisoned Stab"],"picked":"Cloak And Dagger","floor":7},{"not_picked":["Grand Finale","Noxious Fumes","Flying Knee","PiercingWail"],"picked":"SKIP","floor":13},{"not_picked":["Dagger Spray","Flying Knee","Outmaneuver","Sucker Punch"],"picked":"SKIP","floor":14},{"not_picked":["Wraith Form v2","After Image","Die Die Die"],"picked":"Burst","floor":16},{"not_picked":["Infinite Blades","Dagger Spray+1","Poisoned Stab+1"],"picked":"Quick Slash+1","floor":18},{"not_picked":["Well Laid Plans+1","Expertise","Prepared","Terror+1"],"picked":"SKIP","floor":22},{"not_picked":["Quick Slash+1","Cloak And Dagger","Reflex"],"picked":"Backflip+1","floor":29},{"not_picked":["Slice","Sucker Punch","Concentrate+1","Malaise"],"picked":"SKIP","floor":30},{"not_picked":["Blur","Dagger Throw","Deadly Poison","Caltrops"],"picked":"SKIP","floor":31},{"not_picked":["Phantasmal Killer","Tools of the Trade","A Thousand Cuts"],"picked":"After Image","floor":33},{"not_picked":["Deflect+1","Quick Slash+1","Outmaneuver+1","Sucker Punch+1"],"picked":"SKIP","floor":35},{"not_picked":["Infinite Blades+1","Sucker Punch","Cloak And Dagger+1","Poisoned Stab+1"],"picked":"Singing Bowl","floor":39},{"not_picked":["Malaise","Tactician+1","Caltrops+1"],"picked":"Catalyst","floor":40},{"not_picked":["Madness","Enlightenment","Violence","Chrysalis"],"picked":"Singing Bowl","floor":41},{"not_picked":["Tactician+1","Infinite Blades+1","Backstab+1","Slice"],"picked":"Singing Bowl","floor":45},{"not_picked":["Slice+1","Prepared","Well Laid Plans"],"picked":"Deadly Poison","floor":47},{"not_picked":["Bane+1","Dagger Spray","Dodge and Roll","Tactician+1"],"picked":"Singing Bowl","floor":48},{"not_picked":["Skewer+1","Phantasmal Killer","All Out Attack+1","Acrobatics"],"picked":"Singing Bowl","floor":54}],"player_experience":115745,"relics_obtained":[{"floor":7,"key":"Odd Mushroom"},{"floor":9,"key":"Eternal Feather"},{"floor":9,"key":"Toy Ornithopter"},{"floor":26,"key":"Oddly Smooth Stone"},{"floor":28,"key":"Red Mask"},{"floor":31,"key":"Blood Vial"},{"floor":39,"key":"Girya"},{"floor":40,"key":"Tough Bandages"},{"floor":43,"key":"Paper Crane"},{"floor":45,"key":"Boot"},{"floor":47,"key":"Incense Burner"},{"floor":48,"key":"Kunai"},{"floor":54,"key":"Vajra"}],"event_choices":[{"damage_healed":0,"gold_gain":0,"player_choice":"Entered Light","damage_taken":14,"max_hp_gain":0,"max_hp_loss":0,"event_name":"Shining Light","floor":2,"gold_loss":0,"cards_upgraded":["Infinite Blades","Strike_G"]},{"damage_healed":0,"gold_gain":0,"player_choice":"Fought Mushrooms","damage_taken":0,"max_hp_gain":0,"max_hp_loss":0,"event_name":"Mushrooms","floor":7,"gold_loss":0},{"damage_healed":0,"gold_gain":0,"player_choice":"Inject Mutagens","damage_taken":0,"relics_obtained":["MutagenicStrength"],"max_hp_gain":0,"max_hp_loss":0,"event_name":"Drug Dealer","floor":19,"gold_loss":0},{"cards_removed":["Defend_G"],"damage_healed":0,"gold_gain":0,"player_choice":"Offered Basic","damage_taken":0,"max_hp_gain":0,"max_hp_loss":0,"event_name":"Bonfire Elementals","floor":24,"gold_loss":0},{"damage_healed":0,"gold_gain":0,"player_choice":"Ignored","damage_taken":0,"max_hp_gain":0,"max_hp_loss":0,"event_name":"Vampires","floor":25,"gold_loss":0},{"damage_healed":0,"gold_gain":0,"player_choice":"Fought Bandits","damage_taken":0,"max_hp_gain":0,"max_hp_loss":0,"event_name":"Masked Bandits","floor":28,"gold_loss":0},{"damage_healed":0,"gold_gain":222,"player_choice":"Wore Mask","damage_taken":0,"max_hp_gain":0,"max_hp_loss":0,"event_name":"Tomb of Lord Red Mask","floor":37,"gold_loss":0},{"damage_healed":0,"gold_gain":0,"player_choice":"Fight","damage_taken":0,"max_hp_gain":0,"max_hp_loss":0,"event_name":"MindBloom","floor":39,"gold_loss":0},{"damage_healed":0,"gold_gain":0,"player_choice":"Memory 1","damage_taken":0,"max_hp_gain":0,"max_hp_loss":0,"event_name":"SensoryStone","floor":41,"gold_loss":0},{"damage_healed":0,"gold_gain":0,"player_choice":"Fight","damage_taken":0,"max_hp_gain":0,"max_hp_loss":0,"event_name":"Mysterious Sphere","floor":47,"gold_loss":0}],"is_beta":false,"boss_relics":[{"not_picked":["Calling Bell","Cursed Key"],"picked":"EctoplasmExtend"},{"not_picked":["Sozu","WristBlade"],"picked":"Coffee Dripper"}],"items_purged_floors":[3,3,3,3,3,3,11,11,20,20,20,20,38],"is_endless":false,"potions_floor_spawned":[1,1,13,13,18,18,22,28,29,30,31,33,33,39,40,40,45,48,48,54,54],"ascension_level":1}}