{"host":"kig4ty9d1aubg29s","time":1610026902,"event":{"mods":["BaseMod","Minty Spire (QoL Compilation)","READ ME - Guardian Mod","READ ME - Snecko Mod","StSLib","The Cursed","The Gatherer","The Hierophant","The Runesmith"],"gold_per_floor":[115,135,135,135,135,135,168,184,184,195,195,221,241,391,391,465,465,477,477,477,477,496,522,522,522,599,157,157,157,157,257,257,257,257],"floor_reached":33,"playtime":804,"items_purged":[],"score":592,"play_id":"0d253ebc-95ed-40df-9fab-94d0aee4b5ed","local_time":"20210107224142","is_ascension_mode":true,"campfire_choices":[{"data":"Go for the Eyes","floor":6,"key":"SMITH"},{"data":"Sunder","floor":11,"key":"SMITH"},{"data":"Defragment","floor":15,"key":"SMITH"},{"floor":25,"key":"REST"},{"floor":30,"key":"REST"},{"floor":32,"key":"REST"}],"circlet_count":0,"master_deck":["AscendersBane","Strike_B+1","Strike_B+1","Strike_B+1","Strike_B+1","Defend_B+1","Defend_B+1","Defend_B+1","Zap+1","Dualcast","FTL","Go for the Eyes+1","Sunder+1","Cold Snap","Coolheaded","Static Discharge","Defragment+1","Echo Form","Self Repair","Cold Snap","Sunder","Doom and Gloom+1","Stack+1","Coolheaded+1","Cold Snap"],"relics":["Cracked Core","NeowsBlessing","Dream Catcher","Art of War","Omamori","Juzu Bracelet","Calling Bell","Lantern","Kunai","WingedGreaves","Toxic Egg 2","The Courier","Cables","Torii","Calipers","InkBottle"],"acts_visited":["Exordium","TheCity"],"potions_floor_usage":[12,18,22,29,33],"damage_taken":[{"damage":0,"enemies":"Jaw Worm","floor":1,"turns":1},{"damage":0,"enemies":"Cultist","floor":2,"turns":1},{"damage":0,"enemies":"Lagavulin","floor":7,"turns":1},{"damage":0,"enemies":"2 Louse","floor":8,"turns":2},{"damage":3,"enemies":"Gremlin Gang","floor":10,"turns":3},{"damage":5,"enemies":"3 Sentries","floor":12,"turns":5},{"damage":0,"enemies":"Large Slime","floor":13,"turns":3},{"damage":27,"enemies":"Hexaghost","floor":16,"turns":8},{"damage":24,"enemies":"3 Byrds","floor":18,"turns":5},{"damage":0,"enemies":"Spheric Guardian","floor":22,"turns":1},{"damage":44,"enemies":"Book of Stabbing","floor":23,"turns":5},{"damage":0,"enemies":"Shelled Parasite and Fungi","floor":29,"turns":1},{"damage":15,"enemies":"Colosseum Slavers","floor":31,"turns":4},{"damage":25,"enemies":"Colosseum Nobs","floor":31,"turns":4},{"damage":58,"enemies":"Collector","floor":33,"turns":5}],"seed_played":"-7360173691866102662","potions_obtained":[{"floor":7,"key":"ColorlessPotion"},{"floor":8,"key":"FocusPotion"},{"floor":18,"key":"SmokeBomb"},{"floor":19,"key":"Explosive Potion"},{"floor":31,"key":"Ancient Potion"}],"is_trial":false,"path_per_floor":["M","M","?","$","T","R","E","M","T","M","R","E","M","?","R","B",null,"M","?","?","?","M","E","?","R","T","$","?","M","R","?","R","B"],"character_chosen":"DEFECT","items_purchased":["Cables","Torii"],"campfire_rested":3,"item_purchase_floors":[27,27],"current_hp_per_floor":[64,64,64,64,64,64,64,64,64,61,61,56,56,56,56,29,61,37,37,37,51,51,21,21,42,42,42,42,42,63,30,51,0,0],"gold":257,"neow_bonus":"THREE_ENEMY_KILL","is_daily":false,"chose_seed":false,"campfire_upgraded":3,"win_rate":0.0,"timestamp":1610026902,"path_taken":["M","M","?","?","?","R","E","M","T","M","R","E","M","?","R","BOSS","M","?","?","?","M","E","?","R","T","$","?","M","R","?","R","BOSS"],"items_purchased_type":["Relic","Relic"],"build_version":"2020-12-22","purchased_purges":0,"victory":false,"max_hp_per_floor":[71,71,71,71,71,71,71,71,71,71,71,71,71,71,71,71,71,71,71,71,71,71,71,71,71,71,71,71,71,71,71,71,71,71],"card_choices":[{"not_picked":["Conserve Battery","Redo"],"picked":"FTL","floor":1},{"not_picked":["Barrage","Turbo"],"picked":"Go for the Eyes","floor":2},{"not_picked":["Conserve Battery","Meteor Strike"],"picked":"Sunder","floor":7},{"not_picked":["Steam","Leap"],"picked":"Cold Snap","floor":8},{"not_picked":["Capacitor","Compile Driver"],"picked":"Coolheaded","floor":10},{"not_picked":["Compile Driver","FTL"],"picked":"Static Discharge","floor":12},{"not_picked":["Amplify","FTL"],"picked":"Defragment","floor":13},{"not_picked":["Amplify","Meteor Strike"],"picked":"Echo Form","floor":16},{"not_picked":["Streamline","Leap"],"picked":"Self Repair","floor":18},{"not_picked":["Scrape","Auto Shields"],"picked":"Cold Snap","floor":22},{"not_picked":["Hologram+1","Recycle+1"],"picked":"Sunder","floor":23},{"not_picked":["Melter","Sunder"],"picked":"Doom and Gloom+1","floor":25},{"not_picked":["Coolheaded+1","Double Energy+1"],"picked":"Stack+1","floor":30},{"not_picked":["Streamline","Gash"],"picked":"Coolheaded+1","floor":31},{"not_picked":["Hologram+1","Scrape"],"picked":"Cold Snap","floor":32}],"player_experience":1923099,"relics_obtained":[{"floor":5,"key":"Dream Catcher"},{"floor":7,"key":"Art of War"},{"floor":9,"key":"Omamori"},{"floor":12,"key":"Juzu Bracelet"},{"floor":17,"key":"Lantern"},{"floor":17,"key":"Kunai"},{"floor":17,"key":"WingedGreaves"},{"floor":23,"key":"Toxic Egg 2"},{"floor":26,"key":"The Courier"},{"floor":31,"key":"Calipers"},{"floor":31,"key":"InkBottle"}],"event_choices":[{"damage_healed":0,"gold_gain":0,"player_choice":"Upgraded","damage_taken":0,"max_hp_gain":0,"max_hp_loss":0,"event_name":"Upgrade Shrine","floor":3,"gold_loss":0,"cards_upgraded":["Zap"]},{"damage_healed":0,"gold_gain":150,"player_choice":"AGREE","damage_taken":0,"max_hp_gain":0,"max_hp_loss":0,"event_name":"Liars Game","floor":14,"gold_loss":0,"cards_obtained":["Doubt"]},{"damage_healed":0,"gold_gain":0,"player_choice":"Got Potions","damage_taken":0,"max_hp_gain":0,"max_hp_loss":0,"event_name":"Lab","floor":19,"gold_loss":0},{"damage_healed":0,"gold_gain":0,"cards_transformed":["Defend_B"],"player_choice":"Transformed","damage_taken":0,"max_hp_gain":0,"max_hp_loss":0,"event_name":"Transmorgrifier","floor":20,"gold_loss":0,"cards_obtained":["Skim"]},{"damage_healed":14,"gold_gain":0,"player_choice":"Heal","damage_taken":0,"max_hp_gain":0,"max_hp_loss":0,"event_name":"The Library","floor":21,"gold_loss":0},{"damage_healed":0,"gold_gain":0,"player_choice":"Simplicity","damage_taken":0,"max_hp_gain":0,"max_hp_loss":0,"event_name":"Back to Basics","floor":24,"gold_loss":0,"cards_upgraded":["Strike_B","Strike_B","Strike_B","Strike_B","Defend_B","Defend_B","Defend_B"]},{"cards_removed":["Skim"],"damage_healed":0,"gold_gain":0,"player_choice":"Purged","damage_taken":0,"max_hp_gain":0,"max_hp_loss":0,"event_name":"Purifier","floor":28,"gold_loss":0},{"damage_healed":0,"gold_gain":0,"player_choice":"Fight","damage_taken":0,"max_hp_gain":0,"max_hp_loss":0,"event_name":"Colosseum","floor":31,"gold_loss":0},{"damage_healed":0,"gold_gain":0,"player_choice":"Fought Nobs","damage_taken":0,"max_hp_gain":0,"max_hp_loss":0,"event_name":"Colosseum","floor":31,"gold_loss":0}],"is_beta":false,"boss_relics":[{"not_picked":["Busted Crown","Runic Dome"],"picked":"Calling Bell"}],"items_purged_floors":[],"is_endless":false,"potions_floor_spawned":[7,8,10,18,31,31],"killed_by":"Collector","ascension_level":20}}