{"host":"d1za9dvx43o9v494","time":1610052863,"event":{"mods":["2.2 Compatiblity","BaseMod","Better-Laid Plans","Colored Map","Downfall","Emptier Cage","Minty Spire (QoL Compilation)","Permanent Neow","StSLib","The Marked"],"gold_per_floor":[110,110,35,35,53,83,83,110,110,110,110,130,154,178,178,308,308,332,232,142,162,162,162,180,213,236,269,287,318,338,351,351,476,476,492,508,531,864,864,890,890,924,949,949,628,644,675,690,690,690,690,690,389,417,417],"floor_reached":56,"playtime":3069,"items_purged":["theMarked:Strike","theMarked:Strike","theMarked:Defend"],"score":1384,"play_id":"1e783a7b-ebe9-4817-b58f-7dcca8f39a8b","local_time":"20210107235423","is_ascension_mode":true,"campfire_choices":[{"data":"theMarked:WardOff","floor":7,"key":"SMITH"},{"floor":11,"key":"REST"},{"floor":15,"key":"REST"},{"floor":23,"key":"RECALL"},{"floor":32,"key":"REST"},{"data":"theMarked:Abjuration","floor":41,"key":"SMITH"},{"data":"theMarked:Defend","floor":44,"key":"SMITH"}],"circlet_count":0,"master_deck":["theMarked:Defend+1","theMarked:Defend+1","theMarked:SoldierOfQuellstein+1","theMarked:WardOff+1","theMarked:Polarize+1","theMarked:ElementalBlade+1","theMarked:BindingBlade+1","theMarked:Electrocute+1","theMarked:DeterminationOfTheMarked+1","theMarked:EmpowerWeapon+1","theMarked:ParalyzingBlade+1","theMarked:BindingBlade+1","theMarked:Generate+1","theMarked:EternalStudent+1","theMarked:Abjuration+1","theMarked:ComboAttacks+1","theMarked:WardOff+1","theMarked:RepellingDischarge+1","theMarked:Standoff","theMarked:Vacuum"],"relics":["theMarked:ArtifactOfAir","Toxic Egg 2","Thread and Needle","CaptainsWheel","Nloth\u0027s Gift","Eternal Feather","Du-Vu Doll","Bag of Marbles","Coffee Dripper","Art of War","Singing Bowl","bronze:BronzeIdol","Strange Spoon","hexamod:Sixitude","Strawberry","Happy Flower"],"acts_visited":["Exordium","TheCity","TheBeyond","TheEnding"],"potions_floor_usage":[6,8,16,21,27,29,55,55,55],"damage_taken":[{"damage":3,"enemies":"Small Slimes","floor":1,"turns":2},{"damage":1,"enemies":"Jaw Worm","floor":5,"turns":2},{"damage":42,"enemies":"Lagavulin","floor":6,"turns":8},{"damage":21,"enemies":"Gremlin Nob","floor":8,"turns":4},{"damage":0,"enemies":"Cultist","floor":12,"turns":2},{"damage":0,"enemies":"2 Fungi Beasts","floor":13,"turns":3},{"damage":4,"enemies":"Red Slaver","floor":14,"turns":2},{"damage":27,"enemies":"The Guardian","floor":16,"turns":11},{"damage":0,"enemies":"Spheric Guardian","floor":18,"turns":3},{"damage":1,"enemies":"3 Byrds","floor":21,"turns":2},{"damage":0,"enemies":"Cultist and Chosen","floor":24,"turns":3},{"damage":3,"enemies":"Book of Stabbing","floor":25,"turns":4},{"damage":15,"enemies":"Gremlin Leader","floor":27,"turns":3},{"damage":1,"enemies":"Chosen and Byrds","floor":28,"turns":4},{"damage":9,"enemies":"Slavers","floor":29,"turns":3},{"damage":0,"enemies":"Sentry and Sphere","floor":30,"turns":4},{"damage":11,"enemies":"Snecko","floor":31,"turns":3},{"damage":36,"enemies":"Collector","floor":33,"turns":4},{"damage":1,"enemies":"Orb Walker","floor":35,"turns":2},{"damage":4,"enemies":"3 Darklings","floor":36,"turns":3},{"damage":0,"enemies":"Transient","floor":37,"turns":5},{"damage":7,"enemies":"Nemesis","floor":40,"turns":5},{"damage":0,"enemies":"Reptomancer","floor":42,"turns":3},{"damage":0,"enemies":"Maw","floor":46,"turns":4},{"damage":28,"enemies":"Nemesis","floor":47,"turns":3},{"damage":0,"enemies":"Sphere and 2 Shapes","floor":48,"turns":4},{"damage":20,"enemies":"Time Eater","floor":50,"turns":7},{"damage":30,"enemies":"Shield and Spear","floor":54,"turns":4},{"damage":100,"enemies":"The Heart","floor":55,"turns":7}],"seed_played":"8978290167048432466","potions_obtained":[{"floor":5,"key":"bronze:BurnAndBuffPotion"},{"floor":6,"key":"Energy Potion"},{"floor":14,"key":"AttackPotion"},{"floor":16,"key":"SkillPotion"},{"floor":21,"key":"Strength Potion"},{"floor":24,"key":"GamblersBrew"},{"floor":27,"key":"Fire Potion"},{"floor":29,"key":"Fire Potion"},{"floor":37,"key":"CultistPotion"},{"floor":48,"key":"hexamod:SoulburnPotion"}],"is_trial":false,"path_per_floor":["M","?","$","?","M","E","R","E","T","?","R","M","M","M","R","B",null,"M","$","?","M","?","R","M","E","T","E","M","E","M","M","R","B",null,"M","M","M","?","?","E","R","E","T","R","$","M","E","M","R","B",null,"R","$","E","B",null],"character_chosen":"THE_DEFAULT","items_purchased":["Strange Spoon","theMarked:WardOff+1","theMarked:Standoff","Strawberry","DuplicationPotion"],"campfire_rested":3,"item_purchase_floors":[45,45,53,53,53],"current_hp_per_floor":[67,67,67,67,66,24,24,3,3,3,22,22,22,18,37,10,65,65,65,65,64,64,64,64,61,61,46,45,36,36,25,53,17,65,64,60,60,60,60,53,62,62,62,65,65,67,41,41,50,30,69,69,76,46,37],"gold":417,"neow_bonus":"ONE_RANDOM_RARE_CARD","is_daily":false,"chose_seed":false,"campfire_upgraded":3,"win_rate":0.0,"timestamp":1610052863,"path_taken":["M","?","$","?","M","E","R","E","T","?","R","?","M","M","R","BOSS","M","$","?","?","?","R","M","E","T","E","M","E","?","M","R","BOSS","M","M","?","?","?","E","R","E","T","R","?","M","E","M","R","BOSS","R","$","E","BOSS"],"items_purchased_type":["Relic","Card","Card","Relic","Potion"],"build_version":"2020-12-22","purchased_purges":3,"victory":true,"max_hp_per_floor":[70,70,70,70,70,70,70,70,70,65,65,65,65,65,65,65,65,65,65,65,65,65,65,65,65,65,65,65,65,65,65,65,65,65,65,65,65,65,65,65,65,65,65,65,65,67,69,69,69,69,69,69,76,76,76],"card_choices":[{"not_picked":["theMarked:TwofoldDefense","theMarked:RepellingDischarge"],"picked":"theMarked:WardOff","floor":1},{"not_picked":["theMarked:HeightenedSenses","theMarked:GodGivenPower","theMarked:ElectricStrings"],"picked":"SKIP","floor":5},{"not_picked":["theMarked:Improvise+1","theMarked:WastefulAttack","theMarked:Parkour"],"picked":"SKIP","floor":6},{"not_picked":["theMarked:HeightenedSenses+1","theMarked:Electrocute","theMarked:WastefulAttack"],"picked":"SKIP","floor":8},{"not_picked":["theMarked:Overcharge+1","theMarked:ComboAttacks"],"picked":"theMarked:Polarize+1","floor":12},{"not_picked":["theMarked:EmpowerWeapon+1","theMarked:TwofoldDefense+1"],"picked":"theMarked:ElementalBlade+1","floor":13},{"not_picked":["theMarked:ElectricStrings","theMarked:Static+1","theMarked:LightningStrikesTwice"],"picked":"SKIP","floor":14},{"not_picked":["theMarked:Levitate+1","theMarked:Defy"],"picked":"theMarked:BindingBlade+1","floor":16},{"not_picked":["theMarked:TwofoldDefense+1","theMarked:Aftermath+1"],"picked":"theMarked:ParalyzingBlade+1","floor":18},{"not_picked":["theMarked:WastefulDefense+1","theMarked:Aftermath+1","theMarked:Generate+1"],"picked":"SKIP","floor":21},{"not_picked":["theMarked:ResourceFulStrike","theMarked:Aftermath+1"],"picked":"theMarked:BindingBlade+1","floor":24},{"not_picked":["theMarked:Polarize+1","theMarked:TakeCover+1"],"picked":"theMarked:Generate+1","floor":25},{"not_picked":["theMarked:FavorableWinds+1","theMarked:ShockingTouch","theMarked:WastefulAttack"],"picked":"SKIP","floor":27},{"not_picked":["theMarked:WastefulDefense+1","theMarked:GodGivenPower+1","theMarked:Panic+1"],"picked":"SKIP","floor":28},{"not_picked":["theMarked:KeepCalmAndFightOn","theMarked:TakeOffHeels+1"],"picked":"theMarked:EternalStudent+1","floor":29},{"not_picked":["theMarked:TwofoldDefense+1","theMarked:ChainLightning","theMarked:TakeCover+1"],"picked":"SKIP","floor":30},{"not_picked":["theMarked:EternalStudent+1","theMarked:Indomitable+1","theMarked:SoldierForm"],"picked":"SKIP","floor":31},{"not_picked":["theMarked:Parkour","theMarked:ChainLightning+1","theMarked:Polarize+1"],"picked":"SKIP","floor":35},{"not_picked":["theMarked:ChainLightning+1","theMarked:EmpowerWeapon+1","theMarked:WastefulAttack"],"picked":"SKIP","floor":36},{"not_picked":["theMarked:TwofoldDefense+1","theMarked:BanishingStrike","theMarked:Levitate+1"],"picked":"SKIP","floor":37},{"not_picked":["theMarked:WastefulAttack+1","theMarked:WardOff+1"],"picked":"theMarked:Abjuration","floor":40},{"not_picked":["theMarked:ElementalBlade+1","theMarked:WastefulDefense+1"],"picked":"theMarked:ComboAttacks+1","floor":42},{"not_picked":["theMarked:WastefulAttack+1","theMarked:WardOff+1","theMarked:Overthink+1"],"picked":"Singing Bowl","floor":46},{"not_picked":["theMarked:ComboAttacks+1","theMarked:ShockingTouch","theMarked:SummonStrength"],"picked":"Singing Bowl","floor":47},{"not_picked":["theMarked:Polarize+1","theMarked:WastefulAttack+1"],"picked":"theMarked:RepellingDischarge+1","floor":48},{"not_picked":["theMarked:Frustration+1","theMarked:MagicAdept"],"picked":"theMarked:Vacuum","floor":54}],"player_experience":684858,"relics_obtained":[{"floor":6,"key":"Toxic Egg 2"},{"floor":8,"key":"Thread and Needle"},{"floor":9,"key":"CaptainsWheel"},{"floor":25,"key":"Eternal Feather"},{"floor":27,"key":"Du-Vu Doll"},{"floor":29,"key":"Bag of Marbles"},{"floor":40,"key":"Art of War"},{"floor":42,"key":"Singing Bowl"},{"floor":43,"key":"bronze:BronzeIdol"},{"floor":47,"key":"hexamod:Sixitude"},{"floor":54,"key":"Happy Flower"}],"event_choices":[{"damage_healed":0,"gold_gain":0,"player_choice":"Grow","damage_taken":0,"max_hp_gain":0,"max_hp_loss":0,"event_name":"Living Wall","floor":2,"gold_loss":0,"cards_upgraded":["theMarked:SoldierOfQuellstein"]},{"damage_healed":0,"gold_gain":0,"player_choice":"Leave","damage_taken":0,"max_hp_gain":0,"max_hp_loss":0,"event_name":"The Cleric","floor":4,"gold_loss":0},{"damage_healed":0,"gold_gain":0,"player_choice":"Lose Max HP","damage_taken":0,"relics_obtained":["Golden Idol"],"max_hp_gain":0,"max_hp_loss":5,"event_name":"Golden Idol","floor":10,"gold_loss":0},{"cards_removed":["theMarked:Strike"],"damage_healed":0,"gold_gain":0,"player_choice":"Upgrade and Remove","damage_taken":0,"max_hp_gain":0,"max_hp_loss":0,"event_name":"Designer","floor":20,"gold_loss":90,"cards_upgraded":["theMarked:Defend"]},{"damage_healed":0,"gold_gain":0,"player_choice":"Traded Relic","damage_taken":0,"relics_obtained":["Nloth\u0027s Gift"],"max_hp_gain":0,"max_hp_loss":0,"event_name":"N\u0027loth","floor":22,"relics_lost":["Astrolabe"],"gold_loss":0},{"damage_healed":0,"gold_gain":333,"player_choice":"Gave Idol","damage_taken":0,"max_hp_gain":0,"max_hp_loss":0,"event_name":"The Moai Head","floor":38,"relics_lost":["Golden Idol"],"gold_loss":0},{"damage_healed":0,"gold_gain":0,"player_choice":"Memory 1","damage_taken":0,"max_hp_gain":0,"max_hp_loss":0,"event_name":"SensoryStone","floor":39,"gold_loss":0}],"is_beta":false,"boss_relics":[{"not_picked":["Calling Bell","Ectoplasm"],"picked":"Astrolabe"},{"not_picked":["theMarked:Eyepatch","SacredBark"],"picked":"Coffee Dripper"}],"items_purged_floors":[3,19,45],"is_endless":false,"potions_floor_spawned":[5,6,14,16,21,24,27,29,37,40,48],"ascension_level":1}}