{"host":"y1gy3vaohdji07z5","time":1610051645,"event":{"mods":["AchievementEnabler","BaseMod","Colored Map","Colored Powertips","Hermit","Minty Spire (QoL Compilation)","Random Character Button","Rare Cards Sparkle","StSLib"],"gold_per_floor":[119,194,194,194,215,215,259,259,286,306,256,296,321,334,334,455,455,455,130,130,130,130,130,130,130,130,130,90,90,90,90,90,90,90,90,90,50,50,50,50,50,50,50,50,50,50,0,0,0,0,0],"floor_reached":50,"playtime":2382,"items_purged":["hermit:Strike_Hermit"],"score":802,"play_id":"55f2c7ab-ecab-4ca1-952d-87272536f759","local_time":"20210107213405","is_ascension_mode":true,"campfire_choices":[{"data":"hermit:Snapshot","floor":6,"key":"SMITH"},{"data":"hermit:Brawl","floor":8,"key":"SMITH"},{"data":"hermit:PistolWhip","floor":15,"key":"SMITH"},{"data":"hermit:Showdown","floor":23,"key":"SMITH"},{"data":"hermit:HighNoon","floor":25,"key":"SMITH"},{"data":"J.A.X.","floor":30,"key":"SMITH"},{"data":"hermit:Strike_Hermit","floor":32,"key":"SMITH"},{"data":"hermit:Showdown","floor":41,"key":"SMITH"},{"floor":49,"key":"REST"}],"circlet_count":0,"master_deck":["hermit:Strike_Hermit+1","hermit:Strike_Hermit","hermit:Defend_Hermit","hermit:Defend_Hermit","hermit:Defend_Hermit","hermit:Defend_Hermit+1","hermit:Snapshot+1","hermit:Covet","hermit:NoHoldsBarred+1","hermit:Brawl+1","hermit:Glare+1","hermit:PistolWhip+1","hermit:HighNoon+1","hermit:Showdown+1","J.A.X.+1","Writhe","hermit:RoundhouseKick","hermit:PistolWhip+1","Deep Breath","hermit:Showdown+1","hermit:HighCaliber+1","hermit:HighCaliber+1","hermit:PistolWhip+1"],"relics":["hermit:Momento","NeowsBlessing","Golden Idol","Centennial Puzzle","hermit:RyeStalk","MealTicket","Ectoplasm","Blood Vial","War Paint","Pocketwatch","PreservedInsect","InkBottle","Philosopher\u0027s Stone","Du-Vu Doll","Girya","Pen Nib","Gremlin Horn","MawBank","Boot","Red Mask"],"acts_visited":["Exordium","TheCity","TheBeyond"],"potions_floor_usage":[16,18,18,18,19,24,24,44,50],"damage_taken":[{"damage":0,"enemies":"2 Louse","floor":1,"turns":1},{"damage":0,"enemies":"Jaw Worm","floor":5,"turns":1},{"damage":0,"enemies":"Gremlin Nob","floor":7,"turns":1},{"damage":5,"enemies":"Small Slimes","floor":10,"turns":2},{"damage":12,"enemies":"3 Sentries","floor":12,"turns":4},{"damage":0,"enemies":"3 Louse","floor":13,"turns":1},{"damage":3,"enemies":"Looter","floor":14,"turns":2},{"damage":9,"enemies":"Slime Boss","floor":16,"turns":6},{"damage":13,"enemies":"3 Byrds","floor":18,"turns":3},{"damage":1,"enemies":"Spheric Guardian","floor":20,"turns":3},{"damage":13,"enemies":"Snake Plant","floor":21,"turns":2},{"damage":17,"enemies":"Slavers","floor":24,"turns":2},{"damage":3,"enemies":"Gremlin Leader","floor":27,"turns":3},{"damage":13,"enemies":"Snecko","floor":29,"turns":3},{"damage":27,"enemies":"Automaton","floor":33,"turns":6},{"damage":34,"enemies":"3 Darklings","floor":35,"turns":4},{"damage":20,"enemies":"Mind Bloom Boss Battle","floor":38,"turns":4},{"damage":15,"enemies":"2 Orb Walkers","floor":39,"turns":2},{"damage":38,"enemies":"Reptomancer","floor":40,"turns":3},{"damage":3,"enemies":"Nemesis","floor":42,"turns":2},{"damage":5,"enemies":"Orb Walker","floor":44,"turns":2},{"damage":3,"enemies":"Reptomancer","floor":45,"turns":3},{"damage":3,"enemies":"Maw","floor":46,"turns":4},{"damage":19,"enemies":"Jaw Worm Horde","floor":48,"turns":2},{"damage":29,"enemies":"Time Eater","floor":50,"turns":4}],"seed_played":"-1794615265752438590","potions_obtained":[{"floor":1,"key":"Ancient Potion"},{"floor":5,"key":"Weak Potion"},{"floor":12,"key":"FearPotion"},{"floor":14,"key":"Fire Potion"},{"floor":16,"key":"hermit:Tonic"},{"floor":18,"key":"DuplicationPotion"},{"floor":21,"key":"DuplicationPotion"},{"floor":28,"key":"FairyPotion"},{"floor":28,"key":"LiquidBronze"},{"floor":28,"key":"LiquidBronze"},{"floor":40,"key":"EssenceOfSteel"},{"floor":44,"key":"PowerPotion"}],"is_trial":false,"path_per_floor":["M","?","?","?","M","R","E","R","T","M","?","E","M","M","R","B",null,"M","$","M","M","?","R","E","R","T","E","?","M","R","?","R","B",null,"M","?","$","?","?","E","R","E","T","M","E","M","?","M","R","B"],"character_chosen":"HERMIT","items_purchased":["Fruit Juice","Blood Vial","hermit:Showdown"],"campfire_rested":1,"item_purchase_floors":[19,19,37],"current_hp_per_floor":[75,64,46,46,46,46,46,46,46,41,41,29,29,26,26,17,75,62,80,79,67,67,67,52,52,52,51,51,40,40,40,40,15,80,46,46,61,43,30,24,24,23,23,20,19,18,18,1,25,0,0],"gold":0,"neow_bonus":"THREE_ENEMY_KILL","is_daily":false,"chose_seed":false,"campfire_upgraded":8,"win_rate":0.0,"timestamp":1610051645,"path_taken":["M","?","?","?","?","R","E","R","T","?","?","E","M","M","R","BOSS","M","$","M","M","?","R","E","R","T","E","?","?","R","?","R","BOSS","M","?","?","?","?","E","R","E","T","M","E","M","?","M","R","BOSS"],"items_purchased_type":["Potion","Relic","Card"],"build_version":"2020-12-22","purchased_purges":1,"victory":false,"max_hp_per_floor":[75,75,75,75,75,75,75,75,75,75,75,75,75,75,75,75,75,75,80,80,80,80,80,80,80,80,80,80,80,80,80,80,80,80,80,80,80,80,80,80,80,80,80,80,80,80,80,80,80,80,80],"card_choices":[{"not_picked":["hermit:HoleUp","hermit:Cheat"],"picked":"hermit:NoHoldsBarred","floor":1},{"not_picked":["hermit:Glare","hermit:Desperado","hermit:SprayPray"],"picked":"SKIP","floor":5},{"not_picked":["hermit:Manifest","hermit:FlashPowder"],"picked":"hermit:Brawl","floor":7},{"not_picked":["hermit:Manifest","hermit:Headshot"],"picked":"hermit:Glare","floor":10},{"not_picked":["hermit:Manifest","hermit:Coalescence"],"picked":"hermit:PistolWhip","floor":12},{"not_picked":["hermit:Coalescence","hermit:HoleUp","hermit:CursedWeapon"],"picked":"SKIP","floor":13},{"not_picked":["hermit:TrackingShot","hermit:Desperado","hermit:Ricochet"],"picked":"SKIP","floor":14},{"not_picked":["hermit:Magnum","hermit:Gambit"],"picked":"hermit:HighNoon","floor":16},{"not_picked":["hermit:Ricochet+1","hermit:ItchyTrigger","hermit:Malice"],"picked":"SKIP","floor":18},{"not_picked":["hermit:ItchyTrigger+1","hermit:Desperado","hermit:SprayPray"],"picked":"SKIP","floor":20},{"not_picked":["hermit:ItchyTrigger","hermit:Ricochet"],"picked":"hermit:Showdown","floor":21},{"not_picked":["hermit:CalledShot","hermit:ItchyTrigger","hermit:Desperado"],"picked":"SKIP","floor":24},{"not_picked":["hermit:Vantage","hermit:Manifest","hermit:GhostlyPresence"],"picked":"SKIP","floor":27},{"not_picked":["hermit:Quickdraw","hermit:Roulette","hermit:Gestalt"],"picked":"SKIP","floor":29},{"not_picked":["hermit:Purgatory","hermit:Adapt"],"picked":"hermit:RoundhouseKick","floor":33},{"not_picked":["hermit:BodyArmor+1","hermit:HoleUp"],"picked":"hermit:PistolWhip+1","floor":35},{"not_picked":["hermit:Malice+1","hermit:ShadowCloak+1"],"picked":"hermit:HighCaliber+1","floor":38},{"not_picked":["hermit:Glare","hermit:ShadowCloak+1"],"picked":"hermit:HighCaliber+1","floor":40},{"not_picked":["hermit:EyeOfTheStorm","hermit:Roughhouse","hermit:HoleUp"],"picked":"SKIP","floor":42},{"not_picked":["hermit:Misfire+1","hermit:LowProfile+1","hermit:Shortfuse+1"],"picked":"SKIP","floor":44},{"not_picked":["hermit:SprayPray","hermit:Midnight+1"],"picked":"hermit:PistolWhip+1","floor":45},{"not_picked":["hermit:Misfire+1","hermit:Gestalt","hermit:BigShot+1"],"picked":"SKIP","floor":46},{"not_picked":["hermit:LowProfile+1","hermit:ItchyTrigger+1","hermit:Deadeye+1"],"picked":"SKIP","floor":48}],"player_experience":408178,"relics_obtained":[{"floor":7,"key":"Centennial Puzzle"},{"floor":9,"key":"hermit:RyeStalk"},{"floor":12,"key":"MealTicket"},{"floor":24,"key":"War Paint"},{"floor":26,"key":"Pocketwatch"},{"floor":27,"key":"PreservedInsect"},{"floor":38,"key":"Du-Vu Doll"},{"floor":39,"key":"Girya"},{"floor":40,"key":"Pen Nib"},{"floor":42,"key":"Gremlin Horn"},{"floor":43,"key":"MawBank"},{"floor":45,"key":"Boot"}],"event_choices":[{"damage_healed":0,"gold_gain":75,"player_choice":"Gather Gold","damage_taken":11,"max_hp_gain":0,"max_hp_loss":0,"event_name":"World of Goop","floor":2,"gold_loss":0},{"damage_healed":0,"gold_gain":0,"player_choice":"Take Damage","damage_taken":18,"relics_obtained":["Golden Idol"],"max_hp_gain":0,"max_hp_loss":0,"event_name":"Golden Idol","floor":3,"gold_loss":0},{"damage_healed":0,"gold_gain":0,"player_choice":"Upgraded","damage_taken":0,"max_hp_gain":0,"max_hp_loss":0,"event_name":"Upgrade Shrine","floor":4,"gold_loss":0,"cards_upgraded":["hermit:NoHoldsBarred"]},{"cards_removed":["hermit:Strike_Hermit"],"damage_healed":0,"gold_gain":0,"player_choice":"Card Removal","damage_taken":0,"max_hp_gain":0,"max_hp_loss":0,"event_name":"The Cleric","floor":11,"gold_loss":50},{"damage_healed":0,"gold_gain":0,"player_choice":"Obtain J.A.X.","damage_taken":0,"max_hp_gain":0,"max_hp_loss":0,"event_name":"Drug Dealer","floor":22,"gold_loss":0,"cards_obtained":["J.A.X."]},{"damage_healed":0,"gold_gain":0,"player_choice":"Bought 3 Potions","damage_taken":0,"max_hp_gain":0,"max_hp_loss":0,"event_name":"The Woman in Blue","floor":28,"gold_loss":0},{"damage_healed":0,"gold_gain":0,"player_choice":"Opened","damage_taken":0,"relics_obtained":["InkBottle"],"max_hp_gain":0,"max_hp_loss":0,"event_name":"The Mausoleum","floor":31,"gold_loss":0,"cards_obtained":["Writhe"]},{"damage_healed":0,"gold_gain":0,"player_choice":"1 cards matched","damage_taken":0,"max_hp_gain":0,"max_hp_loss":0,"event_name":"Match and Keep!","floor":36,"gold_loss":0,"cards_obtained":["Deep Breath"]},{"damage_healed":0,"gold_gain":0,"player_choice":"Fight","damage_taken":0,"max_hp_gain":0,"max_hp_loss":0,"event_name":"MindBloom","floor":38,"gold_loss":0},{"damage_healed":0,"gold_gain":0,"player_choice":"Fight","damage_taken":0,"max_hp_gain":0,"max_hp_loss":0,"event_name":"Mysterious Sphere","floor":39,"gold_loss":0},{"damage_healed":0,"gold_gain":0,"player_choice":"Paid","damage_taken":0,"relics_obtained":["Red Mask"],"max_hp_gain":0,"max_hp_loss":0,"event_name":"Tomb of Lord Red Mask","floor":47,"gold_loss":50}],"is_beta":false,"boss_relics":[{"not_picked":["hermit:ClaspedLocket","Pandora\u0027s Box"],"picked":"Ectoplasm"},{"not_picked":["hermit:BartenderGlass","Runic Pyramid"],"picked":"Philosopher\u0027s Stone"}],"items_purged_floors":[19],"is_endless":false,"potions_floor_spawned":[1,5,12,14,16,18,21,29,33,39,40,44,45],"killed_by":"Time Eater","ascension_level":3}}