{"host":"w4b7hmige5bnqipq","time":1610005400,"event":{"mods":["2.2 Compatiblity","BaseMod","Colored Map","DeckTracker","Keyboard Shortcuts","Minty Spire (QoL Compilation)","Permanent Neow","Rare Cards Sparkle","SuperFastMode","everything is the same but u backflip on backflip","slay the spire mod where everything is the same but ironclad has a cowboy hat"],"gold_per_floor":[366,103,138,138,193,193,223,223,295,335,335,335],"floor_reached":11,"playtime":209,"items_purged":["Strike_G"],"score":146,"play_id":"31f134ec-7907-4fba-96fb-d93c7284328c","local_time":"20210107164320","is_ascension_mode":true,"campfire_choices":[{"data":"HandOfGreed","floor":6.0,"key":"SMITH"},{"data":"Neutralize","floor":8.0,"key":"SMITH"}],"circlet_count":0,"master_deck":["AscendersBane","Strike_G","Strike_G","Strike_G","Defend_G","Defend_G","Defend_G","Defend_G","Defend_G","Survivor","Neutralize+1","Dagger Throw","HandOfGreed+1","Reflex","Crippling Poison"],"relics":["Ring of the Snake","Blood Vial","The Courier"],"acts_visited":["Exordium"],"potions_floor_usage":[],"damage_taken":[{"damage":2.0,"enemies":"Small Slimes","floor":1.0,"turns":4.0},{"damage":0.0,"enemies":"Cultist","floor":3.0,"turns":4.0},{"damage":0.0,"enemies":"2 Louse","floor":5.0,"turns":4.0},{"damage":29.0,"enemies":"Lagavulin","floor":7.0,"turns":8.0},{"damage":0.0,"enemies":"Blue Slaver","floor":10.0,"turns":3.0},{"damage":18,"enemies":"Gremlin Nob","floor":11,"turns":3}],"seed_played":"11773529075758592","potions_obtained":[{"floor":3.0,"key":"Ancient Potion"},{"floor":5.0,"key":"Swift Potion"}],"is_trial":false,"path_per_floor":["M","$","M","?","M","R","E","R","T","M","E"],"character_chosen":"THE_SILENT","items_purchased":["HandOfGreed"],"campfire_rested":0,"item_purchase_floors":[2],"current_hp_per_floor":[42,42,42,42,42,42,13,13,13,15,0,0],"gold":335,"neow_bonus":"TWO_FIFTY_GOLD","is_daily":false,"chose_seed":false,"campfire_upgraded":2,"win_rate":0.0,"timestamp":1610005400,"path_taken":["M","$","M","?","M","R","E","R","T","?","E"],"items_purchased_type":["Card"],"build_version":"2020-12-22","purchased_purges":1,"victory":false,"max_hp_per_floor":[66,66,66,66,66,66,66,66,66,66,66,66],"card_choices":[{"not_picked":["Cloak And Dagger","Masterful Stab"],"picked":"Dagger Throw","floor":1.0},{"not_picked":["Dodge and Roll","Endless Agony","Caltrops"],"picked":"SKIP","floor":3.0},{"not_picked":["Dash","Dagger Spray"],"picked":"Reflex","floor":5.0},{"not_picked":["Sucker Punch","Setup","Deadly Poison"],"picked":"SKIP","floor":7.0},{"not_picked":["Cloak And Dagger","Heel Hook"],"picked":"Crippling Poison","floor":10.0}],"player_experience":475812,"relics_obtained":[{"floor":7.0,"key":"Blood Vial"},{"floor":9.0,"key":"The Courier"}],"event_choices":[{"cards_removed":["Strike_G"],"damage_healed":0.0,"max_hp_gain":0.0,"max_hp_loss":0.0,"gold_gain":0.0,"event_name":"Purifier","player_choice":"Purged","floor":4.0,"gold_loss":0.0,"damage_taken":0.0}],"is_beta":false,"boss_relics":[],"items_purged_floors":[2],"is_endless":false,"potions_floor_spawned":[3,5],"killed_by":"Gremlin Nob","ascension_level":20}}