{"host":"d8hh7rr4yzitjeuj","time":1610025273,"event":{"mods":["2.2 Compatiblity","AchievementEnabler","Act Like it!","BaseMod","Colored Map","Colored Powertips","Highlight Path","Keyboard Shortcuts","Minty Spire (QoL Compilation)","Permanent Neow","Quick Restart","StSLib","SuperFastMode"],"gold_per_floor":[116,126,145,158,176,207,207,224,224,240,240,240,274,289,289,383,383,401,401,401,401],"floor_reached":20,"playtime":551,"items_purged":[],"score":376,"play_id":"c07e406b-ce52-4839-90e5-ef32d9671af5","local_time":"20210107221433","is_ascension_mode":true,"campfire_choices":[{"floor":7.0,"key":"REST"},{"floor":12,"key":"REST"},{"floor":15,"key":"REST"}],"circlet_count":0,"master_deck":["AscendersBane","Strike_R","Strike_R","Strike_R","Strike_R","Strike_R","Defend_R","Defend_R","Defend_R","Defend_R","Bash","Evolve","Uppercut","Body Slam","Cleave","Shrug It Off","Feed","Entrench","Intimidate","Seeing Red","Corruption"],"relics":["Runic Dome","Gremlin Horn","Ice Cream","Golden Idol","Ornamental Fan","Coffee Dripper","Enchiridion"],"acts_visited":["Exordium","TheCity"],"potions_floor_usage":[13,16,16],"damage_taken":[{"damage":1.0,"enemies":"Cultist","floor":1.0,"turns":3.0},{"damage":10.0,"enemies":"Small Slimes","floor":2.0,"turns":4.0},{"damage":2.0,"enemies":"Jaw Worm","floor":3.0,"turns":4.0},{"damage":8.0,"enemies":"Blue Slaver","floor":4.0,"turns":3.0},{"damage":0.0,"enemies":"Large Slime","floor":5.0,"turns":4.0},{"damage":40.0,"enemies":"Lagavulin","floor":6.0,"turns":6.0},{"damage":11,"enemies":"Exordium Wildlife","floor":8,"turns":3},{"damage":9,"enemies":"Blue Slaver","floor":10,"turns":3},{"damage":20,"enemies":"3 Sentries","floor":13,"turns":7},{"damage":9,"enemies":"Large Slime","floor":14,"turns":6},{"damage":33,"enemies":"Slime Boss","floor":16,"turns":11},{"damage":13,"enemies":"2 Thieves","floor":18,"turns":4},{"damage":46,"enemies":"Masked Bandits","floor":20,"turns":3}],"seed_played":"-5306131618278950816","potions_obtained":[{"floor":1.0,"key":"Swift Potion"},{"floor":10,"key":"Dexterity Potion"},{"floor":13,"key":"LiquidMemories"}],"is_trial":false,"path_per_floor":["M","M","M","M","M","E","R","M","T","M","?","R","E","M","R","B",null,"M","?","?"],"character_chosen":"IRONCLAD","items_purchased":[],"campfire_rested":3,"item_purchase_floors":[],"current_hp_per_floor":[67,57,55,47,47,7,29,21,21,15,15,36,19,13,36,6,63,53,32,0,0],"gold":401,"neow_bonus":"BOSS_RELIC","is_daily":false,"chose_seed":false,"campfire_upgraded":0,"win_rate":0.0,"timestamp":1610025273,"path_taken":["M","M","?","M","M","E","R","M","T","M","?","R","E","M","R","BOSS","M","?","?"],"items_purchased_type":[],"build_version":"2020-12-22","purchased_purges":0,"victory":false,"max_hp_per_floor":[75,75,75,75,75,75,75,78,78,81,73,73,76,79,79,82,82,85,85,85,85],"card_choices":[{"not_picked":["Perfected Strike","Heavy Blade"],"picked":"Evolve","floor":1.0},{"not_picked":["Feel No Pain","Twin Strike"],"picked":"Uppercut","floor":2.0},{"not_picked":["Havoc","Clash"],"picked":"Body Slam","floor":3.0},{"not_picked":["Burning Pact","Evolve"],"picked":"Cleave","floor":4.0},{"not_picked":["Armaments","Havoc"],"picked":"Shrug It Off","floor":5.0},{"not_picked":["Pommel Strike","Body Slam"],"picked":"Feed","floor":6.0},{"not_picked":["Ghostly Armor","Flex"],"picked":"Entrench","floor":8},{"not_picked":["Sword Boomerang","Pommel Strike"],"picked":"Intimidate","floor":10},{"not_picked":["Iron Wave","True Grit"],"picked":"Seeing Red","floor":13},{"not_picked":["Pommel Strike","True Grit","Rampage"],"picked":"SKIP","floor":14},{"not_picked":["Immolate","Exhume"],"picked":"Corruption","floor":16},{"not_picked":["Dual Wield","Pummel","Headbutt"],"picked":"SKIP","floor":18}],"player_experience":1425859,"relics_obtained":[{"floor":6.0,"key":"Gremlin Horn"},{"floor":9,"key":"Ice Cream"},{"floor":13,"key":"Ornamental Fan"},{"floor":19,"key":"Enchiridion"}],"event_choices":[{"damage_healed":0,"gold_gain":0,"player_choice":"Lose Max HP","damage_taken":0,"relics_obtained":["Golden Idol"],"max_hp_gain":0,"max_hp_loss":8,"event_name":"Golden Idol","floor":11,"gold_loss":0},{"damage_healed":0,"gold_gain":0,"player_choice":"Obtained Book","damage_taken":21,"max_hp_gain":0,"max_hp_loss":0,"event_name":"Cursed Tome","floor":19,"gold_loss":0},{"damage_healed":0,"gold_gain":0,"player_choice":"Fought Bandits","damage_taken":0,"max_hp_gain":0,"max_hp_loss":0,"event_name":"Masked Bandits","floor":20,"gold_loss":0}],"is_beta":false,"boss_relics":[{"not_picked":["SacredBark","Fusion Hammer"],"picked":"Coffee Dripper"}],"items_purged_floors":[],"is_endless":false,"potions_floor_spawned":[1,10,13,14],"killed_by":"Masked Bandits","ascension_level":20}}