{"host":"Ian","time":1610012864,"event":{"mods":["BaseMod","Bestiary","Block Reminder","Colored Map","Highlight Path","Key Reminder","Minty Spire (QoL Compilation)","Relic Stats"],"gold_per_floor":[212,212,42,52,17,17,17,34,58,89,89,89,45,78,78,151,151,169,94,111,5,5,5,40,40,64,64,64,64,78,95,95,169,169,183,198,198,7,17,49,49,64,110,110,140,140,174,187,187,187,187,187],"floor_reached":51,"playtime":3171,"items_purged":["Strike_R"],"score":1672,"play_id":"a5f64be9-eea0-4f0f-863a-6b0d6f5217b3","local_time":"20210107094744","is_ascension_mode":true,"campfire_choices":[{"data":"Bash","floor":6.0,"key":"SMITH"},{"floor":12.0,"key":"REST"},{"floor":15.0,"key":"REST"},{"floor":23.0,"key":"REST"},{"data":"Corruption","floor":25.0,"key":"SMITH"},{"floor":32.0,"key":"REST"},{"floor":41.0,"key":"REST"},{"floor":46.0,"key":"RECALL"},{"floor":49.0,"key":"REST"}],"circlet_count":0,"master_deck":["AscendersBane","Defend_R","Defend_R","Defend_R","Defend_R","Bash+1","Rampage+1","Metallicize","Battle Trance","True Grit+1","Uppercut","Corruption+1","Pommel Strike+1","Offering","Rage+1","Evolve+1","Fiend Fire+1","Body Slam+1","Headbutt+1","Feel No Pain","Shockwave","Power Through","Shrug It Off","Shrug It Off","Pommel Strike+1","Apotheosis","Entrench","Parasite","Dark Shackles","Disarm","Dark Embrace","Shrug It Off","Body Slam+1"],"relics":["Burning Blood","Boot","Dream Catcher","Potion Belt","Dead Branch","Astrolabe","PreservedInsect","Oddly Smooth Stone","Cursed Key","Whetstone","Letter Opener","Vajra"],"acts_visited":["Exordium","TheCity","TheBeyond"],"potions_floor_usage":[],"damage_taken":[{"damage":9.0,"enemies":"Jaw Worm","floor":1.0,"turns":5.0},{"damage":10.0,"enemies":"Small Slimes","floor":4.0,"turns":6.0},{"damage":12.0,"enemies":"2 Louse","floor":8.0,"turns":4.0},{"damage":23.0,"enemies":"3 Sentries","floor":10.0,"turns":9.0},{"damage":32.0,"enemies":"Gremlin Nob","floor":14.0,"turns":4.0},{"damage":19.0,"enemies":"Hexaghost","floor":16.0,"turns":7.0},{"damage":26.0,"enemies":"2 Thieves","floor":18.0,"turns":4.0},{"damage":27.0,"enemies":"Shell Parasite","floor":20.0,"turns":4.0},{"damage":31.0,"enemies":"Book of Stabbing","floor":24.0,"turns":4.0},{"damage":0.0,"enemies":"3 Cultists","floor":28.0,"turns":2.0},{"damage":3.0,"enemies":"Colosseum Slavers","floor":29.0,"turns":4.0},{"damage":6.0,"enemies":"Sentry and Sphere","floor":30.0,"turns":4.0},{"damage":3.0,"enemies":"Snecko","floor":31.0,"turns":6.0},{"damage":11.0,"enemies":"Champ","floor":33.0,"turns":11.0},{"damage":15.0,"enemies":"3 Darklings","floor":35.0,"turns":5.0},{"damage":6.0,"enemies":"Orb Walker","floor":36.0,"turns":1.0},{"damage":9.0,"enemies":"3 Darklings","floor":39.0,"turns":6.0},{"damage":9.0,"enemies":"Reptomancer","floor":40.0,"turns":3.0},{"damage":12.0,"enemies":"4 Shapes","floor":42.0,"turns":7.0},{"damage":0.0,"enemies":"Nemesis","floor":45.0,"turns":5.0},{"damage":25.0,"enemies":"Reptomancer","floor":47.0,"turns":5.0},{"damage":0.0,"enemies":"Spire Growth","floor":48.0,"turns":4.0},{"damage":6.0,"enemies":"Donu and Deca","floor":50.0,"turns":5.0},{"damage":112,"enemies":"Awakened One","floor":51,"turns":6}],"seed_played":"-5489577694759459587","potions_obtained":[{"floor":4.0,"key":"CultistPotion"},{"floor":10.0,"key":"Swift Potion"},{"floor":24.0,"key":"SmokeBomb"},{"floor":31.0,"key":"Strength Potion"},{"floor":35.0,"key":"FearPotion"},{"floor":42.0,"key":"SpeedPotion"},{"floor":45.0,"key":"SteroidPotion"},{"floor":48.0,"key":"PowerPotion"}],"is_trial":false,"path_per_floor":["M","?","$","M","?","R","?","M","T","E","?","R","$","E","R","B",null,"M","?","M","$","?","R","E","R","T","?","M","?","M","M","R","B",null,"M","M","?","$","M","E","R","M","T","?","E","R","E","M","R","B","B"],"character_chosen":"IRONCLAD","items_purchased":["Metallicize","Fire Potion","Uppercut","EntropicBrew","Apotheosis"],"campfire_rested":6,"item_purchase_floors":[3,3,13,21,38],"current_hp_per_floor":[65,54,54,50,68,68,45,39,39,22,22,44,44,18,40,27,63,43,43,22,22,22,44,19,19,19,15,21,24,24,27,49,44,67,58,58,58,58,55,52,71,65,65,65,71,71,52,58,71,71,0,0],"gold":187,"neow_bonus":"HUNDRED_GOLD","is_daily":false,"chose_seed":false,"campfire_upgraded":2,"win_rate":0.0,"timestamp":1610012864,"path_taken":["M","?","$","M","?","R","?","M","T","E","?","R","?","E","R","BOSS","M","?","M","$","?","R","E","R","T","?","?","?","M","M","R","BOSS","M","M","?","$","M","E","R","M","T","?","E","R","E","M","R","BOSS","BOSS"],"items_purchased_type":["Card","Potion","Card","Potion","Card"],"build_version":"2020-12-18","purchased_purges":1,"victory":false,"max_hp_per_floor":[75,75,75,75,75,75,75,75,75,75,75,75,75,75,75,75,75,75,75,75,75,75,75,75,75,75,75,75,75,75,75,75,75,75,75,75,71,71,71,71,71,71,71,71,71,71,71,71,71,71,71,71],"relic_stats":{"Dream Catcher":6,"counters":[24,121],"Dead Branch":[315],"Astrolabe":["Rage","Evolve","Fiend Fire"],"PreservedInsect":174,"Whetstone":["Pommel Strike","Headbutt"],"Letter Opener":[138],"Boot":[27],"Cursed Key":1,"obtain_stats":[{"Potion Belt":10,"Dead Branch":14,"Astrolabe":17,"Oddly Smooth Stone":26,"Vajra":47,"PreservedInsect":24,"Whetstone":40,"Letter Opener":45,"Boot":2,"Cursed Key":34,"Burning Blood":0,"keyreminder:keyreminder":43,"Dream Catcher":9},{"Potion Belt":4,"Dead Branch":5,"Astrolabe":6,"Oddly Smooth Stone":9,"Vajra":21,"PreservedInsect":9,"Whetstone":18,"Letter Opener":20,"Boot":1,"Cursed Key":14,"Burning Blood":0,"keyreminder:keyreminder":19,"Dream Catcher":3},{"Potion Belt":24,"Dead Branch":28,"Astrolabe":35,"Oddly Smooth Stone":47,"Vajra":106,"PreservedInsect":47,"Whetstone":89,"Letter Opener":101,"Boot":5,"Cursed Key":74,"Burning Blood":0,"keyreminder:keyreminder":96,"Dream Catcher":15}],"Burning Blood":138},"card_choices":[{"not_picked":["Havoc","Thunderclap"],"picked":"Rampage","floor":1.0},{"not_picked":["Heavy Blade","Power Through","Perfected Strike"],"picked":"SKIP","floor":4.0},{"not_picked":["Anger","Thunderclap"],"picked":"Battle Trance","floor":8.0},{"not_picked":["Thunderclap","Armaments"],"picked":"True Grit","floor":10.0},{"not_picked":["Sword Boomerang","Ghostly Armor"],"picked":"Corruption","floor":14.0},{"not_picked":["Combust","Armaments"],"picked":"Pommel Strike","floor":15.0},{"not_picked":["Juggernaut","Limit Break"],"picked":"Offering","floor":16.0},{"not_picked":["Wild Strike+1","Iron Wave"],"picked":"Body Slam+1","floor":18.0},{"not_picked":["Fire Breathing","Clothesline"],"picked":"Headbutt","floor":20.0},{"not_picked":["Intimidate","Perfected Strike","Pommel Strike"],"picked":"SKIP","floor":24.0},{"not_picked":["Carnage","Havoc"],"picked":"Shockwave","floor":30.0},{"not_picked":["Evolve","Flex"],"picked":"Power Through","floor":31.0},{"not_picked":["Uppercut","Pummel+1"],"picked":"Shrug It Off","floor":32.0},{"not_picked":["Iron Wave+1","Pummel"],"picked":"Shrug It Off","floor":35.0},{"not_picked":["Havoc+1","True Grit"],"picked":"Pommel Strike+1","floor":36.0},{"not_picked":["Headbutt+1","Heavy Blade+1","Iron Wave+1"],"picked":"SKIP","floor":39.0},{"not_picked":["Pommel Strike","Rampage"],"picked":"Entrench","floor":40.0},{"not_picked":["Thunderclap+1","Blood for Blood+1","Wild Strike"],"picked":"SKIP","floor":42.0},{"not_picked":["Enlightenment","Secret Technique"],"picked":"Dark Shackles","floor":44.0},{"not_picked":["Blood for Blood","Power Through"],"picked":"Disarm","floor":45.0},{"not_picked":["Burning Pact+1","Clash"],"picked":"Dark Embrace","floor":47.0},{"not_picked":["Armaments+1","Rampage"],"picked":"Shrug It Off","floor":48.0},{"not_picked":["Rage+1","Flex"],"picked":"Body Slam+1","floor":49.0}],"player_experience":2640037,"relics_obtained":[{"floor":9.0,"key":"Dream Catcher"},{"floor":10.0,"key":"Potion Belt"},{"floor":14.0,"key":"Dead Branch"},{"floor":24.0,"key":"PreservedInsect"},{"floor":26.0,"key":"Oddly Smooth Stone"},{"floor":40.0,"key":"Whetstone"},{"floor":45.0,"key":"Letter Opener"},{"floor":47.0,"key":"Vajra"}],"event_choices":[{"damage_healed":0.0,"max_hp_gain":0.0,"max_hp_loss":0.0,"gold_gain":0.0,"event_name":"Scrap Ooze","player_choice":"Success","floor":2.0,"gold_loss":0.0,"damage_taken":11.0,"relics_obtained":["Boot"]},{"damage_healed":18.0,"max_hp_gain":0.0,"max_hp_loss":0.0,"gold_gain":0.0,"event_name":"The Cleric","player_choice":"Healed","floor":5.0,"gold_loss":35.0,"damage_taken":0.0},{"damage_healed":0.0,"max_hp_gain":0.0,"max_hp_loss":0.0,"gold_gain":0.0,"event_name":"Shining Light","player_choice":"Entered Light","floor":7.0,"gold_loss":0.0,"damage_taken":23.0,"cards_upgraded":["Rampage","Strike_R"]},{"damage_healed":0.0,"max_hp_gain":0.0,"max_hp_loss":0.0,"gold_gain":0.0,"event_name":"Living Wall","player_choice":"Grow","floor":11.0,"gold_loss":0.0,"damage_taken":0.0,"cards_upgraded":["True Grit"]},{"cards_removed":["Strike_R"],"damage_healed":0.0,"max_hp_gain":0.0,"max_hp_loss":0.0,"gold_gain":0.0,"event_name":"Beggar","player_choice":"Gave Gold","floor":19.0,"gold_loss":75.0,"damage_taken":0.0},{"damage_healed":0.0,"max_hp_gain":0.0,"max_hp_loss":0.0,"gold_gain":0.0,"event_name":"The Library","player_choice":"Read","floor":22.0,"gold_loss":0.0,"damage_taken":0.0,"cards_obtained":["Feel No Pain"]},{"damage_healed":0.0,"max_hp_gain":0.0,"max_hp_loss":0.0,"gold_gain":0.0,"event_name":"The Woman in Blue","player_choice":"Bought 0 Potions","floor":27.0,"gold_loss":0.0,"damage_taken":0.0},{"damage_healed":0.0,"max_hp_gain":0.0,"max_hp_loss":0.0,"gold_gain":0.0,"event_name":"Colosseum","player_choice":"Fight","floor":29.0,"gold_loss":0.0,"damage_taken":0.0},{"damage_healed":0.0,"max_hp_gain":0.0,"max_hp_loss":0.0,"gold_gain":0.0,"event_name":"Colosseum","player_choice":"Fled From Nobs","floor":29.0,"gold_loss":0.0,"damage_taken":0.0},{"damage_healed":0.0,"max_hp_gain":0.0,"max_hp_loss":4.0,"gold_gain":0.0,"event_name":"Winding Halls","player_choice":"Max HP","floor":37.0,"gold_loss":0.0,"damage_taken":0.0},{"damage_healed":0.0,"max_hp_gain":0.0,"max_hp_loss":0.0,"gold_gain":0.0,"event_name":"SensoryStone","player_choice":"Memory 1","floor":44.0,"gold_loss":0.0,"damage_taken":0.0}],"is_beta":true,"boss_relics":[{"not_picked":["SacredBark","Tiny House"],"picked":"Astrolabe"},{"not_picked":["Philosopher\u0027s Stone","Coffee Dripper"],"picked":"Cursed Key"}],"items_purged_floors":[3],"is_endless":false,"potions_floor_spawned":[4,8,10,24,29,31,35,42,45,48],"killed_by":"Awakened One","ascension_level":20}}