{"host":"wonp23fsqqcu31ie","time":1610020402,"event":{"mods":["2.2 Compatiblity","AchievementEnabler","Aspiration","BaseMod","Bestiary","Better Altar","Better Match","Better Sensory Stone","Better Skull","Better Third Choice","BetterRewards","Block Reminder","Colored Map","Colored Powertips","Conspire","Curses Come First","DeckTracker","Displayed Cursed Tome","Downfall","Evolution","Hermit","Highlight Path","Hubris","Marisa????????","Minty Spire (QoL Compilation)","Permanent Neow","Prisma Mod","Quick Restart","Rare Cards Sparkle","Relic Stats","Replay The Spire","Robot Space Explorer","Shade Mod","Shop Mod","StSLib","SuperFastMode","The Animator","The Bug Knight","The Construct","The Cursed","The Dragon Tamer","The Gatherer","The Marked","The Necromancer","The Runesmith","The Servant 0.9.4"],"gold_per_floor":[115,115,115,17,36,69,82,116,116,116,116],"floor_reached":10,"playtime":393,"items_purged":[],"score":87,"play_id":"6ebb26b1-327e-4141-9dcd-5832a979b881","local_time":"20210107225322","is_ascension_mode":true,"campfire_choices":[],"circlet_count":0,"master_deck":["Strike_G","Strike_G","Strike_G+1","Strike_G","Strike_G+1","Defend_G","Defend_G","Defend_G","Defend_G","Defend_G","Survivor","Neutralize","Bane","Quick Slash+1","Footwork","Bane+1","Poisoned Stab+1","Backstab+1","Crippling Poison","Replay:Bag of Tricks"],"relics":["Ring of the Snake","EVO:Axolotl","aspiration:Nostalgia","hexamod:SpiritBrand","aspiration:BabyByrd","Molten Egg 2","Prayer Wheel","construct:RocketBooster","Whetstone"],"acts_visited":["Exordium"],"potions_floor_usage":[],"damage_taken":[{"damage":1,"enemies":"Jaw Worm","floor":1,"turns":4},{"damage":2,"enemies":"conspire:RoseBush","floor":5,"turns":3},{"damage":19,"enemies":"Gremlin Nob","floor":6,"turns":4},{"damage":6,"enemies":"2 Louse","floor":7,"turns":3},{"damage":22,"enemies":"3 Sentries","floor":8,"turns":7},{"damage":28,"enemies":"Lagavulin","floor":10,"turns":3}],"seed_played":"-6467699800214221592","potions_obtained":[{"floor":1,"key":"LiquidBronze"}],"is_trial":false,"path_per_floor":["M","?","T","$","M","E","M","E","T","E"],"character_chosen":"THE_SILENT","items_purchased":["Quick Slash+1","Footwork"],"campfire_rested":0,"item_purchase_floors":[4,4],"current_hp_per_floor":[69,69,69,69,67,48,42,20,20,0,0],"gold":116,"neow_bonus":"NOSTALGIA","is_daily":false,"chose_seed":false,"campfire_upgraded":0,"win_rate":0.0,"timestamp":1610020402,"path_taken":["M","?","?","$","?","E","M","E","T","E"],"items_purchased_type":["Card","Card"],"build_version":"2020-12-22","purchased_purges":0,"victory":false,"max_hp_per_floor":[70,70,70,70,70,70,70,70,70,70,70],"relic_stats":{"counters":[20,87],"Prayer Wheel":1,"Whetstone":["Strike_G","Strike_G"],"obtain_stats":[{"MerchantsRug":10,"Replay:M_StaffOfTheSnake":0,"construct:RocketBooster":8,"aspiration:Nostalgia":0,"Replay:Grab Bag":17,"Ring of Chaos":17,"Juzu Bracelet":9,"Whetstone":9,"Old Coin":17,"Replay:Baseball":24,"Anchor":26,"hubris:Backtick":17,"aspiration:BabyByrd":2,"Replay:Bronze Core":17,"Tiny Chest":7,"Molten Egg 2":3,"Prayer Wheel":6,"Runesmith:AutoHammer":19,"aspiration:HatOfInfinitePower":21,"Abe\u0027s Treasure":17,"hexamod:SpiritBrand":0,"Ring of the Snake":0},{"MerchantsRug":6,"Replay:M_StaffOfTheSnake":0,"construct:RocketBooster":19,"aspiration:Nostalgia":0,"Replay:Grab Bag":7,"Ring of Chaos":7,"Juzu Bracelet":6,"Whetstone":19,"Old Coin":7,"Replay:Baseball":9,"Anchor":10,"hubris:Backtick":7,"aspiration:BabyByrd":15,"Replay:Bronze Core":7,"Tiny Chest":5,"Molten Egg 2":15,"Prayer Wheel":17,"Runesmith:AutoHammer":8,"aspiration:HatOfInfinitePower":8,"Abe\u0027s Treasure":7,"hexamod:SpiritBrand":14,"Ring of the Snake":0},{"MerchantsRug":23,"Replay:M_StaffOfTheSnake":0,"construct:RocketBooster":84,"aspiration:Nostalgia":0,"Replay:Grab Bag":34,"Ring of Chaos":34,"Juzu Bracelet":23,"Whetstone":84,"Old Coin":34,"Replay:Baseball":46,"Anchor":50,"hubris:Backtick":34,"aspiration:BabyByrd":67,"Replay:Bronze Core":34,"Tiny Chest":19,"Molten Egg 2":67,"Prayer Wheel":74,"Runesmith:AutoHammer":38,"aspiration:HatOfInfinitePower":38,"Abe\u0027s Treasure":34,"hexamod:SpiritBrand":63,"Ring of the Snake":0}],"Ring of the Snake":[40]},"card_choices":[{"not_picked":["Fluid Movement","hubris:SlightOfHand"],"picked":"Bane","floor":1},{"not_picked":["Quick Slash+1","Dagger Throw+1"],"picked":"Bane+1","floor":5},{"not_picked":["Dagger Spray+1","Sucker Punch+1"],"picked":"Poisoned Stab+1","floor":6},{"not_picked":["Endless Agony+1","Acrobatics"],"picked":"Backstab+1","floor":7},{"not_picked":["Dodge and Roll","ReplayTheSpireMod:The Works"],"picked":"Crippling Poison","floor":7},{"not_picked":["Slice+1","Dodge and Roll"],"picked":"Replay:Bag of Tricks","floor":8}],"player_experience":481492,"relics_obtained":[{"floor":3,"key":"Molten Egg 2"},{"floor":6,"key":"Prayer Wheel"},{"floor":8,"key":"construct:RocketBooster"},{"floor":9,"key":"Whetstone"}],"event_choices":[],"is_beta":false,"boss_relics":[],"items_purged_floors":[],"is_endless":false,"potions_floor_spawned":[1],"killed_by":"Lagavulin","ascension_level":3}}