{"host":"ugtsb9tf4jnucn15","time":1610020444,"event":{"mods":["BaseMod","Hermit","Hubris","Infinite Spire","Minty Spire (QoL Compilation)","StSLib","The Bug Knight"],"gold_per_floor":[118,132,148,148,148,148,168,168,192,226,250,233,233,233,233,358,358,372,385,484,484,503,503,516,516,567,267,267,267],"floor_reached":28,"playtime":3177,"items_purged":[],"score":220,"play_id":"566650e5-cd6b-4e81-ac9a-2441b50b277e","local_time":"20210107125404","is_ascension_mode":false,"campfire_choices":[{"data":"infinitespire:NeuralNetwork","floor":6,"key":"SMITH"},{"floor":13,"key":"REST"},{"data":"HollowMod:SlysStrikes","floor":15,"key":"SMITH"},{"floor":23,"key":"REST"},{"data":"HollowMod:CrystalDash","floor":25,"key":"SMITH"}],"circlet_count":0,"master_deck":["HollowMod:NailStrikeStart","HollowMod:NailStrikeStart","HollowMod:NailStrikeStart","HollowMod:NailStrikeStart","HollowMod:QuickDashStart+1","HollowMod:QuickDashStart","HollowMod:QuickDashStart","HollowMod:QuickDashStart","HollowMod:FocusHealStart","HollowMod:PogoStrike","HollowMod:SiblingsSouls","HollowMod:DoubleDash","HollowMod:TaintedHusks+1","infinitespire:NeuralNetwork+1","Injury","HollowMod:TaintedHusks","HollowMod:SlysStrikes+1","HollowMod:HuntersJournal","HollowMod:HornetsHelp","HollowMod:DoubleDash+1","HollowMod:DoubleDash","HollowMod:SoulShaman","HollowMod:CrystalDash+1","HollowMod:NewLastStag"],"relics":["HollowMod:VesselMask","infinitespire:PuzzleCube","Golden Idol","Potion Belt","hubris:MedicalManual","War Paint"],"acts_visited":["Exordium","TheCity"],"potions_floor_usage":[10,10,12,28],"damage_taken":[{"damage":0,"enemies":"Small Slimes","floor":1,"turns":4},{"damage":1,"enemies":"Jaw Worm","floor":2,"turns":4},{"damage":0,"enemies":"2 Louse","floor":3,"turns":3},{"damage":11,"enemies":"2 Fungi Beasts","floor":7,"turns":4},{"damage":11,"enemies":"3 Sentries","floor":10,"turns":9},{"damage":5,"enemies":"Blue Slaver","floor":11,"turns":8},{"damage":9,"enemies":"Exordium Thugs","floor":12,"turns":7},{"damage":35,"enemies":"The Guardian","floor":16,"turns":14},{"damage":18,"enemies":"Shell Parasite","floor":18,"turns":10},{"damage":21,"enemies":"HollowMod:HuskSentry","floor":19,"turns":11},{"damage":4,"enemies":"Snecko","floor":22,"turns":7},{"damage":10,"enemies":"Centurion and Healer","floor":24,"turns":8},{"damage":61,"enemies":"3 Cultists","floor":28,"turns":5}],"seed_played":"-6645355013710005506","potions_obtained":[{"floor":2,"key":"Swift Potion"},{"floor":3,"key":"Strength Potion"},{"floor":7,"key":"DuplicationPotion"},{"floor":10,"key":"DuplicationPotion"},{"floor":18,"key":"CultistPotion"},{"floor":24,"key":"SkillPotion"}],"is_trial":false,"path_per_floor":["M","M","M","?","?","R","M","?","T","E","M","M","R","$","R","B",null,"M","M","?","AVR","M","R","M","R","T","?","M"],"character_chosen":"THE_BUGKNIGHT","items_purchased":[],"campfire_rested":2,"item_purchase_floors":[],"current_hp_per_floor":[75,74,74,56,49,49,48,48,48,47,52,53,75,75,75,50,75,57,42,42,42,38,60,56,56,56,56,0,0],"gold":267,"neow_bonus":"","is_daily":false,"chose_seed":false,"campfire_upgraded":3,"win_rate":0.0,"timestamp":1610020444,"path_taken":["M","M","M","?","?","R","M","?","T","E","M","M","R","$","R","BOSS","M","M","?","AVR","M","R","M","R","T","?","?"],"items_purchased_type":[],"build_version":"2020-12-22","purchased_purges":0,"victory":false,"max_hp_per_floor":[75,75,75,75,75,75,75,75,75,75,75,75,75,75,75,75,75,75,75,75,75,75,75,75,75,75,75,75,75],"card_choices":[{"not_picked":["HollowMod:HowlingWraiths","HollowMod:DreamGate"],"picked":"HollowMod:SiblingsSouls","floor":1},{"not_picked":["HollowMod:SoulVessel","HollowMod:DesolateDive"],"picked":"HollowMod:DoubleDash","floor":2},{"not_picked":["HollowMod:VengefulVoid","HollowMod:SoulStrike"],"picked":"HollowMod:TaintedHusks","floor":3},{"not_picked":["hubris:InfiniteBlow","infinitespire:Punishment"],"picked":"infinitespire:NeuralNetwork","floor":4},{"not_picked":["HollowMod:SiblingsSouls","HollowMod:FallenFury","HollowMod:DashSlash"],"picked":"SKIP","floor":7},{"not_picked":["HollowMod:ShadowDash","HollowMod:DoubleDash"],"picked":"HollowMod:TaintedHusks","floor":10},{"not_picked":["HollowMod:PureNailStrike","HollowMod:HowlingWraiths"],"picked":"HollowMod:SlysStrikes","floor":11},{"not_picked":["HollowMod:InfectedAttack","HollowMod:MothsMistake"],"picked":"HollowMod:HuntersJournal","floor":12},{"not_picked":["HollowMod:SoulMaster","HollowMod:AwokenDreamNail"],"picked":"HollowMod:HornetsHelp","floor":16},{"not_picked":["HollowMod:HeavyBlow+1","HollowMod:VengefulVoid+1"],"picked":"HollowMod:DoubleDash+1","floor":18},{"not_picked":["HollowMod:ElderbugsWisdom","HollowMod:SharpenedShadows"],"picked":"HollowMod:DoubleDash","floor":19},{"not_picked":["HollowMod:InfectedAttack","HollowMod:SharpenedNail+1"],"picked":"HollowMod:SoulShaman","floor":22},{"not_picked":["HollowMod:CycloneSlash","HollowMod:SoulStrike"],"picked":"HollowMod:CrystalDash","floor":24}],"player_experience":0,"relics_obtained":[{"floor":9,"key":"Potion Belt"},{"floor":10,"key":"hubris:MedicalManual"},{"floor":26,"key":"War Paint"}],"event_choices":[{"damage_healed":0,"gold_gain":0,"player_choice":"Success","damage_taken":7,"relics_obtained":["infinitespire:PuzzleCube"],"max_hp_gain":0,"max_hp_loss":0,"event_name":"Scrap Ooze","floor":5,"gold_loss":0},{"damage_healed":0,"gold_gain":0,"player_choice":"Take Wound","damage_taken":0,"relics_obtained":["Golden Idol"],"max_hp_gain":0,"max_hp_loss":0,"event_name":"Golden Idol","floor":8,"gold_loss":0,"cards_obtained":["Injury"]},{"damage_healed":0,"gold_gain":99,"player_choice":"Stole From Cult","damage_taken":0,"max_hp_gain":0,"max_hp_loss":0,"event_name":"Nest","floor":20,"gold_loss":0}],"is_beta":false,"boss_relics":[{"not_picked":["infinitespire:Cupcake","Runic Dome","hubris:RunicObelisk"]}],"items_purged_floors":[],"is_endless":false,"potions_floor_spawned":[2,3,7,10,18,24],"killed_by":"3 Cultists","ascension_level":0}}