{"host":"ig7tc0uedzltt2sr","time":1610054259,"event":{"mods":["BaseMod","Better Twitch Integration","Block Reminder","Colored Map","Colored Powertips","Communication Mod","Current Relic Mod","GifTheSpireLib","HexUI Lib","Minty Spire (QoL Compilation)","Quick Restart","Random Character Button","Rare Cards Sparkle","Relic Sorter","Relic Stats","Slay the Relics Exporter","StSLib","SuperFastMode","Synergy Search","Twitch Decklist","Twitch Utils","everything is the same but u backflip on backflip","slay the spire mod where everything is the same but ironclad has a cowboy hat"],"gold_per_floor":[116,116,136,154,172,172,172],"floor_reached":6,"playtime":42,"items_purged":[],"score":38,"play_id":"65960590-fac1-4361-9689-14092aeffac2","local_time":"20210107131739","is_ascension_mode":false,"campfire_choices":[],"circlet_count":0,"master_deck":["Strike_R","Strike_R","Strike_R","Strike_R","Strike_R","Defend_R","Defend_R","Defend_R","Defend_R","Bash","Sword Boomerang","Rage","Searing Blow","Shrug It Off"],"relics":["Burning Blood","NeowsBlessing","Golden Idol"],"acts_visited":["Exordium"],"potions_floor_usage":[],"damage_taken":[{"damage":0,"enemies":"Cultist","floor":1,"turns":1},{"damage":0,"enemies":"Small Slimes","floor":3,"turns":2},{"damage":0,"enemies":"2 Louse","floor":4,"turns":1},{"damage":35,"enemies":"2 Fungi Beasts","floor":5,"turns":7},{"damage":66,"enemies":"Gremlin Nob","floor":6,"turns":5}],"seed_played":"-6442978393700746466","potions_obtained":[],"is_trial":false,"path_per_floor":["M","?","M","M","M","E"],"character_chosen":"IRONCLAD","items_purchased":[],"campfire_rested":0,"item_purchase_floors":[],"current_hp_per_floor":[80,74,74,74,45,0,0],"gold":172,"neow_bonus":"THREE_ENEMY_KILL","is_daily":false,"chose_seed":false,"campfire_upgraded":0,"win_rate":0.0,"timestamp":1610054259,"path_taken":["M","?","M","M","M","E"],"items_purchased_type":[],"build_version":"2020-12-22","purchased_purges":0,"victory":false,"max_hp_per_floor":[80,74,74,74,74,74,74],"relic_stats":{"counters":[5,16],"Golden Idol":12,"obtain_stats":[{"NeowsBlessing":0,"Golden Idol":2,"Burning Blood":0},{"NeowsBlessing":0,"Golden Idol":1,"Burning Blood":0},{"NeowsBlessing":0,"Golden Idol":1,"Burning Blood":0}],"Burning Blood":6},"card_choices":[{"not_picked":["Warcry","Heavy Blade"],"picked":"Sword Boomerang","floor":1},{"not_picked":["Cleave","Perfected Strike"],"picked":"Rage","floor":3},{"not_picked":["Anger","Body Slam"],"picked":"Searing Blow","floor":4},{"not_picked":["Heavy Blade","Bloodletting"],"picked":"Shrug It Off","floor":5}],"player_experience":1454668,"relics_obtained":[],"event_choices":[{"damage_healed":0,"gold_gain":0,"player_choice":"Lose Max HP","damage_taken":0,"relics_obtained":["Golden Idol"],"max_hp_gain":0,"max_hp_loss":6,"event_name":"Golden Idol","floor":2,"gold_loss":0}],"is_beta":false,"boss_relics":[],"items_purged_floors":[],"is_endless":false,"potions_floor_spawned":[],"killed_by":"Gremlin Nob","ascension_level":0}}