{"host":"mpprvi8e02cdlwhi","time":1610013614,"event":{"mods":["Act Like it!","BaseMod","Decade(王小明)","Friendly Minions","GifTheSpireLib","Lobotomy","LobotomyExtend","Minty Spire (QoL Compilation)","MostiFishMod","Pale of the Ancients","Quick Restart","Shop Mod","StSLib","篝火指南"],"gold_per_floor":[117,117,134,151,101,129,129,163,163,15,15,15,26,26,26,26,26],"floor_reached":16,"playtime":1038,"items_purged":[],"score":135,"play_id":"8ced2967-25f1-49fe-bdde-92df328311e6","local_time":"20210107180014","is_ascension_mode":true,"campfire_choices":[{"data":"KamenRide","floor":12,"key":"SMITH"},{"data":"Decade_SpecialSkill","floor":15,"key":"SMITH"}],"circlet_count":0,"master_deck":["Decade_Attack","Decade_Attack","Decade_Attack","Decade_Attack","KamenRide+1","Decade_SpecialSkill+1","Decade_Defend","Decade_Defend","Decade_Defend","Decade_Defend+1","Decade_Illusion+1","Wellcheers","FairyFestival","BeautyBeast","WallGazer","UniverseFragment"],"relics":["Decadriver","TOEIDeficitBill","DaveBox","RhineFirstAidKit","CogitoBucket","SynthV:TestCard","LetterFromLob","Gremlin Horn","Potion Belt","Ornamental Fan","Mercury Hourglass","Juzu Bracelet","ResearcherNote","Golden Idol"],"acts_visited":["Exordium"],"potions_floor_usage":[8,16],"damage_taken":[{"damage":2,"enemies":"2 Louse","floor":1,"turns":4},{"damage":0,"enemies":"Small Slimes","floor":3,"turns":3},{"damage":1,"enemies":"Jaw Worm","floor":4,"turns":4},{"damage":62,"enemies":"Gremlin Nob","floor":6,"turns":5},{"damage":33,"enemies":"Lagavulin","floor":8,"turns":7},{"damage":42,"enemies":"3 Louse","floor":13,"turns":18},{"damage":55,"enemies":"The Guardian","floor":16,"turns":15}],"seed_played":"-2436053670294704633","potions_obtained":[{"floor":1,"key":"Dexterity Potion"},{"floor":6,"key":"DistilledChaos"},{"floor":13,"key":"GamblersBrew"}],"is_trial":false,"path_per_floor":["M","?","M","M","?","E","?","E","T","$","?","R","M","?","R","B"],"character_chosen":"Decade","items_purchased":["Juzu Bracelet"],"campfire_rested":0,"item_purchase_floors":[10],"current_hp_per_floor":[68,61,66,69,69,70,70,48,48,48,34,34,68,51,51,65,65],"gold":26,"neow_bonus":"","is_daily":false,"chose_seed":false,"campfire_upgraded":2,"win_rate":0.0,"timestamp":1610013614,"path_taken":["M","?","M","M","?","E","?","E","T","$","?","R","M","?","R","BOSS"],"items_purchased_type":["Relic"],"build_version":"2020-12-22","purchased_purges":0,"victory":false,"max_hp_per_floor":[70,70,70,70,70,70,70,70,70,70,70,70,70,70,70,70,70],"card_choices":[{"not_picked":["CherryBlossoms","OSAHOGD","Scorched"],"picked":"Singing Bowl","floor":1},{"not_picked":["Decade_Dash2","DenO_Sword","Hibiki_Attack2","FormRideStorm"],"picked":"Decade_Illusion","floor":3},{"not_picked":["CherryBlossoms","BigBird"],"picked":"Wellcheers","floor":3},{"not_picked":["Hibiki_FEVER","Decade_Dash2","KamenRideAgito","FormRideDragon"],"picked":"DenO_Ax","floor":4},{"not_picked":["BeautyBeast","WallGazer"],"picked":"FairyFestival","floor":4},{"not_picked":["CrumblingArmor","MeatLantern","MHz"],"picked":"Singing Bowl","floor":6},{"not_picked":["CrumblingArmor","PunishingBird"],"picked":"BeautyBeast","floor":6},{"not_picked":["FieryBird","RedShoes","Mercenary"],"picked":"Singing Bowl","floor":8},{"not_picked":["Variant","PunishingBird"],"picked":"WallGazer","floor":8},{"not_picked":["CrumblingArmor","MeatLantern","FieryBird"],"picked":"Singing Bowl","floor":13},{"not_picked":["SpiderBud","Yin"],"picked":"UniverseFragment","floor":13}],"player_experience":100560,"relics_obtained":[{"floor":1,"key":"SynthV:TestCard"},{"floor":1,"key":"LetterFromLob"},{"floor":6,"key":"Potion Belt"},{"floor":8,"key":"Ornamental Fan"},{"floor":9,"key":"Mercury Hourglass"}],"event_choices":[{"damage_healed":0,"gold_gain":0,"player_choice":"Success","damage_taken":7,"relics_obtained":["Gremlin Horn"],"max_hp_gain":0,"max_hp_loss":0,"event_name":"Scrap Ooze","floor":2,"gold_loss":0},{"cards_removed":["DenO_Ax"],"damage_healed":0,"gold_gain":0,"player_choice":"Card Removal","damage_taken":0,"max_hp_gain":0,"max_hp_loss":0,"event_name":"The Cleric","floor":5,"gold_loss":50},{"damage_healed":0,"gold_gain":0,"player_choice":"Entered Light","damage_taken":14,"max_hp_gain":0,"max_hp_loss":0,"event_name":"Shining Light","floor":11,"gold_loss":0,"cards_upgraded":["Decade_Defend","Decade_Illusion"]},{"damage_healed":0,"gold_gain":0,"player_choice":"Take Damage","damage_taken":17,"relics_obtained":["Golden Idol"],"max_hp_gain":0,"max_hp_loss":0,"event_name":"Golden Idol","floor":14,"gold_loss":0}],"is_beta":false,"boss_relics":[],"items_purged_floors":[],"is_endless":false,"potions_floor_spawned":[1,6,13],"killed_by":"The Guardian","ascension_level":5}}