{"host":"ff4g3thpm8pmsxyp","time":1610027157,"event":{"mods":["AchievementEnabler","BaseMod","Colored Map","DeckTracker","Highlight Path","Minty Spire (QoL Compilation)","Permanent Neow","Rare Cards Sparkle","Relic Stats","StSLib","SuperFastMode"],"gold_per_floor":[112,131,56,56,56,82,82,107,107,127,158,172,189,199,199,301,301,317,328,339,339,339],"floor_reached":21,"playtime":742,"items_purged":["Strike_P"],"score":274,"play_id":"c0bf947b-41d1-460e-a0eb-0e3331bda492","local_time":"20210107084557","is_ascension_mode":true,"campfire_choices":[{"data":"Eruption","floor":7.0,"key":"SMITH"},{"data":"EmptyBody","floor":15.0,"key":"SMITH"}],"circlet_count":0,"master_deck":["Strike_P+1","Strike_P+1","Strike_P","Defend_P","Defend_P+1","Defend_P","Defend_P","Eruption+1","Vigilance","SignatureMove","FlyingSleeves","Eruption+1","DevaForm","Consecrate","EmptyBody","EmptyBody+1","DeceiveReality","FearNoEvil","Evaluate","Devotion","Consecrate"],"relics":["PureWater","NeowsBlessing","Calipers","Whetstone","White Beast Statue","Boot","Philosopher\u0027s Stone"],"acts_visited":["Exordium","TheCity"],"potions_floor_usage":[21],"damage_taken":[{"damage":0.0,"enemies":"Cultist","floor":1.0,"turns":1.0},{"damage":0.0,"enemies":"2 Louse","floor":2.0,"turns":1.0},{"damage":0.0,"enemies":"Lagavulin","floor":6.0,"turns":1.0},{"damage":12.0,"enemies":"Gremlin Nob","floor":8.0,"turns":3.0},{"damage":2.0,"enemies":"Jaw Worm","floor":10.0,"turns":4.0},{"damage":2.0,"enemies":"3 Sentries","floor":11.0,"turns":3.0},{"damage":0.0,"enemies":"Lots of Slimes","floor":12.0,"turns":2.0},{"damage":0.0,"enemies":"2 Fungi Beasts","floor":13.0,"turns":2.0},{"damage":0.0,"enemies":"Looter","floor":14.0,"turns":1.0},{"damage":18.0,"enemies":"Hexaghost","floor":16.0,"turns":8.0},{"damage":15.0,"enemies":"3 Byrds","floor":18.0,"turns":5.0},{"damage":19.0,"enemies":"Shell Parasite","floor":19.0,"turns":4.0},{"damage":0.0,"enemies":"Centurion and Healer","floor":20.0,"turns":4.0},{"damage":7,"enemies":"Sentry and Sphere","floor":21,"turns":3}],"seed_played":"-1347203046165577323","potions_obtained":[{"floor":1.0,"key":"Fruit Juice"},{"floor":8.0,"key":"Explosive Potion"},{"floor":10.0,"key":"Weak Potion"},{"floor":11.0,"key":"ColorlessPotion"},{"floor":12.0,"key":"BottledMiracle"},{"floor":14.0,"key":"DuplicationPotion"},{"floor":16.0,"key":"Strength Potion"},{"floor":18.0,"key":"Strength Potion"},{"floor":19.0,"key":"GamblersBrew"},{"floor":20.0,"key":"SteroidPotion"}],"is_trial":false,"path_per_floor":["M","M","$","?","?","E","R","E","T","M","E","M","M","M","R","B",null,"M","M","M","M"],"character_chosen":"WATCHER","items_purchased":[],"campfire_rested":0,"item_purchase_floors":[],"current_hp_per_floor":[72,72,72,58,58,58,58,51,51,49,47,47,47,47,47,29,77,62,43,43,36,36],"gold":339,"neow_bonus":"THREE_ENEMY_KILL","is_daily":false,"chose_seed":false,"campfire_upgraded":2,"win_rate":0.0,"timestamp":1610027157,"path_taken":["M","?","$","?","?","E","R","E","T","M","E","M","M","M","R","BOSS","M","?","M","M"],"items_purchased_type":[],"build_version":"2020-12-22","purchased_purges":1,"victory":false,"max_hp_per_floor":[72,72,72,72,72,72,72,77,77,77,77,77,77,77,77,77,77,77,77,77,77,77],"relic_stats":{"counters":[14,42],"Whetstone":["Strike_P","Eruption"],"Boot":[25],"obtain_stats":[{"Calipers":6,"NeowsBlessing":0,"Philosopher\u0027s Stone":17,"Whetstone":8,"PureWater":0,"Boot":11,"White Beast Statue":9},{"Calipers":3,"NeowsBlessing":0,"Philosopher\u0027s Stone":10,"Whetstone":4,"PureWater":0,"Boot":6,"White Beast Statue":4},{"Calipers":3,"NeowsBlessing":0,"Philosopher\u0027s Stone":26,"Whetstone":6,"PureWater":0,"Boot":13,"White Beast Statue":6}]},"card_choices":[{"not_picked":["ClearTheMind","Meditate"],"picked":"SignatureMove","floor":1.0},{"not_picked":["Crescendo","FlurryOfBlows"],"picked":"FlyingSleeves","floor":2.0},{"not_picked":["Consecrate","ClearTheMind"],"picked":"DevaForm","floor":6.0},{"not_picked":["FlyingSleeves","BowlingBash"],"picked":"Consecrate","floor":8.0},{"not_picked":["JustLucky","FlyingSleeves"],"picked":"EmptyBody","floor":10.0},{"not_picked":["Sanctity","TalkToTheHand"],"picked":"EmptyBody","floor":11.0},{"not_picked":["Nirvana","Protect"],"picked":"DeceiveReality","floor":12.0},{"not_picked":["ThirdEye","Wallop"],"picked":"FearNoEvil","floor":13.0},{"not_picked":["BowlingBash","Protect"],"picked":"Evaluate","floor":14.0},{"not_picked":["DeusExMachina","Scrawl"],"picked":"Devotion","floor":16.0},{"not_picked":["FollowUp","Crescendo","Protect"],"picked":"SKIP","floor":18.0},{"not_picked":["Fasting2","LikeWater","Evaluate"],"picked":"SKIP","floor":19.0},{"not_picked":["ClearTheMind","JustLucky"],"picked":"Consecrate","floor":20.0}],"player_experience":255625,"relics_obtained":[{"floor":6.0,"key":"Calipers"},{"floor":8.0,"key":"Whetstone"},{"floor":9.0,"key":"White Beast Statue"},{"floor":11.0,"key":"Boot"}],"event_choices":[{"damage_healed":0.0,"max_hp_gain":0.0,"max_hp_loss":0.0,"gold_gain":0.0,"event_name":"Shining Light","player_choice":"Entered Light","floor":4.0,"gold_loss":0.0,"damage_taken":14.0,"cards_upgraded":["Strike_P","Defend_P"]},{"damage_healed":0.0,"max_hp_gain":0.0,"max_hp_loss":0.0,"gold_gain":0.0,"event_name":"Match and Keep!","player_choice":"1 cards matched","floor":5.0,"gold_loss":0.0,"damage_taken":0.0,"cards_obtained":["Eruption"]}],"is_beta":false,"boss_relics":[{"not_picked":["Pandora\u0027s Box","Black Star"],"picked":"Philosopher\u0027s Stone"}],"items_purged_floors":[3],"is_endless":false,"potions_floor_spawned":[1,8,10,11,12,13,14,16,18,19,20],"killed_by":"Sentry and Sphere","ascension_level":4}}