{"host":"7nm1ow5v9mg4ehcw","time":1610040528,"event":{"mods":["BaseMod","Highlight Path","Minty Spire (QoL Compilation)","StSLib"],"gold_per_floor":[109,129,129,149,162,231,231,231,231,231,256,268,299,317,317,416,416,428,444,127,138,138,169,219,219,219,254,280,304,336,348,360,471,483,505,531,543,555,587,629,660,672,672],"floor_reached":42,"playtime":2849,"items_purged":["Strike_P"],"score":531,"play_id":"f8e159ff-7f47-4aac-b101-3f04737242a5","local_time":"20210107182848","is_ascension_mode":true,"campfire_choices":[{"floor":8.0,"key":"RECALL"},{"data":"JustLucky","floor":10.0,"key":"SMITH"},{"data":"Fasting2","floor":15.0,"key":"SMITH"},{"data":"Adaptation","floor":25.0,"key":"SMITH"},{"floor":32.0,"key":"REST"}],"circlet_count":0,"master_deck":["Strike_P+1","Defend_P","Defend_P","Defend_P","Defend_P+1","Eruption+1","Vigilance+1","Weave","CarveReality","FlurryOfBlows+1","JustLucky+1","SashWhip+1","Fasting2+1","Nirvana","CutThroughFate+1","FlurryOfBlows","Adaptation+1","Crescendo+1","Writhe","LessonLearned","TalkToTheHand+1","ClearTheMind","Devotion","Ghostly","Ghostly","Ghostly","Ghostly","Ghostly","DevaForm","Study+1","SignatureMove"],"relics":["PureWater","Pear","Matryoshka","Smiling Mask","Blood Vial","Sozu","Regal Pillow","Potion Belt","War Paint","Strawberry","Mummified Hand","MawBank","Fusion Hammer","Singing Bowl"],"acts_visited":["Exordium","TheCity","TheBeyond"],"potions_floor_usage":[],"damage_taken":[{"damage":0.0,"enemies":"2 Louse","floor":1.0,"turns":4.0},{"damage":1.0,"enemies":"Cultist","floor":2.0,"turns":3.0},{"damage":0.0,"enemies":"Small Slimes","floor":4.0,"turns":2.0},{"damage":3.0,"enemies":"Exordium Wildlife","floor":5.0,"turns":3.0},{"damage":1.0,"enemies":"3 Sentries","floor":6.0,"turns":4.0},{"damage":0.0,"enemies":"Blue Slaver","floor":12.0,"turns":3.0},{"damage":4.0,"enemies":"Gremlin Nob","floor":13.0,"turns":3.0},{"damage":0.0,"enemies":"Lots of Slimes","floor":14.0,"turns":3.0},{"damage":4.0,"enemies":"Hexaghost","floor":16.0,"turns":6.0},{"damage":0.0,"enemies":"3 Byrds","floor":18.0,"turns":5.0},{"damage":0.0,"enemies":"Chosen","floor":19.0,"turns":3.0},{"damage":8.0,"enemies":"Snake Plant","floor":21.0,"turns":3.0},{"damage":22.0,"enemies":"Gremlin Leader","floor":23.0,"turns":4.0},{"damage":25.0,"enemies":"Slavers","floor":27.0,"turns":7.0},{"damage":21.0,"enemies":"Snecko","floor":28.0,"turns":4.0},{"damage":25.0,"enemies":"Centurion and Healer","floor":29.0,"turns":5.0},{"damage":7.0,"enemies":"Cultist and Chosen","floor":30.0,"turns":3.0},{"damage":2,"enemies":"Collector","floor":33,"turns":8},{"damage":0,"enemies":"Orb Walker","floor":35,"turns":4},{"damage":9,"enemies":"3 Shapes","floor":36,"turns":4},{"damage":17,"enemies":"Sphere and 2 Shapes","floor":39,"turns":7},{"damage":7,"enemies":"Giant Head","floor":40,"turns":9},{"damage":12,"enemies":"4 Shapes","floor":41,"turns":5},{"damage":10,"enemies":"Spire Growth","floor":42,"turns":3}],"seed_played":"-3789889788654431110","potions_obtained":[{"floor":4.0,"key":"ColorlessPotion"},{"floor":6.0,"key":"SteroidPotion"},{"floor":13.0,"key":"EssenceOfSteel"},{"floor":14.0,"key":"Regen Potion"},{"floor":16.0,"key":"SkillPotion"}],"is_trial":false,"path_per_floor":["M","M","?","M","M","E","?","R","T","R","T","M","E","M","R","B",null,"M","M","$","M","?","E","?","R","T","E","M","M","M","?","R","B",null,"M","M","?","?","M","E","M","M"],"character_chosen":"WATCHER","items_purchased":["FlurryOfBlows","Adaptation","Regal Pillow"],"campfire_rested":1,"item_purchase_floors":[20,20,20],"current_hp_per_floor":[72,71,71,71,68,77,70,70,70,70,70,70,66,68,68,66,82,82,82,82,74,74,54,54,54,61,38,31,8,3,3,31,31,44,44,35,35,35,20,15,7,0,0],"gold":672,"neow_bonus":"UPGRADE_CARD","is_daily":false,"chose_seed":false,"campfire_upgraded":3,"win_rate":0.0,"timestamp":1610040528,"path_taken":["M","M","?","M","?","E","?","R","T","R","?","M","E","M","R","BOSS","M","M","$","M","?","E","?","R","T","E","M","?","M","?","R","BOSS","M","M","?","?","?","E","M","M"],"items_purchased_type":["Card","Card","Relic"],"build_version":"2020-12-22","purchased_purges":1,"victory":false,"max_hp_per_floor":[72,72,72,72,72,82,82,82,82,82,82,82,82,82,82,82,82,82,82,82,82,82,82,82,82,89,89,89,89,89,44,44,44,44,44,44,44,44,44,44,46,46,46],"card_choices":[{"not_picked":["ClearTheMind","Tantrum"],"picked":"Weave","floor":1.0},{"not_picked":["EmptyFist","Crescendo"],"picked":"CarveReality","floor":2.0},{"not_picked":["EmptyFist","Prostrate"],"picked":"FlurryOfBlows","floor":4.0},{"not_picked":["Crescendo","WaveOfTheHand"],"picked":"JustLucky","floor":5.0},{"not_picked":["Halt","Protect","Crescendo"],"picked":"SKIP","floor":6.0},{"not_picked":["WaveOfTheHand","Blasphemy"],"picked":"SashWhip","floor":12.0},{"not_picked":["Omniscience","Halt"],"picked":"CutThroughFate","floor":13.0},{"not_picked":["Consecrate","Tantrum"],"picked":"Fasting2","floor":14.0},{"not_picked":["FollowUp","Protect"],"picked":"Nirvana","floor":18.0},{"not_picked":["SashWhip","FlyingSleeves+1"],"picked":"CutThroughFate+1","floor":19.0},{"not_picked":["Consecrate","JustLucky"],"picked":"Crescendo","floor":21.0},{"not_picked":["SandsOfTime","ClearTheMind"],"picked":"LessonLearned","floor":23.0},{"not_picked":["CutThroughFate+1","PathToVictory"],"picked":"TalkToTheHand","floor":27.0},{"not_picked":["Prostrate","FlyingSleeves"],"picked":"ClearTheMind","floor":28.0},{"not_picked":["Prostrate+1","Consecrate"],"picked":"Devotion","floor":29.0},{"not_picked":["CrushJoints","Crescendo","FlurryOfBlows"],"picked":"SKIP","floor":30.0},{"not_picked":["Vault","LessonLearned"],"picked":"DevaForm","floor":33},{"not_picked":["Evaluate+1","SashWhip+1","BowlingBash+1"],"picked":"SKIP","floor":35},{"not_picked":["EmptyBody+1","LikeWater"],"picked":"Study+1","floor":36},{"not_picked":["CarveReality","Wallop","SignatureMove"],"picked":"SKIP","floor":39},{"not_picked":["Prostrate+1","Evaluate"],"picked":"SignatureMove","floor":40},{"not_picked":["EmptyMind+1","FollowUp+1","Adaptation+1"],"picked":"Singing Bowl","floor":41}],"player_experience":332241,"relics_obtained":[{"floor":6.0,"key":"Pear"},{"floor":9.0,"key":"Matryoshka"},{"floor":11.0,"key":"Smiling Mask"},{"floor":13.0,"key":"Blood Vial"},{"floor":23.0,"key":"War Paint"},{"floor":26.0,"key":"Strawberry"},{"floor":26.0,"key":"Mummified Hand"},{"floor":27.0,"key":"MawBank"},{"floor":40,"key":"Singing Bowl"}],"event_choices":[{"cards_removed":["Strike_P"],"damage_healed":0.0,"max_hp_gain":0.0,"max_hp_loss":0.0,"gold_gain":0.0,"event_name":"Purifier","player_choice":"Purged","floor":3.0,"gold_loss":0.0,"damage_taken":0.0},{"cards_removed":["Strike_P"],"damage_healed":0.0,"max_hp_gain":0.0,"max_hp_loss":0.0,"gold_gain":0.0,"event_name":"Golden Wing","player_choice":"Card Removal","floor":7.0,"gold_loss":0.0,"damage_taken":7.0},{"damage_healed":0.0,"max_hp_gain":0.0,"max_hp_loss":0.0,"gold_gain":0.0,"event_name":"The Mausoleum","player_choice":"Opened","floor":22.0,"gold_loss":0.0,"damage_taken":0.0,"relics_obtained":["Potion Belt"],"cards_obtained":["Writhe"]},{"damage_healed":0.0,"max_hp_gain":0.0,"max_hp_loss":0.0,"gold_gain":100.0,"event_name":"The Joust","player_choice":"Bet on Murderer","floor":24.0,"gold_loss":50.0,"damage_taken":0.0},{"damage_healed":0.0,"max_hp_gain":0.0,"max_hp_loss":45.0,"gold_gain":0.0,"event_name":"Ghosts","player_choice":"Became a Ghost","floor":31.0,"gold_loss":0.0,"damage_taken":0.0,"cards_obtained":["Ghostly","Ghostly","Ghostly","Ghostly","Ghostly"]},{"cards_removed":["CutThroughFate"],"damage_healed":0,"gold_gain":0,"player_choice":"Removed Attack","damage_taken":0,"max_hp_gain":0,"max_hp_loss":0,"event_name":"Falling","floor":37,"gold_loss":0},{"damage_healed":0,"gold_gain":0,"player_choice":"0 cards matched","damage_taken":0,"max_hp_gain":0,"max_hp_loss":0,"event_name":"Match and Keep!","floor":38,"gold_loss":0,"cards_obtained":[]}],"is_beta":false,"boss_relics":[{"not_picked":["Astrolabe","Snecko Eye"],"picked":"Sozu"},{"not_picked":["Calling Bell","Runic Dome"],"picked":"Fusion Hammer"}],"items_purged_floors":[20],"is_endless":false,"potions_floor_spawned":[4,6,13,14,16,19,21,23,29,33,35,39],"killed_by":"Spire Growth","ascension_level":1}}