{"host":"qq27suot6m8koe0b","time":1610000835,"event":{"mods":["Act Like it!","BaseMod","CapriCore","GifTheSpireLib","Lobotomy","Minty Spire (QoL Compilation)","StSLib","Waifu the Spire"],"gold_per_floor":[110,185,185,150,4,31,31,51,51,51,66,66,66],"floor_reached":12,"playtime":440,"items_purged":[],"score":76,"play_id":"13d96d85-66a3-492e-afb0-4ec741cb9e4e","local_time":"20210107142715","is_ascension_mode":false,"campfire_choices":[],"circlet_count":0,"master_deck":["Strike_R","Strike_R","Strike_R","Strike_R","Strike_R","Defend_R","Defend_R","Defend_R","Defend_R","Bash","Dropkick","Pommel Strike","Murderer","Searing Blow","BlackSwan","Disarm+1"],"relics":["Burning Blood","CogitoBucket","Mango","HandDrill","Toxic Egg 2","Golden Idol","Shovel"],"acts_visited":["Exordium"],"potions_floor_usage":[],"damage_taken":[{"damage":5,"enemies":"Small Slimes","floor":1,"turns":4},{"damage":32,"enemies":"Gremlin Nob","floor":6,"turns":7},{"damage":0,"enemies":"Jaw Worm","floor":8,"turns":1},{"damage":0,"enemies":"Jaw Worm","floor":8,"turns":1},{"damage":7,"enemies":"2 Louse","floor":11,"turns":3},{"damage":50,"enemies":"Lagavulin","floor":12,"turns":5}],"seed_played":"28438351975520494","potions_obtained":[{"floor":8,"key":"CultistPotion"}],"is_trial":false,"path_per_floor":["M","?","?","?","$","E","?","M","T","?","M","E"],"character_chosen":"IRONCLAD","items_purchased":["HandDrill"],"campfire_rested":0,"item_purchase_floors":[5],"current_hp_per_floor":[80,69,80,94,94,68,68,38,38,38,37,0,0],"gold":66,"neow_bonus":"","is_daily":false,"chose_seed":false,"campfire_upgraded":0,"win_rate":0.0,"timestamp":1610000835,"path_taken":["M","?","?","?","?","E","?","?","T","?","M","E"],"items_purchased_type":["Relic"],"build_version":"2020-12-22","purchased_purges":0,"victory":false,"max_hp_per_floor":[80,80,94,94,94,94,94,94,94,94,94,94,94],"card_choices":[{"not_picked":["Wellcheers","Bloodbath"],"picked":"Yin","floor":1},{"not_picked":["Wild Strike","Flex"],"picked":"Dropkick","floor":1},{"not_picked":["Sentinel+1","Hemokinesis"],"picked":"Pommel Strike","floor":6},{"not_picked":["SpiderBud","Variant"],"picked":"Murderer","floor":8},{"not_picked":["Sever Soul","Feel No Pain"],"picked":"Searing Blow","floor":8},{"not_picked":["Wellcheers","PunishingBird"],"picked":"BlackSwan","floor":11},{"not_picked":["Reckless Charge","Battle Trance+1"],"picked":"Disarm+1","floor":11}],"player_experience":244893,"relics_obtained":[{"floor":6,"key":"Toxic Egg 2"},{"floor":9,"key":"Shovel"}],"event_choices":[{"damage_healed":0,"gold_gain":75,"player_choice":"Gather Gold","damage_taken":11,"max_hp_gain":0,"max_hp_loss":0,"event_name":"World of Goop","floor":2,"gold_loss":0},{"damage_healed":0,"gold_gain":0,"player_choice":"Success","damage_taken":3,"relics_obtained":["Mango"],"max_hp_gain":0,"max_hp_loss":0,"event_name":"Scrap Ooze","floor":3,"gold_loss":0},{"damage_healed":23,"gold_gain":0,"player_choice":"Healed","damage_taken":0,"max_hp_gain":0,"max_hp_loss":0,"event_name":"The Cleric","floor":4,"gold_loss":35},{"damage_healed":0,"gold_gain":0,"player_choice":"Take Wound","damage_taken":0,"relics_obtained":["Golden Idol"],"max_hp_gain":0,"max_hp_loss":0,"event_name":"Golden Idol","floor":7,"gold_loss":0,"cards_obtained":["Injury"]},{"cards_removed":["Injury"],"damage_healed":0,"gold_gain":0,"player_choice":"Removed Curses","damage_taken":0,"max_hp_gain":0,"max_hp_loss":0,"event_name":"Fountain of Cleansing","floor":10,"gold_loss":0}],"is_beta":false,"boss_relics":[],"items_purged_floors":[],"is_endless":false,"potions_floor_spawned":[8],"killed_by":"Lagavulin","ascension_level":0}}