{"host":"5wznv0010959mrmz","time":1610061138,"event":{"mods":["BaseMod","Highlight Path","Minty Spire (QoL Compilation)","Relic Stats"],"gold_per_floor":[109,109,129,129,146,146,146],"floor_reached":6,"playtime":279,"items_purged":[],"score":72,"play_id":"c2bd556e-a898-4cbc-acd6-562148e1ba99","local_time":"20210107171218","is_ascension_mode":true,"campfire_choices":[],"circlet_count":0,"master_deck":["AscendersBane","Strike_G","Strike_G","Strike_G","Strike_G","Strike_G","Defend_G","Defend_G","Defend_G","Defend_G","Defend_G","Survivor","Neutralize","Deadly Poison","Cloak And Dagger","Wraith Form v2"],"relics":["SlaversCollar","Matryoshka"],"acts_visited":["Exordium"],"potions_floor_usage":[3,3,6],"damage_taken":[{"damage":8,"enemies":"Small Slimes","floor":1,"turns":6},{"damage":0,"enemies":"Cultist","floor":3,"turns":4},{"damage":7,"enemies":"Jaw Worm","floor":5,"turns":5},{"damage":36,"enemies":"3 Sentries","floor":6,"turns":11}],"seed_played":"2170168944970892582","potions_obtained":[{"floor":2,"key":"EntropicBrew"},{"floor":2,"key":"DuplicationPotion"},{"floor":3,"key":"LiquidBronze"},{"floor":5,"key":"GhostInAJar"}],"is_trial":false,"path_per_floor":["M","?","M","T","M","E"],"character_chosen":"THE_SILENT","items_purchased":[],"campfire_rested":0,"item_purchase_floors":[],"current_hp_per_floor":[51,51,51,51,44,8,8],"gold":146,"neow_bonus":"BOSS_RELIC","is_daily":false,"chose_seed":false,"campfire_upgraded":0,"win_rate":0.0,"timestamp":1610061138,"path_taken":["M","?","?","?","M","E"],"items_purchased_type":[],"build_version":"2020-12-22","purchased_purges":0,"victory":false,"max_hp_per_floor":[66,66,66,66,66,66,66],"relic_stats":{"counters":[4,26],"obtain_stats":[{"SlaversCollar":0,"Matryoshka":4,"Ring of the Snake":0},{"SlaversCollar":0,"Matryoshka":2,"Ring of the Snake":0},{"SlaversCollar":0,"Matryoshka":10,"Ring of the Snake":0}]},"card_choices":[{"not_picked":["Sucker Punch","Dagger Throw"],"picked":"Deadly Poison","floor":1},{"not_picked":["Infinite Blades","Dodge and Roll"],"picked":"Cloak And Dagger","floor":3},{"not_picked":["Deadly Poison","Calculated Gamble"],"picked":"Wraith Form v2","floor":5}],"player_experience":412829,"relics_obtained":[{"floor":4,"key":"Matryoshka"}],"event_choices":[{"damage_healed":0,"gold_gain":0,"player_choice":"Got Potions","damage_taken":0,"max_hp_gain":0,"max_hp_loss":0,"event_name":"Lab","floor":2,"gold_loss":0}],"is_beta":false,"boss_relics":[],"items_purged_floors":[],"is_endless":false,"potions_floor_spawned":[3,5],"killed_by":"3 Sentries","ascension_level":20}}