{"host":"hjkuipvvowcpo8la","time":1610038360,"event":{"mods":["AchievementEnabler","BaseMod","Block Reminder","CapriCore","Colored Map","Colored Powertips","Highlight Path","Minty Spire (QoL Compilation)","Permanent Neow","Quick Restart","Rare Cards Sparkle","StSLib"],"gold_per_floor":[118,118,18,193,45,45,64,93,93,122,122,153,153,153,153,251,251,271,296,296,313,313,347,347,347,347,446,478,478,492,243,243,344,394,406,461,1460,1483,1068,1068,1088,1088,1088,638,638,658,658,687,687,687,687,687,129,157,157],"floor_reached":56,"playtime":1844,"items_purged":["Pain","Strike_R","Normality","Normality","Strike_R"],"score":1447,"play_id":"ead48c2d-76a1-45ca-a4ff-b81720bee2f4","local_time":"20210107175240","is_ascension_mode":true,"campfire_choices":[{"data":"Bash","floor":6.0,"key":"SMITH"},{"data":"Wild Strike","floor":11.0,"key":"SMITH"},{"data":"Clothesline","floor":15.0,"key":"SMITH"},{"data":"Inflame","floor":25.0,"key":"SMITH"},{"data":"Limit Break","floor":32.0,"key":"SMITH"},{"data":"Inflame","floor":40.0,"key":"SMITH"},{"data":"Immolate","floor":42.0,"key":"SMITH"},{"data":"Disarm","floor":47.0,"key":"SMITH"},{"floor":49.0,"key":"RECALL"},{"data":"Sword Boomerang","floor":52.0,"key":"SMITH"}],"circlet_count":0,"master_deck":["Strike_R+1","Defend_R","Defend_R","Defend_R","Defend_R+1","Bash+1","Iron Wave","Twin Strike","Wild Strike+1","Clothesline+1","Immolate+1","Uppercut+1","Rage+1","Limit Break+1","Inflame+1","Sword Boomerang+1","Fiend Fire+1","Shrug It Off+1","Inflame+1","Flame Barrier","Offering","Flame Barrier","Disarm+1","Spot Weakness+1","Shrug It Off+1","True Grit","Demon Form","Flex+1"],"relics":["Coffee Dripper","WarpedTongs","Anchor","Ornamental Fan","Red Skull","Pear","White Beast Statue","Empty Cage","Red Mask","CaptainsWheel","Gremlin Horn","Bottled Tornado","Meat on the Bone","Bag of Preparation","Tiny House","Dead Branch","Pen Nib","Blue Candle","Frozen Eye","StrikeDummy","Lantern","Orrery","Toy Ornithopter"],"acts_visited":["Exordium","TheCity","TheBeyond","TheEnding"],"potions_floor_usage":[55,55,55],"damage_taken":[{"damage":0.0,"enemies":"2 Louse","floor":1.0,"turns":2.0},{"damage":0.0,"enemies":"Cultist","floor":7.0,"turns":2.0},{"damage":12.0,"enemies":"Gremlin Nob","floor":8.0,"turns":4.0},{"damage":25.0,"enemies":"Lagavulin","floor":10.0,"turns":8.0},{"damage":3.0,"enemies":"Gremlin Nob","floor":12.0,"turns":3.0},{"damage":0.0,"enemies":"Slime Boss","floor":16.0,"turns":4.0},{"damage":0.0,"enemies":"Spheric Guardian","floor":18.0,"turns":2.0},{"damage":21.0,"enemies":"Masked Bandits","floor":19.0,"turns":5.0},{"damage":4.0,"enemies":"Shell Parasite","floor":21.0,"turns":4.0},{"damage":6.0,"enemies":"Slavers","floor":23.0,"turns":6.0},{"damage":0.0,"enemies":"Gremlin Leader","floor":28.0,"turns":4.0},{"damage":0.0,"enemies":"Cultist and Chosen","floor":30.0,"turns":3.0},{"damage":32.0,"enemies":"Automaton","floor":33.0,"turns":7.0},{"damage":3.0,"enemies":"3 Shapes","floor":35.0,"turns":2.0},{"damage":23.0,"enemies":"2 Orb Walkers","floor":36.0,"turns":3.0},{"damage":3.0,"enemies":"Orb Walker","floor":41.0,"turns":3.0},{"damage":6.0,"enemies":"4 Shapes","floor":46.0,"turns":1.0},{"damage":6.0,"enemies":"Nemesis","floor":48.0,"turns":5.0},{"damage":22.0,"enemies":"Awakened One","floor":50.0,"turns":9.0},{"damage":29.0,"enemies":"Shield and Spear","floor":54.0,"turns":6.0},{"damage":102,"enemies":"The Heart","floor":55,"turns":6}],"seed_played":"6424791410000340121","potions_obtained":[{"floor":7.0,"key":"EntropicBrew"},{"floor":12.0,"key":"Block Potion"},{"floor":16.0,"key":"EssenceOfSteel"},{"floor":18.0,"key":"FairyPotion"},{"floor":19.0,"key":"Regen Potion"},{"floor":28.0,"key":"HeartOfIron"},{"floor":34.0,"key":"DuplicationPotion"},{"floor":54.0,"key":"PowerPotion"}],"is_trial":false,"path_per_floor":["M","?","$","?","$","R","M","E","T","E","R","E","?","?","R","B",null,"M","?","?","M","?","E","?","R","T","?","E","$","M","$","R","B",null,"M","?","?","T","$","R","M","R","T","$","?","M","R","E","R","B",null,"R","$","E","B",null],"character_chosen":"IRONCLAD","items_purchased":["Twin Strike","Anchor","Bag of Preparation","Pen Nib","Inflame","Flame Barrier","Frozen Eye","Offering","Lantern","Orrery","DuplicationPotion"],"campfire_rested":0,"item_purchase_floors":[3,5,31,39,39,39,44,44,53,53,53],"current_hp_per_floor":[80,80,80,80,80,80,80,68,68,53,53,50,43,25,25,25,90,90,69,69,65,65,59,59,59,59,59,59,59,59,59,59,39,95,92,69,69,69,69,69,66,66,66,66,66,60,60,54,54,59,95,95,95,66,39],"gold":157,"neow_bonus":"BOSS_RELIC","is_daily":false,"chose_seed":false,"campfire_upgraded":9,"win_rate":0.0,"timestamp":1610038360,"path_taken":["M","?","?","?","$","R","?","E","T","E","R","E","?","?","R","BOSS","M","?","?","M","?","E","?","R","T","?","E","$","?","$","R","BOSS","M","?","?","?","$","R","?","R","T","$","?","?","R","E","R","BOSS","R","$","E","BOSS"],"items_purchased_type":["Card","Relic","Relic","Relic","Card","Card","Relic","Card","Relic","Relic","Potion"],"build_version":"2020-12-22","purchased_purges":5,"victory":true,"max_hp_per_floor":[80,80,80,80,80,80,80,80,80,90,90,90,90,90,90,90,90,90,90,90,90,90,90,90,90,90,90,90,90,90,90,90,90,95,95,95,95,95,95,95,95,95,95,95,95,95,95,95,95,95,95,95,95,95,95],"card_choices":[{"not_picked":["Shrug It Off","Clash"],"picked":"Iron Wave","floor":1.0},{"not_picked":["Havoc","Intimidate","Dark Embrace"],"picked":"SKIP","floor":7.0},{"not_picked":["Bloodletting","Armaments","Warcry"],"picked":"SKIP","floor":8.0},{"not_picked":["Whirlwind","Bloodletting"],"picked":"Wild Strike","floor":10.0},{"not_picked":["Pummel","Heavy Blade"],"picked":"Clothesline","floor":12.0},{"not_picked":["Juggernaut","Exhume"],"picked":"Immolate","floor":16.0},{"not_picked":["Entrench","Rage+1"],"picked":"Uppercut+1","floor":18.0},{"not_picked":["Wild Strike","Headbutt"],"picked":"Rage+1","floor":21.0},{"not_picked":["Twin Strike+1","Pommel Strike"],"picked":"Limit Break","floor":23.0},{"not_picked":["Hemokinesis","Rupture+1","Anger+1"],"picked":"SKIP","floor":28.0},{"not_picked":["Blood for Blood","Power Through"],"picked":"Sword Boomerang","floor":30.0},{"not_picked":["Berserk","Barricade"],"picked":"Fiend Fire","floor":33.0},{"not_picked":["Bloodletting","Blood for Blood"],"picked":"Shrug It Off+1","floor":34.0},{"not_picked":["Feel No Pain+1","Wild Strike","Ghostly Armor+1"],"picked":"SKIP","floor":35.0},{"not_picked":["Havoc","Shockwave","Carnage"],"picked":"SKIP","floor":41.0},{"not_picked":["Havoc","Feel No Pain"],"picked":"Disarm","floor":46.0},{"not_picked":["Uppercut+1","Shrug It Off+1"],"picked":"Spot Weakness+1","floor":48.0},{"not_picked":["Pommel Strike","Anger+1"],"picked":"Shrug It Off+1","floor":53.0},{"not_picked":["Body Slam","Anger"],"picked":"True Grit","floor":53.0},{"not_picked":["Heavy Blade","Clothesline+1"],"picked":"Demon Form","floor":53.0},{"not_picked":["Clash","Second Wind"],"picked":"Flex+1","floor":53.0},{"not_picked":["Dual Wield+1","Shrug It Off","Clash+1"],"picked":"SKIP","floor":54.0}],"player_experience":272561,"relics_obtained":[{"floor":8.0,"key":"Ornamental Fan"},{"floor":9.0,"key":"Red Skull"},{"floor":10.0,"key":"Pear"},{"floor":12.0,"key":"White Beast Statue"},{"floor":19.0,"key":"Red Mask"},{"floor":23.0,"key":"Gremlin Horn"},{"floor":26.0,"key":"Bottled Tornado"},{"floor":28.0,"key":"Meat on the Bone"},{"floor":36.0,"key":"Dead Branch"},{"floor":43.0,"key":"Blue Candle"},{"floor":48.0,"key":"StrikeDummy"},{"floor":54.0,"key":"Toy Ornithopter"}],"event_choices":[{"damage_healed":0.0,"max_hp_gain":0.0,"max_hp_loss":0.0,"gold_gain":0.0,"event_name":"Accursed Blacksmith","player_choice":"Rummage","floor":2.0,"gold_loss":0.0,"damage_taken":0.0,"relics_obtained":["WarpedTongs"],"cards_obtained":["Pain"]},{"damage_healed":0.0,"max_hp_gain":0.0,"max_hp_loss":0.0,"gold_gain":175.0,"event_name":"Liars Game","player_choice":"AGREE","floor":4.0,"gold_loss":0.0,"damage_taken":0.0,"cards_obtained":["Doubt"]},{"cards_removed":["Strike_R"],"damage_healed":0.0,"max_hp_gain":0.0,"max_hp_loss":0.0,"gold_gain":0.0,"event_name":"Golden Wing","player_choice":"Card Removal","floor":13.0,"gold_loss":0.0,"damage_taken":7.0},{"damage_healed":0.0,"max_hp_gain":0.0,"max_hp_loss":0.0,"gold_gain":0.0,"event_name":"Shining Light","player_choice":"Entered Light","floor":14.0,"gold_loss":0.0,"damage_taken":18.0,"cards_upgraded":["Defend_R","Strike_R"]},{"damage_healed":0.0,"max_hp_gain":0.0,"max_hp_loss":0.0,"gold_gain":0.0,"event_name":"Masked Bandits","player_choice":"Fought Bandits","floor":19.0,"gold_loss":0.0,"damage_taken":0.0},{"damage_healed":0.0,"max_hp_gain":0.0,"max_hp_loss":0.0,"gold_gain":0.0,"event_name":"The Mausoleum","player_choice":"Opened","floor":20.0,"gold_loss":0.0,"damage_taken":0.0,"relics_obtained":["CaptainsWheel"]},{"damage_healed":0.0,"max_hp_gain":0.0,"max_hp_loss":0.0,"gold_gain":0.0,"event_name":"Forgotten Altar","player_choice":"Smashed Altar","floor":22.0,"gold_loss":0.0,"damage_taken":0.0,"cards_obtained":["Decay"]},{"damage_healed":0.0,"max_hp_gain":0.0,"max_hp_loss":0.0,"gold_gain":0.0,"event_name":"The Library","player_choice":"Read","floor":24.0,"gold_loss":0.0,"damage_taken":0.0,"cards_obtained":["Inflame"]},{"damage_healed":0.0,"max_hp_gain":0.0,"max_hp_loss":0.0,"gold_gain":99.0,"event_name":"Nest","player_choice":"Stole From Cult","floor":27.0,"gold_loss":0.0,"damage_taken":0.0},{"damage_healed":0.0,"max_hp_gain":0.0,"max_hp_loss":0.0,"gold_gain":0.0,"event_name":"Mysterious Sphere","player_choice":"Fight","floor":36.0,"gold_loss":0.0,"damage_taken":0.0},{"damage_healed":0.0,"max_hp_gain":0.0,"max_hp_loss":0.0,"gold_gain":999.0,"event_name":"MindBloom","player_choice":"Gold","floor":37.0,"gold_loss":0.0,"damage_taken":0.0,"cards_obtained":["Normality","Normality"]},{"damage_healed":0.0,"max_hp_gain":0.0,"max_hp_loss":0.0,"gold_gain":0.0,"event_name":"Duplicator","player_choice":"Copied","floor":45.0,"gold_loss":0.0,"damage_taken":0.0,"cards_obtained":["Flame Barrier"]}],"is_beta":false,"boss_relics":[{"not_picked":["SacredBark","Runic Dome"],"picked":"Empty Cage"},{"not_picked":["Sozu","Snecko Eye"],"picked":"Tiny House"}],"items_purged_floors":[3,31,39,44,53],"is_endless":false,"potions_floor_spawned":[7,12,16,18,19,21,23,28,30,33,35,36,41,46,48,54],"ascension_level":1}}