{"host":"11728qvdvolffudn","time":1610041736,"event":{"mods":["BaseMod","Block Reminder","Colored Powertips","Curses Come First","Custom Start","Displayed Cursed Tome","Highlight Path","Minty Spire (QoL Compilation)","Permanent Neow","Quick Restart","Rare Cards Sparkle","Relic Stats","StSLib"],"gold_per_floor":[118,137,150,115,132,132,149,149,224,238,238,238,238,263,263,391,391,409,262,278,166,166,166,179,197,243,90,90,124,124,163,163,292,292,305,157,182,182,110,126,126,126,126,146,207,207,220,233,233,233],"floor_reached":51,"playtime":4498,"items_purged":["Strike_B"],"score":609,"play_id":"63b36450-7518-4183-991c-33f2803eb6c5","local_time":"20210107174856","is_ascension_mode":false,"campfire_choices":[{"data":"Fusion","floor":6.0,"key":"SMITH"},{"data":"Defragment","floor":8,"key":"SMITH"},{"data":"Chill","floor":12,"key":"SMITH"},{"data":"Defend_B","floor":15,"key":"SMITH"},{"data":"Capacitor","floor":23,"key":"SMITH"},{"data":"Tempest","floor":28,"key":"SMITH"},{"data":"Biased Cognition","floor":30,"key":"SMITH"},{"floor":32,"key":"REST"},{"data":"Defragment","floor":41,"key":"SMITH"},{"data":"Self Repair","floor":46,"key":"SMITH"},{"data":"Biased Cognition","floor":49,"key":"SMITH"}],"circlet_count":0,"master_deck":["Strike_B","Strike_B","Defend_B+1","Defend_B","Defend_B+1","Zap+1","Dualcast","Chill+1","Defragment+1","Fusion+1","FTL","Beam Cell","Beam Cell","Biased Cognition+1","Biased Cognition+1","Tempest+1","Capacitor+1","Self Repair+1","Defragment+1","BootSequence+1"],"relics":["Cracked Core","Mummified Hand","Golden Idol","Dead Branch","Inserter","DollysMirror","War Paint","Oddly Smooth Stone","Pen Nib","Red Mask","Nuclear Battery","Centennial Puzzle","Eternal Feather","Du-Vu Doll"],"acts_visited":["Exordium","TheCity","TheBeyond"],"potions_floor_usage":[16,16,29,33,33,40,47],"damage_taken":[{"damage":0.0,"enemies":"Cultist","floor":1.0,"turns":3.0},{"damage":1.0,"enemies":"Jaw Worm","floor":2.0,"turns":3.0},{"damage":0.0,"enemies":"Small Slimes","floor":3.0,"turns":3.0},{"damage":3.0,"enemies":"Looter","floor":5.0,"turns":4.0},{"damage":7.0,"enemies":"Large Slime","floor":7.0,"turns":5.0},{"damage":2,"enemies":"2 Fungi Beasts","floor":10,"turns":4},{"damage":3,"enemies":"Looter","floor":14,"turns":3},{"damage":25,"enemies":"The Guardian","floor":16,"turns":11},{"damage":5,"enemies":"3 Byrds","floor":18,"turns":11},{"damage":1,"enemies":"Shell Parasite","floor":20,"turns":4},{"damage":0,"enemies":"Centurion and Healer","floor":24,"turns":3},{"damage":0,"enemies":"Cultist and Chosen","floor":25,"turns":5},{"damage":18,"enemies":"Gremlin Leader","floor":29,"turns":10},{"damage":12,"enemies":"Masked Bandits","floor":31,"turns":4},{"damage":47,"enemies":"Automaton","floor":33,"turns":8},{"damage":10,"enemies":"Orb Walker","floor":35,"turns":3},{"damage":9,"enemies":"3 Shapes","floor":37,"turns":5},{"damage":9,"enemies":"Maw","floor":40,"turns":5},{"damage":11,"enemies":"4 Shapes","floor":44,"turns":5},{"damage":27,"enemies":"2 Orb Walkers","floor":45,"turns":5},{"damage":8,"enemies":"Jaw Worm Horde","floor":47,"turns":5},{"damage":15,"enemies":"Maw","floor":48,"turns":6},{"damage":5,"enemies":"Donu and Deca","floor":50,"turns":10}],"seed_played":"139990595903032568","potions_obtained":[{"floor":1.0,"key":"Fire Potion"},{"floor":5.0,"key":"Weak Potion"},{"floor":7,"key":"SpeedPotion"},{"floor":14,"key":"Strength Potion"},{"floor":25,"key":"PowerPotion"},{"floor":29,"key":"SpeedPotion"},{"floor":33,"key":"Weak Potion"},{"floor":40,"key":"Energy Potion"},{"floor":44,"key":"Explosive Potion"},{"floor":45,"key":"PowerPotion"}],"is_trial":false,"path_per_floor":["M","M","M","$","M","R","M","R","T","M","?","R","?","M","R","B",null,"M","$","M","$","?","R","M","M","T","$","R","E","R","?","R","B",null,"M","$","M","?","$","M","R","?","T","M","?","R","M","M","R","B",null],"character_chosen":"DEFECT","items_purchased":["FTL","DollysMirror","Tempest","Oddly Smooth Stone","Centennial Puzzle","Defragment"],"campfire_rested":1,"item_purchase_floors":[4,19,21,27,36,39],"current_hp_per_floor":[75,74,74,74,71,71,64,64,64,62,44,44,44,41,41,16,75,70,70,69,69,69,69,69,69,69,69,69,51,51,39,61,21,75,72,72,70,70,70,68,68,68,68,64,44,56,58,53,65,70],"gold":233,"neow_bonus":"TRANSFORM_CARD","is_daily":false,"chose_seed":false,"campfire_upgraded":10,"win_rate":0.0,"timestamp":1610041736,"path_taken":["M","M","M","$","M","R","M","R","T","M","?","R","?","M","R","BOSS","M","$","M","$","?","R","M","M","T","$","R","E","R","?","R","BOSS","M","$","M","?","$","M","R","?","T","M","?","R","M","M","R","BOSS"],"items_purchased_type":["Card","Relic","Card","Relic","Relic","Card"],"build_version":"2020-12-22","purchased_purges":1,"victory":true,"max_hp_per_floor":[75,75,75,75,75,75,75,75,75,75,75,75,75,75,75,75,75,75,75,75,75,75,75,75,75,75,75,75,75,75,75,75,75,75,75,75,75,75,75,75,75,71,71,71,71,71,71,71,71,71],"relic_stats":{"Centennial Puzzle":[21],"Inserter":[39],"counters":[23,125],"Mummified Hand":[84],"Golden Idol":144,"Dead Branch":[62],"Eternal Feather":24,"Pen Nib":[9],"War Paint":["Zap","Defend_B"],"obtain_stats":[{"Inserter":17,"Golden Idol":11,"Dead Branch":13,"Oddly Smooth Stone":27,"Eternal Feather":43,"Pen Nib":29,"War Paint":26,"Nuclear Battery":34,"Du-Vu Doll":45,"Centennial Puzzle":36,"Mummified Hand":9,"DollysMirror":19,"Red Mask":31,"Cracked Core":0},{"Inserter":8,"Golden Idol":6,"Dead Branch":6,"Oddly Smooth Stone":12,"Eternal Feather":18,"Pen Nib":13,"War Paint":12,"Nuclear Battery":15,"Du-Vu Doll":20,"Centennial Puzzle":16,"Mummified Hand":5,"DollysMirror":9,"Red Mask":14,"Cracked Core":0},{"Inserter":36,"Golden Idol":22,"Dead Branch":22,"Oddly Smooth Stone":59,"Eternal Feather":94,"Pen Nib":69,"War Paint":59,"Nuclear Battery":81,"Du-Vu Doll":104,"Centennial Puzzle":84,"Mummified Hand":18,"DollysMirror":47,"Red Mask":73,"Cracked Core":0}]},"card_choices":[{"not_picked":["Sweeping Beam","Rebound","Gash"],"picked":"SKIP","floor":1.0},{"not_picked":["Streamline","Hologram"],"picked":"Defragment","floor":2.0},{"not_picked":["Steam","Hologram"],"picked":"Fusion","floor":3.0},{"not_picked":["Double Energy","Sweeping Beam"],"picked":"Beam Cell","floor":5.0},{"not_picked":["Double Energy","Buffer","Streamline"],"picked":"SKIP","floor":7},{"not_picked":["Double Energy","Buffer","Streamline"],"picked":"SKIP","floor":7},{"not_picked":["Stack","Coolheaded","Conserve Battery"],"picked":"SKIP","floor":10},{"not_picked":["Auto Shields","Compile Driver"],"picked":"Beam Cell","floor":14},{"not_picked":["Buffer","Fission"],"picked":"Biased Cognition","floor":16},{"not_picked":["Skim+1","Hello World","Reprogram"],"picked":"SKIP","floor":18},{"not_picked":["Gash+1","Static Discharge","Beam Cell"],"picked":"SKIP","floor":20},{"not_picked":["Compile Driver","Barrage+1","Redo+1"],"picked":"SKIP","floor":24},{"not_picked":["Gash","Coolheaded","Scrape"],"picked":"SKIP","floor":25},{"not_picked":["Rip and Tear","Auto Shields","Gash+1"],"picked":"SKIP","floor":29},{"not_picked":["FTL+1","Genetic Algorithm"],"picked":"Self Repair","floor":31},{"not_picked":["Reinforced Body","Force Field+1","Compile Driver+1"],"picked":"SKIP","floor":35},{"not_picked":["Turbo","Stack","Steam"],"picked":"SKIP","floor":37},{"not_picked":["Blizzard+1","Go for the Eyes+1"],"picked":"BootSequence+1","floor":40},{"not_picked":["Go for the Eyes","Storm+1","Force Field"],"picked":"SKIP","floor":44},{"not_picked":["Storm+1","Compile Driver+1","Streamline"],"picked":"SKIP","floor":47},{"not_picked":["Leap","Buffer","Blizzard"],"picked":"SKIP","floor":48}],"player_experience":80460,"relics_obtained":[{"floor":9,"key":"Mummified Hand"},{"floor":26,"key":"War Paint"},{"floor":29,"key":"Pen Nib"},{"floor":31,"key":"Red Mask"},{"floor":43,"key":"Eternal Feather"},{"floor":45,"key":"Du-Vu Doll"}],"event_choices":[{"damage_healed":0,"gold_gain":0,"player_choice":"Take Damage","damage_taken":18,"relics_obtained":["Golden Idol"],"max_hp_gain":0,"max_hp_loss":0,"event_name":"Golden Idol","floor":11,"gold_loss":0},{"damage_healed":0,"gold_gain":0,"player_choice":"Gave Potion","damage_taken":0,"relics_obtained":["Dead Branch"],"max_hp_gain":0,"max_hp_loss":0,"event_name":"WeMeetAgain","floor":13,"gold_loss":0},{"damage_healed":0,"gold_gain":0,"player_choice":"Read","damage_taken":0,"max_hp_gain":0,"max_hp_loss":0,"event_name":"The Library","floor":22,"gold_loss":0,"cards_obtained":["Capacitor"]},{"damage_healed":0,"gold_gain":0,"player_choice":"Fought Bandits","damage_taken":0,"max_hp_gain":0,"max_hp_loss":0,"event_name":"Masked Bandits","floor":31,"gold_loss":0},{"cards_removed":["Defend_B"],"damage_healed":0,"gold_gain":0,"player_choice":"Removed Skill","damage_taken":0,"max_hp_gain":0,"max_hp_loss":0,"event_name":"Falling","floor":38,"gold_loss":0},{"damage_healed":0,"gold_gain":0,"player_choice":"Max HP","damage_taken":0,"max_hp_gain":0,"max_hp_loss":4,"event_name":"Winding Halls","floor":42,"gold_loss":0},{"damage_healed":0,"gold_gain":0,"player_choice":"Fight","damage_taken":0,"max_hp_gain":0,"max_hp_loss":0,"event_name":"Mysterious Sphere","floor":45,"gold_loss":0}],"is_beta":false,"boss_relics":[{"not_picked":["Empty Cage","SlaversCollar"],"picked":"Inserter"},{"not_picked":["Calling Bell","Black Star"],"picked":"Nuclear Battery"}],"items_purged_floors":[21],"is_endless":false,"potions_floor_spawned":[1,5,7,14,25,29,33,40,44,45],"ascension_level":0}}