{"host":"w05x4i13f2m9joq1","time":1610057068,"event":{"mods":["BaseMod","Colored Map","Colored Powertips","Googly Eyes","Lobotomy","LobotomyExtend","Marisa????????","Minty Spire (QoL Compilation)"],"gold_per_floor":[109,109,127,139,152,152,152,186,186,14,29,63,63,76,76,202,202,226,244,244,244],"floor_reached":20,"playtime":1829,"items_purged":[],"score":186,"play_id":"56de5d58-10ff-4cb5-9833-5e8cef8d81bd","local_time":"20210107170428","is_ascension_mode":false,"campfire_choices":[{"floor":6,"key":"REST"},{"floor":15,"key":"REST"}],"circlet_count":0,"master_deck":["Strike_MRS","Strike_MRS","Strike_MRS","Strike_MRS","Defend_MRS","Defend_MRS","Defend_MRS","Defend_MRS","MasterSpark","UpSweep+1","AbsoluteMagnitude","DoubleSpark","RefractionSpark","GrandCross","AsteroidBelt","MagicChant","IllusionStar","EarthLightRay","Acceleration","BlazeAway","CasketOfStar","PulseMagic+1","AsteroidBelt"],"relics":["BewitchedHakkero","Golden Idol","Bottled Flame","Peace Pipe","Happy Flower","TungstenRod","LetterFromLob"],"acts_visited":["Exordium","TheCity"],"potions_floor_usage":[12],"damage_taken":[{"damage":1,"enemies":"Jaw Worm","floor":1,"turns":3},{"damage":1,"enemies":"Cultist","floor":3,"turns":3},{"damage":22,"enemies":"Small Slimes","floor":4,"turns":3},{"damage":10,"enemies":"Looter","floor":5,"turns":2},{"damage":14,"enemies":"3 Sentries","floor":8,"turns":6},{"damage":2,"enemies":"3 Louse","floor":11,"turns":2},{"damage":23,"enemies":"Lagavulin","floor":12,"turns":6},{"damage":7,"enemies":"Red Slaver","floor":14,"turns":3},{"damage":25,"enemies":"Hexaghost","floor":16,"turns":10},{"damage":20,"enemies":"3 Byrds","floor":18,"turns":7},{"damage":10,"enemies":"Shell Parasite","floor":19,"turns":5},{"damage":63,"enemies":"Cultist and Chosen","floor":20,"turns":8}],"seed_played":"5732029795905503110","potions_obtained":[{"floor":3,"key":"Explosive Potion"},{"floor":11,"key":"Weak Potion"},{"floor":12,"key":"Block Potion"},{"floor":16,"key":"Strength Potion"}],"is_trial":false,"path_per_floor":["M","?","M","M","M","R","?","E","T","$","M","E","?","M","R","B",null,"M","M","M"],"character_chosen":"MARISA","items_purchased":["IllusionStar","Happy Flower"],"campfire_rested":2,"item_purchase_floors":[10,10],"current_hp_per_floor":[74,74,73,51,41,63,45,31,31,31,29,10,35,32,54,33,75,59,53,0,0],"gold":244,"neow_bonus":"ONE_RANDOM_RARE_CARD","is_daily":false,"chose_seed":false,"campfire_upgraded":0,"win_rate":0.0,"timestamp":1610057068,"path_taken":["M","?","M","?","M","R","?","E","T","$","M","E","?","M","R","BOSS","M","M","M"],"items_purchased_type":["Card","Relic"],"build_version":"2020-12-22","purchased_purges":0,"victory":false,"max_hp_per_floor":[75,75,75,75,75,75,75,75,75,75,75,75,75,75,75,75,75,75,75,75,75],"card_choices":[{"not_picked":["GravityBeat","LuminesStrike"],"picked":"DoubleSpark","floor":1},{"not_picked":["UnstableBomb","MysteriousBeam"],"picked":"RefractionSpark","floor":3},{"not_picked":["MachineGunSpark","SporeBomb"],"picked":"GrandCross","floor":4},{"not_picked":["EnergyRecoil","MilkyWay"],"picked":"AsteroidBelt","floor":5},{"not_picked":["AsteroidBelt","EscapeVelocity"],"picked":"MagicChant","floor":8},{"not_picked":["6A","WitchOfGreed"],"picked":"EarthLightRay","floor":11},{"not_picked":["ShootingEcho","EventHorizon"],"picked":"Acceleration","floor":12},{"not_picked":["PowerUp","DarkSpark"],"picked":"BlazeAway","floor":14},{"not_picked":["EscapeVelocity","SuperNova"],"picked":"CasketOfStar","floor":16},{"not_picked":["AsteroidBelt+1","WitchLeyline"],"picked":"PulseMagic+1","floor":18},{"not_picked":["6A","NonDirectionalLaser+1"],"picked":"AsteroidBelt","floor":19}],"player_experience":55225,"relics_obtained":[{"floor":8,"key":"Bottled Flame"},{"floor":9,"key":"Peace Pipe"},{"floor":12,"key":"TungstenRod"},{"floor":19,"key":"LetterFromLob"}],"event_choices":[{"damage_healed":0,"gold_gain":0,"player_choice":"Forge","damage_taken":0,"max_hp_gain":0,"max_hp_loss":0,"event_name":"Accursed Blacksmith","floor":2,"gold_loss":0,"cards_upgraded":["UpSweep"]},{"damage_healed":0,"gold_gain":0,"player_choice":"Take Damage","damage_taken":18,"relics_obtained":["Golden Idol"],"max_hp_gain":0,"max_hp_loss":0,"event_name":"Golden Idol","floor":7,"gold_loss":0},{"damage_healed":25,"gold_gain":0,"player_choice":"Banana","damage_taken":0,"max_hp_gain":0,"max_hp_loss":0,"event_name":"Big Fish","floor":13,"gold_loss":0}],"is_beta":false,"boss_relics":[{"not_picked":["Runic Pyramid","Empty Cage"],"picked":"BewitchedHakkero"}],"items_purged_floors":[],"is_endless":false,"potions_floor_spawned":[3,11,12,16,18,19],"killed_by":"Cultist and Chosen","ascension_level":0}}