{"host":"y1gy3vaohdji07z5","time":1610037634,"event":{"mods":["AchievementEnabler","BaseMod","Colored Map","Colored Powertips","Hermit","Minty Spire (QoL Compilation)","Random Character Button","Rare Cards Sparkle","StSLib"],"gold_per_floor":[118,131,56,131,141,141,141,141],"floor_reached":7,"playtime":347,"items_purged":["hermit:Snapshot"],"score":47,"play_id":"a031ecfd-e76e-4c89-b50f-726cf869ee54","local_time":"20210107174034","is_ascension_mode":true,"campfire_choices":[{"data":"hermit:Maintenance","floor":6,"key":"SMITH"}],"circlet_count":0,"master_deck":["hermit:Strike_Hermit","hermit:Strike_Hermit","hermit:Strike_Hermit","hermit:Strike_Hermit","hermit:Defend_Hermit","hermit:Defend_Hermit","hermit:Defend_Hermit","hermit:Defend_Hermit","hermit:Covet","Finesse","hermit:Maintenance+1"],"relics":["hermit:Momento"],"acts_visited":["Exordium"],"potions_floor_usage":[7],"damage_taken":[{"damage":5,"enemies":"Jaw Worm","floor":1,"turns":4},{"damage":0,"enemies":"Small Slimes","floor":2,"turns":3},{"damage":4,"enemies":"2 Louse","floor":5,"turns":4},{"damage":65,"enemies":"Gremlin Nob","floor":7,"turns":5}],"seed_played":"-5822094882972607096","potions_obtained":[{"floor":5,"key":"Fruit Juice"}],"is_trial":false,"path_per_floor":["M","M","$","?","M","R","E"],"character_chosen":"HERMIT","items_purchased":[],"campfire_rested":0,"item_purchase_floors":[],"current_hp_per_floor":[70,70,70,59,55,55,0,0],"gold":141,"neow_bonus":"RANDOM_COLORLESS","is_daily":false,"chose_seed":false,"campfire_upgraded":1,"win_rate":0.0,"timestamp":1610037634,"path_taken":["M","M","$","?","M","R","E"],"items_purchased_type":[],"build_version":"2020-12-22","purchased_purges":1,"victory":false,"max_hp_per_floor":[75,75,75,75,75,75,80,80],"card_choices":[{"not_picked":["Madness","PanicButton"],"picked":"Finesse","floor":0},{"not_picked":["hermit:Headshot","hermit:TrackingShot"],"picked":"hermit:Maintenance","floor":1},{"not_picked":["hermit:GoldenBullet","hermit:Coalescence","hermit:BodyArmor"],"picked":"SKIP","floor":2},{"not_picked":["hermit:Headshot","hermit:WideOpen","hermit:Manifest"],"picked":"SKIP","floor":5}],"player_experience":401549,"relics_obtained":[],"event_choices":[{"damage_healed":0,"gold_gain":75,"player_choice":"Gather Gold","damage_taken":11,"max_hp_gain":0,"max_hp_loss":0,"event_name":"World of Goop","floor":4,"gold_loss":0}],"is_beta":false,"boss_relics":[],"items_purged_floors":[3],"is_endless":false,"potions_floor_spawned":[5],"killed_by":"Gremlin Nob","ascension_level":3}}