{"host":"u5p72gjg7qm9i6r4","time":1610002683,"event":{"mods":["AchievementEnabler","BaseMod","Minty Spire (QoL Compilation)","Rare Cards Sparkle"],"gold_per_floor":[114,189,206,306,320,348,348,373,373,393,393,393,427,446,446,546,546,563,575,575,589,69,99,99,32,32,32,44,76,95,122,122,222,222,240,97,97,147,166,166,195,195,195,195,38,65,65,80,80,80],"floor_reached":51,"playtime":2784,"items_purged":[],"score":933,"play_id":"1574384c-ce13-4889-a32d-92882f0b0074","local_time":"20210107005803","is_ascension_mode":true,"campfire_choices":[{"floor":7.0,"key":"REST"},{"floor":12.0,"key":"REST"},{"data":"Blade Dance","floor":15.0,"key":"SMITH"},{"floor":24.0,"key":"REST"},{"floor":27.0,"key":"RECALL"},{"floor":32.0,"key":"REST"},{"data":"Apotheosis","floor":40,"key":"SMITH"},{"data":"Wraith Form v2","floor":42,"key":"SMITH"},{"data":"Blade Dance","floor":44,"key":"SMITH"},{"data":"After Image","floor":47,"key":"SMITH"},{"floor":49,"key":"REST"}],"circlet_count":0,"master_deck":["Strike_G","Defend_G","Defend_G","Defend_G","Defend_G","Defend_G","Survivor","Neutralize","Dagger Spray","Noxious Fumes","Flying Knee","Blade Dance+1","Cloak And Dagger+1","Backflip","After Image+1","Die Die Die+1","Wraith Form v2+1","Night Terror+1","Backflip","Flying Knee","Footwork","Apotheosis+1","Accuracy","Dash","Dark Shackles","Night Terror","Catalyst","Well Laid Plans","PiercingWail+1","Blade Dance+1","Terror+1","Accuracy","Wraith Form v2+1","Endless Agony+1","Storm of Steel","Footwork","Flash of Steel","Leg Sweep+1","Blur+1","Crippling Poison","Catalyst+1"],"relics":["Ring of the Serpent","Regal Pillow","Ancient Tea Set","Letter Opener","Kunai","Gambling Chip","Astrolabe","Lantern","Dream Catcher","Bronze Scales","Bag of Marbles","Red Mask","StoneCalendar","Strawberry","Ornamental Fan","Nunchaku","Pen Nib"],"acts_visited":["Exordium","TheCity","TheBeyond"],"potions_floor_usage":[50,50],"damage_taken":[{"damage":1.0,"enemies":"Small Slimes","floor":1.0,"turns":6.0},{"damage":0.0,"enemies":"2 Louse","floor":3.0,"turns":2.0},{"damage":8.0,"enemies":"Cultist","floor":5.0,"turns":4.0},{"damage":40.0,"enemies":"Lagavulin","floor":6.0,"turns":9.0},{"damage":28.0,"enemies":"Gremlin Nob","floor":8.0,"turns":4.0},{"damage":8.0,"enemies":"Blue Slaver","floor":10.0,"turns":3.0},{"damage":6.0,"enemies":"Lagavulin","floor":13.0,"turns":7.0},{"damage":3.0,"enemies":"Red Slaver","floor":14.0,"turns":3.0},{"damage":8.0,"enemies":"Slime Boss","floor":16.0,"turns":10.0},{"damage":4.0,"enemies":"Chosen","floor":18.0,"turns":6.0},{"damage":2.0,"enemies":"Shell Parasite","floor":19.0,"turns":6.0},{"damage":0.0,"enemies":"Shelled Parasite and Fungi","floor":21.0,"turns":6.0},{"damage":45.0,"enemies":"Slavers","floor":23.0,"turns":7.0},{"damage":0.0,"enemies":"Cultist and Chosen","floor":28.0,"turns":6.0},{"damage":20.0,"enemies":"Book of Stabbing","floor":29.0,"turns":7.0},{"damage":7.0,"enemies":"Centurion and Healer","floor":30.0,"turns":6.0},{"damage":4.0,"enemies":"Masked Bandits","floor":31.0,"turns":4.0},{"damage":14.0,"enemies":"Automaton","floor":33.0,"turns":8.0},{"damage":13.0,"enemies":"3 Darklings","floor":35.0,"turns":5.0},{"damage":0.0,"enemies":"Mind Bloom Boss Battle","floor":38.0,"turns":2.0},{"damage":0,"enemies":"Orb Walker","floor":39,"turns":2},{"damage":6,"enemies":"Nemesis","floor":41,"turns":7},{"damage":0,"enemies":"Reptomancer","floor":46,"turns":4},{"damage":12,"enemies":"Spire Growth","floor":48,"turns":3},{"damage":33,"enemies":"Time Eater","floor":50,"turns":8}],"seed_played":"-8196595737851568708","potions_obtained":[{"floor":3.0,"key":"Poison Potion"},{"floor":5.0,"key":"LiquidBronze"},{"floor":8.0,"key":"SkillPotion"},{"floor":13.0,"key":"Energy Potion"},{"floor":14.0,"key":"Regen Potion"},{"floor":28.0,"key":"Energy Potion"},{"floor":31.0,"key":"LiquidBronze"},{"floor":41,"key":"LiquidBronze"}],"is_trial":false,"path_per_floor":["M","?","M","?","M","E","R","E","T","M","?","R","E","M","R","B",null,"M","M","?","M","$","E","R","$","T","R","M","E","M","?","R","B",null,"M","$","?","?","M","R","E","R","T","R","$","E","R","M","R","B",null],"character_chosen":"THE_SILENT","items_purchased":["Apotheosis","Lantern","Accuracy","Dash","Dark Shackles","Well Laid Plans","Storm of Steel","Footwork","Nunchaku"],"campfire_rested":5,"item_purchase_floors":[22,22,22,22,22,25,36,36,45],"current_hp_per_floor":[69,58,58,58,50,10,46,18,18,10,10,46,40,37,37,29,70,66,64,64,64,64,19,55,55,55,55,55,35,28,24,60,46,70,57,57,57,57,57,57,58,58,58,58,58,58,58,46,77,44],"gold":80,"neow_bonus":"RANDOM_COMMON_RELIC","is_daily":false,"chose_seed":false,"campfire_upgraded":5,"win_rate":0.0,"timestamp":1610002683,"path_taken":["M","?","M","?","?","E","R","E","T","M","?","R","E","?","R","BOSS","M","M","?","M","$","E","R","?","T","R","M","E","M","?","R","BOSS","M","$","?","?","M","R","E","R","T","R","$","E","R","M","R","BOSS"],"items_purchased_type":["Card","Relic","Card","Card","Card","Card","Card","Card","Relic"],"build_version":"2020-12-22","purchased_purges":0,"victory":true,"max_hp_per_floor":[70,70,70,70,70,70,70,70,70,70,70,70,70,70,70,70,70,70,70,70,70,70,70,70,70,70,70,70,70,70,70,70,70,70,70,70,70,70,70,70,77,77,77,77,77,77,77,77,77,77],"card_choices":[{"not_picked":["Underhanded Strike","Concentrate"],"picked":"Dagger Spray","floor":1.0},{"not_picked":["Expertise","Infinite Blades"],"picked":"Noxious Fumes","floor":3.0},{"not_picked":["Well Laid Plans","Expertise"],"picked":"Flying Knee","floor":5.0},{"not_picked":["Flechettes","Slice"],"picked":"Blade Dance","floor":6.0},{"not_picked":["Dodge and Roll","Backflip"],"picked":"Cloak And Dagger","floor":8.0},{"not_picked":["Deflect","Dodge and Roll"],"picked":"Backflip","floor":10.0},{"not_picked":["Outmaneuver","Flechettes","Calculated Gamble"],"picked":"SKIP","floor":13.0},{"not_picked":["Riddle With Holes","Poisoned Stab","Deadly Poison"],"picked":"SKIP","floor":14.0},{"not_picked":["Venomology","Adrenaline"],"picked":"After Image","floor":16.0},{"not_picked":["Setup","Underhanded Strike"],"picked":"Backflip","floor":18.0},{"not_picked":["Dagger Throw","Slice"],"picked":"Flying Knee","floor":19.0},{"not_picked":["Underhanded Strike+1","Cloak And Dagger"],"picked":"Footwork","floor":21.0},{"not_picked":["Terror","Escape Plan+1"],"picked":"Night Terror","floor":23.0},{"not_picked":["Prepared","Choke"],"picked":"Catalyst","floor":24.0},{"not_picked":["Deadly Poison","Cloak And Dagger"],"picked":"PiercingWail+1","floor":28.0},{"not_picked":["Predator","Deflect+1"],"picked":"Blade Dance","floor":29.0},{"not_picked":["Deflect","Dagger Throw","Expertise"],"picked":"SKIP","floor":30.0},{"not_picked":["Cloak And Dagger","Crippling Poison"],"picked":"Terror+1","floor":31.0},{"not_picked":["All Out Attack","Prepared"],"picked":"Accuracy","floor":32.0},{"not_picked":["Unload","Grand Finale"],"picked":"Wraith Form v2","floor":33.0},{"not_picked":["Poisoned Stab","Masterful Stab+1"],"picked":"Endless Agony+1","floor":35.0},{"not_picked":["Thinking Ahead","Metamorphosis"],"picked":"Flash of Steel","floor":37.0},{"not_picked":["Concentrate+1","Catalyst+1"],"picked":"Leg Sweep+1","floor":38.0},{"not_picked":["Flechettes+1","Riddle With Holes+1"],"picked":"Blur+1","floor":39},{"not_picked":["Calculated Gamble+1","Expertise+1"],"picked":"Crippling Poison","floor":41},{"not_picked":["Slice+1","Backflip+1"],"picked":"Catalyst+1","floor":46},{"not_picked":["Acrobatics","Cloak And Dagger","Poisoned Stab+1"],"picked":"SKIP","floor":48}],"player_experience":95844,"relics_obtained":[{"floor":6.0,"key":"Ancient Tea Set"},{"floor":8.0,"key":"Letter Opener"},{"floor":9.0,"key":"Kunai"},{"floor":13.0,"key":"Gambling Chip"},{"floor":23.0,"key":"Dream Catcher"},{"floor":26.0,"key":"Bronze Scales"},{"floor":29.0,"key":"Bag of Marbles"},{"floor":31.0,"key":"Red Mask"},{"floor":38.0,"key":"StoneCalendar"},{"floor":41,"key":"Strawberry"},{"floor":43,"key":"Ornamental Fan"},{"floor":46,"key":"Pen Nib"}],"event_choices":[{"damage_healed":0.0,"max_hp_gain":0.0,"max_hp_loss":0.0,"gold_gain":75.0,"event_name":"World of Goop","player_choice":"Gather Gold","floor":2.0,"gold_loss":0.0,"damage_taken":11.0},{"damage_healed":0.0,"max_hp_gain":0.0,"max_hp_loss":0.0,"gold_gain":100.0,"event_name":"Golden Shrine","player_choice":"Pray","floor":4.0,"gold_loss":0.0,"damage_taken":0.0},{"cards_removed":["Strike_G"],"damage_healed":0.0,"max_hp_gain":0.0,"max_hp_loss":0.0,"gold_gain":0.0,"event_name":"Bonfire Elementals","player_choice":"Offered Basic","floor":11.0,"gold_loss":0.0,"damage_taken":0.0},{"damage_healed":0.0,"max_hp_gain":0.0,"max_hp_loss":0.0,"gold_gain":0.0,"event_name":"Upgrade Shrine","player_choice":"Upgraded","floor":20.0,"gold_loss":0.0,"damage_taken":0.0,"cards_upgraded":["Cloak And Dagger"]},{"damage_healed":0.0,"max_hp_gain":0.0,"max_hp_loss":0.0,"gold_gain":0.0,"event_name":"Masked Bandits","player_choice":"Fought Bandits","floor":31.0,"gold_loss":0.0,"damage_taken":0.0},{"damage_healed":0.0,"max_hp_gain":0.0,"max_hp_loss":0.0,"gold_gain":0.0,"event_name":"SensoryStone","player_choice":"Memory 1","floor":37.0,"gold_loss":0.0,"damage_taken":0.0},{"damage_healed":0.0,"max_hp_gain":0.0,"max_hp_loss":0.0,"gold_gain":0.0,"event_name":"MindBloom","player_choice":"Fight","floor":38.0,"gold_loss":0.0,"damage_taken":0.0}],"is_beta":false,"boss_relics":[{"not_picked":["SacredBark","Velvet Choker"],"picked":"Astrolabe"},{"not_picked":["Snecko Eye","Busted Crown"],"picked":"Ring of the Serpent"}],"items_purged_floors":[],"is_endless":false,"potions_floor_spawned":[3,5,8,13,14,18,19,28,31,41],"ascension_level":4}}