{"host":"dmdprxj8bosbz96f","time":1610021793,"event":{"mods":["AchievementEnabler","BaseMod","Colored Map","DeckTracker","Minty Spire (QoL Compilation)","Permanent Neow","Quick Restart","SuperFastMode","everything is the same but u backflip on backflip"],"gold_per_floor":[14,14,189,189,68,68,68,81,81,95,115,115,150,170,170,170,170],"floor_reached":16,"playtime":341,"items_purged":["Doubt"],"score":120,"play_id":"ee362966-74be-4e67-85f7-c0f2508f90a3","local_time":"20210107211633","is_ascension_mode":true,"campfire_choices":[{"data":"Strike_R","floor":6,"key":"PURGE"},{"floor":12,"key":"REST"},{"data":"Rampage","floor":15,"key":"SMITH"}],"circlet_count":0,"master_deck":["Strike_R","Strike_R","Strike_R","Strike_R","Defend_R","Defend_R","Defend_R","Defend_R","Bash","Rampage+1","Shrug It Off","Heavy Blade","Armaments","Impervious","Pommel Strike","Perfected Strike"],"relics":["Burning Blood","Peace Pipe","Golden Idol","Oddly Smooth Stone","White Beast Statue"],"acts_visited":["Exordium"],"potions_floor_usage":[11,13,14,14],"damage_taken":[{"damage":9,"enemies":"2 Louse","floor":1,"turns":4},{"damage":1,"enemies":"Cultist","floor":8,"turns":3},{"damage":20,"enemies":"Small Slimes","floor":10,"turns":4},{"damage":11,"enemies":"2 Fungi Beasts","floor":11,"turns":4},{"damage":19,"enemies":"Gremlin Nob","floor":13,"turns":4},{"damage":2,"enemies":"Large Slime","floor":14,"turns":7},{"damage":62,"enemies":"Slime Boss","floor":16,"turns":9}],"seed_played":"6050522410280081609","potions_obtained":[{"floor":1,"key":"Energy Potion"},{"floor":4,"key":"EssenceOfSteel"},{"floor":4,"key":"ElixirPotion"},{"floor":10,"key":"AttackPotion"},{"floor":14,"key":"Fruit Juice"}],"is_trial":false,"path_per_floor":["M","?","?","?","$","R","$","M","T","M","M","R","E","M","R","B"],"character_chosen":"IRONCLAD","items_purchased":["Shrug It Off"],"campfire_rested":1,"item_purchase_floors":[5],"current_hp_per_floor":[77,74,74,74,74,74,74,74,74,60,55,74,61,70,70,8,8],"gold":170,"neow_bonus":"ONE_RARE_RELIC","is_daily":false,"chose_seed":false,"campfire_upgraded":1,"win_rate":0.0,"timestamp":1610021793,"path_taken":["M","?","?","?","$","R","$","M","T","?","M","R","E","M","R","BOSS"],"items_purchased_type":["Card"],"build_version":"2020-12-22","purchased_purges":1,"victory":false,"max_hp_per_floor":[80,74,74,74,74,74,74,74,74,74,74,74,74,79,79,79,79],"card_choices":[{"not_picked":["Ghostly Armor","Metallicize"],"picked":"Rampage","floor":1},{"not_picked":["Burning Pact","Cleave"],"picked":"Heavy Blade","floor":8},{"not_picked":["Uppercut","Reckless Charge"],"picked":"Armaments","floor":10},{"not_picked":["Heavy Blade","Disarm"],"picked":"Impervious","floor":11},{"not_picked":["Cleave","Power Through"],"picked":"Pommel Strike","floor":13},{"not_picked":["True Grit","Dark Embrace"],"picked":"Perfected Strike","floor":14}],"player_experience":168821,"relics_obtained":[{"floor":9,"key":"Oddly Smooth Stone"},{"floor":13,"key":"White Beast Statue"}],"event_choices":[{"damage_healed":0,"gold_gain":0,"player_choice":"Lose Max HP","damage_taken":0,"relics_obtained":["Golden Idol"],"max_hp_gain":0,"max_hp_loss":6,"event_name":"Golden Idol","floor":2,"gold_loss":0},{"damage_healed":0,"gold_gain":175,"player_choice":"AGREE","damage_taken":0,"max_hp_gain":0,"max_hp_loss":0,"event_name":"Liars Game","floor":3,"gold_loss":0,"cards_obtained":["Doubt"]},{"damage_healed":0,"gold_gain":0,"player_choice":"Got Potions","damage_taken":0,"max_hp_gain":0,"max_hp_loss":0,"event_name":"Lab","floor":4,"gold_loss":0}],"is_beta":false,"boss_relics":[],"items_purged_floors":[5],"is_endless":false,"potions_floor_spawned":[1,10,14],"killed_by":"Slime Boss","ascension_level":4}}