{"host":"ig7tc0uedzltt2sr","time":1610057030,"event":{"mods":["BaseMod","Better Twitch Integration","Block Reminder","Colored Map","Colored Powertips","Communication Mod","Current Relic Mod","GifTheSpireLib","HexUI Lib","Minty Spire (QoL Compilation)","Quick Restart","Random Character Button","Rare Cards Sparkle","Relic Sorter","Relic Stats","Slay the Relics Exporter","StSLib","SuperFastMode","Synergy Search","Twitch Decklist","Twitch Utils","everything is the same but u backflip on backflip","slay the spire mod where everything is the same but ironclad has a cowboy hat"],"gold_per_floor":[116,135,135,135,145,145,159,129,129,144,144,144,65,65,65],"floor_reached":14,"playtime":91,"items_purged":[],"score":80,"play_id":"f81618a8-0277-48c9-9968-51fd093d6f8f","local_time":"20210107140350","is_ascension_mode":false,"campfire_choices":[{"floor":6,"key":"RECALL"}],"circlet_count":0,"master_deck":["Strike_R","Strike_R","Strike_R","Strike_R","Strike_R","Defend_R","Defend_R","Defend_R","Defend_R","Bash","Power Through","Feed","Rage","Havoc","Evolve","Sword Boomerang","Spot Weakness"],"relics":["Burning Blood","NeowsBlessing"],"acts_visited":["Exordium"],"potions_floor_usage":[],"damage_taken":[{"damage":0,"enemies":"Cultist","floor":1,"turns":1},{"damage":0,"enemies":"Jaw Worm","floor":2,"turns":1},{"damage":0,"enemies":"Small Slimes","floor":5,"turns":2},{"damage":26,"enemies":"3 Louse","floor":7,"turns":10},{"damage":10,"enemies":"Looter","floor":8,"turns":4},{"damage":16,"enemies":"2 Fungi Beasts","floor":10,"turns":5},{"damage":46,"enemies":"3 Sentries","floor":14,"turns":8}],"seed_played":"8368062390896584948","potions_obtained":[{"floor":2,"key":"PowerPotion"},{"floor":5,"key":"SteroidPotion"},{"floor":10,"key":"GamblersBrew"}],"is_trial":false,"path_per_floor":["M","M","$","$","M","R","M","M","T","M","?","?","$","E"],"character_chosen":"IRONCLAD","items_purchased":["Spot Weakness"],"campfire_rested":0,"item_purchase_floors":[13],"current_hp_per_floor":[80,80,80,80,80,80,60,56,56,46,46,46,46,0,0],"gold":65,"neow_bonus":"THREE_ENEMY_KILL","is_daily":false,"chose_seed":false,"campfire_upgraded":0,"win_rate":0.0,"timestamp":1610057030,"path_taken":["M","M","?","$","?","R","M","M","T","M","?","?","$","E"],"items_purchased_type":["Card"],"build_version":"2020-12-22","purchased_purges":0,"victory":false,"max_hp_per_floor":[80,80,80,80,80,80,80,80,80,80,80,80,80,80,80],"relic_stats":{"counters":[7,31],"obtain_stats":[{"NeowsBlessing":0,"Burning Blood":0},{"NeowsBlessing":0,"Burning Blood":0},{"NeowsBlessing":0,"Burning Blood":0}],"Burning Blood":18},"card_choices":[{"not_picked":["Armaments","Warcry"],"picked":"Power Through","floor":1},{"not_picked":["Iron Wave","Combust"],"picked":"Feed","floor":2},{"not_picked":["Perfected Strike","Sword Boomerang"],"picked":"Rage","floor":5},{"not_picked":["Thunderclap","Heavy Blade"],"picked":"Havoc","floor":7},{"not_picked":["Havoc","Fire Breathing"],"picked":"Evolve","floor":8},{"not_picked":["Anger","Wild Strike"],"picked":"Sword Boomerang","floor":10}],"player_experience":1456942,"relics_obtained":[],"event_choices":[{"damage_healed":0,"gold_gain":0,"player_choice":"Ignored","damage_taken":0,"max_hp_gain":0,"max_hp_loss":0,"event_name":"Golden Idol","floor":11,"gold_loss":0},{"damage_healed":0,"gold_gain":0,"player_choice":"Searched \u00270\u0027 times","damage_taken":0,"max_hp_gain":0,"max_hp_loss":0,"event_name":"Dead Adventurer","floor":12,"gold_loss":0}],"is_beta":false,"boss_relics":[],"items_purged_floors":[],"is_endless":false,"potions_floor_spawned":[2,5,10],"killed_by":"3 Sentries","ascension_level":0}}