{"host":"a3oe3gstxz77c7qu","time":1610046365,"event":{"mods":["2.2 Compatiblity","Act Like it!","BaseMod","Bestiary","Better Altar","Better Match","Better Note","Better Skull","Better Third Choice","Block Reminder","Curses Come First","Custom Start","Downfall","Friendly Minions","GifTheSpireLib","Hermit","Infinite Spire","Jorbs\u0027s Wanderer Trilogy","Lobotomy","LobotomyExtend","Marisa????????","Minty Spire (QoL Compilation)","Permanent Neow","Quick Restart","Relic Stats","Replay The Spire","StSLib","The Bug Knight","The Disciple","Uncapped","Wandering Minibosses"],"gold_per_floor":[111,61,61,81,81,112,126,126,126,155,155,155,174,193,193,398,398,409,409,409,409,460,460,480,538,538,538,608,664,238,271,271,470,520,682,731,731,790,860,987,1019,1136,1159,1200,1241,1241,1516,1589,1589,1687,1687],"floor_reached":52,"playtime":5105,"items_purged":["FairyFestival"],"score":4435,"play_id":"d1850ab1-27be-4dd1-9bd7-9694b8866320","local_time":"20210107190605","is_ascension_mode":true,"campfire_choices":[{"data":"HollowMod:LifebloodCocoon","floor":8.0,"key":"SMITH"},{"data":"HollowMod:PogoStrike","floor":11.0,"key":"SMITH"},{"data":"HollowMod:MonarchWings","floor":15.0,"key":"SMITH"},{"data":"HollowMod:SoulSplash","floor":23.0,"key":"SMITH"},{"data":"HollowMod:AwokenDreamNail","floor":27.0,"key":"SMITH"},{"data":"ReplayTheSpireMod:??????????????????????","floor":32.0,"key":"SMITH"},{"data":"HollowMod:DesolateDive","floor":46,"key":"SMITH"},{"data":"HollowMod:CrystalDash","floor":49,"key":"SMITH"}],"circlet_count":0,"master_deck":["BlueStar","BlueStar","BlueStar","BodiesMountain","BodiesMountain","Funeral","HollowMod:NailStrikeStart+1","HollowMod:NailStrikeStart","HollowMod:NailStrikeStart","HollowMod:QuickDashStart","HollowMod:QuickDashStart","HollowMod:QuickDashStart","HollowMod:FocusHealStart+1","HollowMod:PogoStrike+1","HollowMod:CycloneSlash+1","MeatLantern","HollowMod:LifebloodCocoon+1","HollowMod:CrystalDash+1","HollowMod:MonarchWings+1","HollowMod:SoulSplash+1","ReplayTheSpireMod:??????????????????????+1","BlackSwan","HollowMod:MonomonsArchive","HollowMod:AwokenDreamNail+1","UniverseFragment","HollowMod:PerfectDash+1","HollowMod:PerfectDash+1","HollowMod:DoubleDash+1","HollowMod:SoulShaman+1","Looming Evil","HollowMod:CloakDash+1","infinitespire:TheBestDefense+1","HollowMod:DesolateDive+1","HollowMod:ChannelNail+1","Regret"],"relics":["HollowMod:VesselMask","CogitoBucket","RabbitCall","LetterFromLob","Sundial","Moonlight_r","LaetitiaHeart","ReplayTheSpireMod:Lightbulb","Oddly Smooth Stone","Replay:WaspNest","ChangeAnything","Philosopher\u0027s Stone","infinitespire:EmpoweringShard","Red Mask","LuminousBracelet","Replay:Bandana","Toxic Egg 2","Mummified Hand","Centennial Puzzle","Pet Ghost","Tiny House","AtMidnight","BehaviorAdjustment","Ring of Searing","Ring of Peace","Snack Pack","Replay:Rubber Ducky","infinitespire:Satchel","SolemnVow_r","Prayer Wheel","TheSmile_r","SoundOfStar_r"],"acts_visited":["Exordium","TheCity","TheBeyond"],"potions_floor_usage":[50,50,50,50,50,50],"damage_taken":[{"damage":1.0,"enemies":"Cultist","floor":1.0,"turns":4.0},{"damage":0.0,"enemies":"2 Louse","floor":4.0,"turns":2.0},{"damage":0.0,"enemies":"infinitespire:Voidling","floor":5.0,"turns":6.0},{"damage":0.0,"enemies":"Gremlin Nob","floor":6.0,"turns":2.0},{"damage":9.0,"enemies":"infinitespire:Voidling","floor":7.0,"turns":4.0},{"damage":9.0,"enemies":"Lagavulin","floor":10.0,"turns":5.0},{"damage":0.0,"enemies":"Large Slime","floor":13.0,"turns":6.0},{"damage":0.0,"enemies":"Exordium Thugs","floor":14.0,"turns":4.0},{"damage":12.0,"enemies":"HollowMod:FalseKnight","floor":16.0,"turns":12.0},{"damage":5.0,"enemies":"Chosen","floor":18.0,"turns":6.0},{"damage":1.0,"enemies":"Masked Bandits","floor":22.0,"turns":3.0},{"damage":9.0,"enemies":"3 Byrds","floor":24.0,"turns":4.0},{"damage":7.0,"enemies":"Slavers","floor":25.0,"turns":4.0},{"damage":38.0,"enemies":"Nightmare","floor":28.0,"turns":3.0},{"damage":3.0,"enemies":"Snecko","floor":29.0,"turns":4.0},{"damage":0.0,"enemies":"Cultist and Chosen","floor":31.0,"turns":4.0},{"damage":4.0,"enemies":"Pondfish","floor":33.0,"turns":7.0},{"damage":33,"enemies":"3 Shapes","floor":35,"turns":13},{"damage":2,"enemies":"Orb Walker","floor":36,"turns":2},{"damage":19,"enemies":"Spire Growth","floor":39,"turns":4},{"damage":41,"enemies":"Nightmare","floor":40,"turns":6},{"damage":17,"enemies":"Writhing Mass","floor":41,"turns":5},{"damage":23,"enemies":"Giant Head","floor":42,"turns":6},{"damage":11,"enemies":"Sphere and 2 Shapes","floor":44,"turns":3},{"damage":9,"enemies":"R_Hoarder","floor":45,"turns":5},{"damage":15,"enemies":"3 Darklings","floor":48,"turns":4},{"damage":115,"enemies":"Replay:Hell Engine","floor":50,"turns":8}],"seed_played":"-7503374574218085274","potions_obtained":[{"floor":7.0,"key":"DuplicationPotion"},{"floor":13.0,"key":"EssenceOfSteel"},{"floor":14.0,"key":"Explosive Potion"},{"floor":16.0,"key":"BlessingOfTheForge"},{"floor":22.0,"key":"sneckomod:MuddlingPotion"},{"floor":34.0,"key":"Adrenaline Potion"},{"floor":36,"key":"GamblersBrew"},{"floor":38,"key":"EntropicBrew"},{"floor":38,"key":"PowerPotion"},{"floor":38,"key":"Strength Potion"}],"is_trial":false,"path_per_floor":["M","?","?","M","M","E","M","R","T","E","R","?","M","M","R","B",null,"M","?","?","?","?","R","M","E","T","R","NM","M","$","M","R","B",null,"M","M","?","?","M","NM","M","E","T","M","E","R","?","M","R","B",null,null],"character_chosen":"THE_BUGKNIGHT","items_purchased":["Centennial Puzzle","Pet Ghost","HollowMod:PerfectDash+1"],"campfire_rested":0,"item_purchase_floors":[30,30,30],"current_hp_per_floor":[75,75,75,75,31,31,37,37,37,34,34,34,54,63,63,75,75,72,54,66,66,68,68,84,87,87,87,51,52,52,58,58,68,82,78,83,83,83,80,68,64,79,79,71,78,78,78,80,80,11,11],"gold":1687,"neow_bonus":"","is_daily":false,"chose_seed":false,"campfire_upgraded":8,"win_rate":0.0,"timestamp":1610046365,"path_taken":["M","?","?","?","M","E","M","R","T","E","R","?","M","M","R","BOSS","M","?","?","?","?","R","?","E","T","R","NM","M","$","M","R","BOSS","M","M","?","?","M","NM","M","E","T","?","E","R","?","?","R","BOSS"],"items_purchased_type":["Relic","Relic","Card"],"build_version":"2020-12-22","purchased_purges":1,"victory":true,"max_hp_per_floor":[75,75,75,75,75,75,75,75,75,75,75,75,75,75,75,75,75,75,75,75,75,75,75,90,90,90,90,90,90,90,90,90,80,85,85,85,85,85,85,85,85,85,85,85,85,85,85,85,85,85,85],"relic_stats":{"Centennial Puzzle":[31],"counters":[31,138],"Sundial":[36],"Mummified Hand":[2],"Prayer Wheel":1,"obtain_stats":[{"RabbitCall":0,"Tiny House":34,"SolemnVow_r":44,"LuminousBracelet":24,"HollowMod:VesselMask":0,"Pet Ghost":30,"Ring of Searing":37,"Replay:Rubber Ducky":42,"CogitoBucket":0,"Replay:Bandana":25,"Centennial Puzzle":30,"LaetitiaHeart":5,"Sundial":3,"Mummified Hand":28,"Ring of Peace":37,"Philosopher\u0027s Stone":17,"Prayer Wheel":45,"Red Mask":22,"Toxic Egg 2":26,"Oddly Smooth Stone":9,"Replay:WaspNest":10,"Moonlight_r":5,"TheSmile_r":48,"AtMidnight":35,"infinitespire:Satchel":43,"SoundOfStar_r":50,"BehaviorAdjustment":35,"LetterFromLob":1,"infinitespire:EmpoweringShard":21,"Snack Pack":40,"ChangeAnything":13,"ReplayTheSpireMod:Lightbulb":6},{"RabbitCall":0,"Tiny House":19,"SolemnVow_r":27,"LuminousBracelet":14,"HollowMod:VesselMask":0,"Pet Ghost":17,"Ring of Searing":22,"Replay:Rubber Ducky":26,"CogitoBucket":0,"Replay:Bandana":15,"Centennial Puzzle":17,"LaetitiaHeart":3,"Sundial":1,"Mummified Hand":16,"Ring of Peace":22,"Philosopher\u0027s Stone":10,"Prayer Wheel":28,"Red Mask":12,"Toxic Egg 2":15,"Oddly Smooth Stone":5,"Replay:WaspNest":6,"Moonlight_r":3,"TheSmile_r":29,"AtMidnight":21,"infinitespire:Satchel":26,"SoundOfStar_r":31,"BehaviorAdjustment":21,"LetterFromLob":1,"infinitespire:EmpoweringShard":11,"Snack Pack":24,"ChangeAnything":8,"ReplayTheSpireMod:Lightbulb":4},{"RabbitCall":0,"Tiny House":80,"SolemnVow_r":119,"LuminousBracelet":58,"HollowMod:VesselMask":0,"Pet Ghost":69,"Ring of Searing":96,"Replay:Rubber Ducky":117,"CogitoBucket":0,"Replay:Bandana":62,"Centennial Puzzle":69,"LaetitiaHeart":12,"Sundial":4,"Mummified Hand":65,"Ring of Peace":96,"Philosopher\u0027s Stone":44,"Prayer Wheel":125,"Red Mask":53,"Toxic Egg 2":62,"Oddly Smooth Stone":18,"Replay:WaspNest":22,"Moonlight_r":12,"TheSmile_r":129,"AtMidnight":94,"infinitespire:Satchel":117,"SoundOfStar_r":137,"BehaviorAdjustment":94,"LetterFromLob":4,"infinitespire:EmpoweringShard":50,"Snack Pack":106,"ChangeAnything":29,"ReplayTheSpireMod:Lightbulb":14}]},"card_choices":[{"not_picked":["HollowMod:CornifersMapStart","HollowMod:DreamGate"],"picked":"HollowMod:PerfectDash","floor":1.0},{"not_picked":["BeautyBeast","OldLady"],"picked":"VoidDream","floor":1.0},{"not_picked":["HollowMod:PureVessel","HollowMod:GoodIntentions"],"picked":"HollowMod:CycloneSlash","floor":4.0},{"not_picked":["MHz","OSAHOGD"],"picked":"MeatLantern","floor":4.0},{"not_picked":["HollowMod:Grubsong","HollowMod:InfectionAssault"],"picked":"HollowMod:LifebloodCocoon","floor":6.0},{"not_picked":["PunishingBird","HeroicMonk","LittleHelper"],"picked":"Singing Bowl","floor":6.0},{"not_picked":["OSAHOGD","Wellcheers","PunishingBird"],"picked":"Singing Bowl","floor":7.0},{"not_picked":["HollowMod:VengefulSpirit","HollowMod:NewLittleFool","HollowMod:SoulStrike"],"picked":"SKIP","floor":7.0},{"not_picked":["ShyLook","BeautyBeast","NakedNest"],"picked":"Singing Bowl","floor":10.0},{"not_picked":["CrumblingArmor","OSAHOGD"],"picked":"FairyFestival","floor":10.0},{"not_picked":["HollowMod:SoulStrike","HollowMod:InfectedCysts","HollowMod:HowlingWraiths"],"picked":"SKIP","floor":10.0},{"not_picked":["HollowMod:ShapeofUnn","HollowMod:FastStrike"],"picked":"HollowMod:CrystalDash","floor":13.0},{"not_picked":["MHz","CherryBlossoms","QueenBee"],"picked":"Singing Bowl","floor":13.0},{"not_picked":["HollowMod:VengefulVoid","HollowMod:VengefulSpirit"],"picked":"HollowMod:MonarchWings","floor":14.0},{"not_picked":["OldLady","WallGazer","GalaxyChild"],"picked":"Singing Bowl","floor":14.0},{"not_picked":["Scorched","SingingMachine","QueenBee"],"picked":"Singing Bowl","floor":16.0},{"not_picked":["HollowMod:SharpenedNail","HollowMod:WraithStrike"],"picked":"HollowMod:SoulSplash","floor":18.0},{"not_picked":["OSAHOGD","Murderer","BeautyBeast"],"picked":"Singing Bowl","floor":18.0},{"not_picked":["infinitespire:Execution","infinitespire:Punishment"],"picked":"ReplayTheSpireMod:??????????????????????","floor":19.0},{"not_picked":["OldLady","Murderer"],"picked":"BlackSwan","floor":22.0},{"not_picked":["HollowMod:NewGlowingWomb","HollowMod:VengefulSpirit+1"],"picked":"HollowMod:MonomonsArchive","floor":22.0},{"not_picked":["HollowMod:PureNailStrike","HollowMod:HowlingWraiths"],"picked":"HollowMod:AwokenDreamNail","floor":24.0},{"not_picked":["OldLady","GalaxyChild","GreedKing"],"picked":"Singing Bowl","floor":24.0},{"not_picked":["Wellcheers","ShyLook"],"picked":"BlueStar","floor":25.0},{"not_picked":["HollowMod:MonarchWings","HollowMod:VengefulSpirit","HollowMod:DoubleDash"],"picked":"SKIP","floor":25.0},{"not_picked":["HollowMod:HornetsHelp","HollowMod:NewLittleFool"],"picked":"HollowMod:CloakDash+1","floor":28.0},{"not_picked":["LittlePrince","SpiderBud"],"picked":"UniverseFragment","floor":28.0},{"not_picked":["WallGazer","CherryBlossoms","GalaxyChild"],"picked":"Singing Bowl","floor":29.0},{"not_picked":["HollowMod:TaintedHusks+1","HollowMod:SoulSplash+1","HollowMod:InfectedCysts"],"picked":"SKIP","floor":29.0},{"not_picked":["HollowMod:ChannelNail+1","HollowMod:QuirrelsAssistance"],"picked":"HollowMod:DreamGate+1","floor":31.0},{"not_picked":["BeautyBeast","PunishingBird","ShyLook"],"picked":"Singing Bowl","floor":31.0},{"not_picked":["GreedKing","Wellcheers","Scarecrow"],"picked":"Singing Bowl","floor":33.0},{"not_picked":["HollowMod:MothsMistake","HollowMod:SharpenedNail"],"picked":"HollowMod:DoubleDash+1","floor":34.0},{"not_picked":["HollowMod:HowlingWraiths+1","HollowMod:ShadowDash+1"],"picked":"HollowMod:SoulShaman+1","floor":35},{"not_picked":["LittlePrince","QueenBee","Alriune"],"picked":"Singing Bowl","floor":35},{"not_picked":["HappyTeddy","BigBird","FieryBird"],"picked":"Singing Bowl","floor":36},{"not_picked":["HollowMod:PerfectDash+1","HollowMod:HeavyBlow+1","HollowMod:LifebloodCocoon+1"],"picked":"SKIP","floor":36},{"not_picked":["HollowMod:LifebloodCocoon+1","HollowMod:GoodIntentions+1"],"picked":"HollowMod:CloakDash+1","floor":38},{"not_picked":["LittleHelper","HappyTeddy","DreamingCurrent"],"picked":"Singing Bowl","floor":39},{"not_picked":["HollowMod:BlackTendrils","HollowMod:DashSlash","HollowMod:MawleksShell+1"],"picked":"SKIP","floor":39},{"not_picked":["ReplayTheSpireMod:Echoes of Time","infinitespire:Oblivion"],"picked":"infinitespire:TheBestDefense","floor":40},{"not_picked":["PunishingBird","Rudolta","BigBadWolf"],"picked":"Singing Bowl","floor":40},{"not_picked":["HollowMod:DesolateDive+1","HollowMod:BlackTendrils","HollowMod:MonarchWings+1"],"picked":"SKIP","floor":40},{"not_picked":["GalaxyChild","CherryBlossoms","QueenOfHatred"],"picked":"Singing Bowl","floor":41},{"not_picked":["HollowMod:QuirrelsAssistance","HollowMod:AbyssShriek+1","HollowMod:PerfectDash+1"],"picked":"SKIP","floor":41},{"not_picked":["HollowMod:SoulStrike+1","HollowMod:HeavyBlow+1"],"picked":"HollowMod:DesolateDive","floor":42},{"not_picked":["RedShoes","Porccubus"],"picked":"Funeral","floor":42},{"not_picked":["HollowMod:DoubleDash+1","HollowMod:HowlingWraiths+1"],"picked":"HollowMod:ChannelNail+1","floor":44},{"not_picked":["GreedKing","WhitesApple","Scarecrow"],"picked":"Singing Bowl","floor":44},{"not_picked":["HollowMod:LifebloodCocoon+1","HollowMod:TaintedHusks+1"],"picked":"HollowMod:MantisMark+1","floor":45},{"not_picked":["HeroicMonk","Mercenary"],"picked":"BodiesMountain","floor":45},{"not_picked":["QueenBee","Freischutz","PunishingBird"],"picked":"Singing Bowl","floor":48},{"not_picked":["HollowMod:SharpenedShadows","HollowMod:WraithStrike+1","HollowMod:InfectedAttack+1"],"picked":"SKIP","floor":48},{"not_picked":["HollowMod:SharpenedNail","HollowMod:SiblingsSouls+1","HollowMod:WraithStrike"],"picked":"SKIP","floor":48}],"player_experience":919385,"relics_obtained":[{"floor":1.0,"key":"LetterFromLob"},{"floor":6.0,"key":"ReplayTheSpireMod:Lightbulb"},{"floor":9.0,"key":"Oddly Smooth Stone"},{"floor":10.0,"key":"Replay:WaspNest"},{"floor":22.0,"key":"Red Mask"},{"floor":25.0,"key":"Replay:Bandana"},{"floor":26.0,"key":"Toxic Egg 2"},{"floor":28.0,"key":"Mummified Hand"},{"floor":35,"key":"AtMidnight"},{"floor":37,"key":"Ring of Searing"},{"floor":37,"key":"Ring of Peace"},{"floor":40,"key":"Snack Pack"},{"floor":42,"key":"Replay:Rubber Ducky"},{"floor":43,"key":"infinitespire:Satchel"},{"floor":45,"key":"Prayer Wheel"}],"event_choices":[{"cards_removed":["HollowMod:QuickDashStart"],"damage_healed":0.0,"max_hp_gain":0.0,"max_hp_loss":0.0,"gold_gain":0.0,"event_name":"The Cleric","player_choice":"Card Removal","floor":2.0,"gold_loss":50.0,"damage_taken":0.0},{"cards_removed":["VoidDream"],"damage_healed":0.0,"max_hp_gain":0.0,"max_hp_loss":0.0,"gold_gain":0.0,"event_name":"WeMeetAgain","player_choice":"Gave Card","floor":3.0,"gold_loss":0.0,"damage_taken":0.0,"relics_obtained":["Sundial"]},{"damage_healed":0.0,"max_hp_gain":0.0,"max_hp_loss":0.0,"gold_gain":0.0,"event_name":"Masked Bandits","player_choice":"Fought Bandits","floor":22.0,"gold_loss":0.0,"damage_taken":0.0},{"damage_healed":0,"gold_gain":275,"player_choice":"Desecrate","damage_taken":0,"max_hp_gain":0,"max_hp_loss":0,"event_name":"Golden Shrine","floor":47,"gold_loss":0,"cards_obtained":["Regret"]}],"is_beta":false,"boss_relics":[{"not_picked":["Runic Dome","Fusion Hammer"],"picked":"Philosopher\u0027s Stone"},{"not_picked":["Velvet Choker","Ring of Chaos"],"picked":"Tiny House"}],"items_purged_floors":[30],"is_endless":false,"potions_floor_spawned":[7,13,14,16,22,25,28,36,41,42,45,48],"ascension_level":6}}