{"host":"2gugywxuw0nvjb3h","time":1610059819,"event":{"mods":["AchievementEnabler","BaseMod","Better Altar","Better Match","Better Note","Better Sensory Stone","Better Skull","Better Third Choice","BetterRewards","Colored Map","Colored Powertips","Curses Come First","Evolution","GifTheSpireLib","Hermit","Key Reminder","Marisa????????","Minty Spire (QoL Compilation)","Rare Cards Sparkle","Relic Sorter","Replay The Spire","Shade Mod","Spicy Shops","StSLib","The Cursed","The Disciple","The Marked","The Senshi","The Servant 0.9.4"],"gold_per_floor":[116,130,142,152,427,427,454,454,531,558,574,574,574,574,590,22,22,126,126,140,140,92,92,117,149,163,163,163,163,174,202,119,130,130,232,232,250,263,273,14,32,32,61,61,84,113,162,162,187,197,197,197],"floor_reached":53,"playtime":4294,"items_purged":["Pain"],"score":1661,"play_id":"1aa72b4f-92bd-4e6a-9d03-f65c9c0131da","local_time":"20210107155019","is_ascension_mode":true,"campfire_choices":[{"data":"Shade:CallWraith","floor":6,"key":"SMITH"},{"data":"Shade:FeralStrike","floor":8,"key":"SMITH"},{"floor":17,"key":"REST"},{"floor":27,"key":"REST"},{"data":"Shade:TouchOfTheGrave","floor":29,"key":"SMITH"},{"floor":34,"key":"DIG"},{"data":"Shade:GreaterAnimation","floor":42,"key":"SMITH"},{"floor":44,"key":"DIG"},{"data":"1","floor":51,"key":"LIFT"}],"circlet_count":0,"master_deck":["Shade:Strike_Shade","Shade:Strike_Shade","Shade:Strike_Shade","Shade:Strike_Shade","Shade:Defend_Shade","Shade:Defend_Shade","Shade:Defend_Shade","Shade:Defend_Shade","Shade:AnimateDead","Shade:CarefulCut","Clumsy","Apotheosis+1","Shade:Frenzy","Shade:Premonition","Shade:CommandSoldier","Shade:CallWraith+1","Shade:FeralStrike+1","Shade:WallOfFlesh","Shade:GraveStillness","Shade:FuneraryArmor","Shade:TouchOfTheGrave","Shade:TouchOfTheGrave+1","Shade:Putrefaction","AbeCurse","CurseOfTheBell","Shade:Doomsay","Shade:Frenzy+1","Shade:ScuttlingHand","Shade:ScuttlingHand+1","Shade:CommandSoldier+1","Shade:ClawBack","Shade:CallWraith+1","Shade:GreaterAnimation+1","Shade:FingerOfDeath+1","Shade:Trample+1","Shade:Frenzy+1","Shade:FreshBones+1","Dramatic Entrance","Shade:FuneraryArmor+1","Shade:FingerOfDeath+1","Shade:FleshLikeOak+1","Shade:DangerousRitual+1","Shade:PoundOfFlesh"],"relics":["Shade:YorickSkull","Replay:Wax Seal","EVO:Axolotl","Meat on the Bone","Mercury Hourglass","BargainBundle","Gremlin Horn","Snack Pack","Kunai","ClockworkSouvenir","Replay:Multitool","Replay:Bottled Eggs","Lizard Tail","White Beast Statue","Juzu Bracelet","WarpedTongs","Ginger","Bag of Preparation","Replay:Grab Bag","Abe\u0027s Treasure","Busted Crown","Calling Bell","Toxic Egg 2","Durian","PreservedInsect","Red Mask","Omamori","Pear","Ancient Tea Set","Anchor","ChewingGum","Centennial Puzzle","Blood Vial","Happy Flower","theSenshi:SailorFukuRelic","Singing Bowl","Girya","InkBottle"],"acts_visited":["Exordium","TheCity","TheBeyond"],"potions_floor_usage":[7,7,10,18,24,25,30,32,33,33,43,49,52,52,52],"damage_taken":[{"damage":0,"enemies":"Cultist","floor":1,"turns":3},{"damage":0,"enemies":"2 Louse","floor":2,"turns":1},{"damage":0,"enemies":"Jaw Worm","floor":3,"turns":3},{"damage":10,"enemies":"Red Slaver","floor":4,"turns":3},{"damage":19,"enemies":"Gremlin Nob","floor":7,"turns":4},{"damage":41,"enemies":"Lagavulin","floor":10,"turns":5},{"damage":7,"enemies":"Looter","floor":11,"turns":3},{"damage":2,"enemies":"3 Louse","floor":15,"turns":1},{"damage":5,"enemies":"Slime Boss","floor":18,"turns":7},{"damage":1,"enemies":"Spheric Guardian","floor":20,"turns":3},{"damage":7,"enemies":"Masked Bandits","floor":24,"turns":4},{"damage":13,"enemies":"Book of Stabbing","floor":25,"turns":5},{"damage":5,"enemies":"Chosen","floor":26,"turns":4},{"damage":0,"enemies":"Snake Plant","floor":30,"turns":5},{"damage":5,"enemies":"Gremlin Leader","floor":31,"turns":3},{"damage":0,"enemies":"Shelled Parasite and Fungi","floor":32,"turns":3},{"damage":5,"enemies":"Centurion and Healer","floor":33,"turns":3},{"damage":34,"enemies":"Champ","floor":35,"turns":8},{"damage":12,"enemies":"3 Shapes","floor":37,"turns":3},{"damage":0,"enemies":"3 Darklings","floor":38,"turns":3},{"damage":1,"enemies":"Maw","floor":39,"turns":7},{"damage":5,"enemies":"Spire Growth","floor":41,"turns":5},{"damage":6,"enemies":"Nemesis","floor":43,"turns":5},{"damage":5,"enemies":"R_Hoarder","floor":46,"turns":5},{"damage":5,"enemies":"2 Orb Walkers","floor":47,"turns":4},{"damage":7,"enemies":"Reptomancer","floor":49,"turns":3},{"damage":8,"enemies":"Transient","floor":50,"turns":5},{"damage":45,"enemies":"Awakened One","floor":52,"turns":10}],"seed_played":"5584548570388935829","potions_obtained":[{"floor":2,"key":"Languid Potion"},{"floor":4,"key":"GamblersBrew"},{"floor":7,"key":"SteroidPotion"},{"floor":10,"key":"Explosive Potion"},{"floor":11,"key":"Energy Potion"},{"floor":15,"key":"Reflective Coating"},{"floor":18,"key":"Block Potion"},{"floor":24,"key":"EssenceOfSteel"},{"floor":25,"key":"Weak Potion"},{"floor":26,"key":"ColorlessPotion"},{"floor":30,"key":"ColorlessPotion"},{"floor":32,"key":"Dexterity Potion"},{"floor":33,"key":"FearPotion"},{"floor":35,"key":"Adrenaline Potion"},{"floor":38,"key":"Explosive Potion"},{"floor":43,"key":"Block Potion"},{"floor":49,"key":"Explosive Potion"}],"is_trial":false,"path_per_floor":["M","M","M","M","?","R","E","R","T","E","M","PTL","PTL","?","M","$","R","B",null,"M","?","$","?","?","E","M","R","T","R","M","E","M","M","R","B",null,"M","M","M","$","M","R","E","R","T","E","?","?","E","M","R_BF","B",null],"character_chosen":"SHADE","items_purchased":["Meat on the Bone","Mercury Hourglass","BargainBundle","Gremlin Horn","Snack Pack","Kunai","ClockworkSouvenir","Replay:Multitool","Apotheosis","Replay:Bottled Eggs","Shade:TouchOfTheGrave","Ginger","Bag of Preparation","PreservedInsect","Centennial Puzzle","Shade:FreshBones+1","Dramatic Entrance"],"campfire_rested":2,"item_purchase_floors":[0,0,0,0,0,0,0,0,0,0,16,16,16,22,40,40,40],"current_hp_per_floor":[59,61,61,51,51,51,44,44,44,15,20,20,20,20,30,30,49,44,65,66,66,66,66,59,46,43,64,74,74,74,73,77,74,74,50,73,61,65,70,70,65,65,67,67,67,68,69,69,64,66,66,45],"gold":197,"neow_bonus":"","is_daily":false,"chose_seed":false,"campfire_upgraded":4,"win_rate":0.0,"timestamp":1610059819,"path_taken":["M","?","M","M","?","R","E","R","T","E","M","PTL","PTL","?","M","$","R","BOSS","M","?","$","?","?","E","M","R","T","R","M","E","M","M","R","BOSS","M","M","M","$","M","R","E","R","T","E","?","?","E","M","R_BF","BOSS"],"items_purchased_type":["Relic","Relic","Relic","Relic","Relic","Relic","Relic","Relic","Card","Relic","Card","Relic","Relic","Relic","Relic","Card","Card"],"build_version":"2020-12-22","purchased_purges":1,"victory":true,"max_hp_per_floor":[65,65,65,65,65,65,65,65,65,65,65,65,65,65,65,65,65,65,70,70,70,70,70,70,70,70,70,80,80,80,80,80,80,80,80,80,80,80,80,80,80,80,80,80,80,80,82,82,82,82,82,82],"card_choices":[{"not_picked":["Shade:GraveStillness","Shade:Trample"],"picked":"Shade:Frenzy","floor":1},{"not_picked":["Shade:GreyBargain","Shade:GraveStillness"],"picked":"Shade:Premonition","floor":2},{"not_picked":["Shade:GreyBargain","Shade:FingerOfDeath"],"picked":"Shade:CommandSoldier","floor":3},{"not_picked":["Shade:FreshBones","Shade:GreyBargain"],"picked":"Shade:CallWraith","floor":4},{"not_picked":["Shade:RavenousHorde","Shade:Bite_Shade"],"picked":"Shade:FeralStrike","floor":7},{"not_picked":["Shade:OneIsEnough","Shade:SkeletonHug"],"picked":"Shade:WallOfFlesh","floor":10},{"not_picked":["Shade:CloudOfShrapnel","Shade:CommandSoldier"],"picked":"Shade:GraveStillness","floor":11},{"not_picked":["Shade:Trample","Shade:Doomsay"],"picked":"Shade:FuneraryArmor","floor":15},{"not_picked":["Shade:LastGasp","Shade:OminousRitual"],"picked":"Shade:Putrefaction","floor":18},{"not_picked":[],"picked":"Shade:Doomsay","floor":20},{"not_picked":[],"picked":"Shade:ScuttlingHand","floor":25},{"not_picked":[],"picked":"Shade:ScuttlingHand+1","floor":26},{"not_picked":[],"picked":"Shade:CommandSoldier+1","floor":30},{"not_picked":[],"picked":"Shade:ClawBack","floor":31},{"not_picked":[],"picked":"Shade:CallWraith+1","floor":32},{"not_picked":["Shade:RavenousHorde+1"],"picked":"SKIP","floor":33},{"not_picked":[],"picked":"Shade:GreaterAnimation","floor":35},{"not_picked":[],"picked":"Shade:FingerOfDeath+1","floor":37},{"not_picked":[],"picked":"Shade:Trample+1","floor":38},{"not_picked":[],"picked":"Shade:Frenzy+1","floor":39},{"not_picked":[],"picked":"Shade:FuneraryArmor+1","floor":41},{"not_picked":[],"picked":"Shade:FingerOfDeath+1","floor":43},{"not_picked":[],"picked":"Shade:FleshLikeOak+1","floor":46},{"not_picked":["Shade:BoneShards"],"picked":"Singing Bowl","floor":47},{"not_picked":[],"picked":"Shade:DangerousRitual+1","floor":49},{"not_picked":[],"picked":"Shade:PoundOfFlesh","floor":50}],"player_experience":301280,"relics_obtained":[{"floor":7,"key":"Lizard Tail"},{"floor":9,"key":"White Beast Statue"},{"floor":10,"key":"Juzu Bracelet"},{"floor":19,"key":"Replay:Wax Seal"},{"floor":19,"key":"Toxic Egg 2"},{"floor":19,"key":"Durian"},{"floor":24,"key":"Red Mask"},{"floor":25,"key":"Omamori"},{"floor":28,"key":"Pear"},{"floor":31,"key":"Ancient Tea Set"},{"floor":34,"key":"Anchor"},{"floor":43,"key":"Blood Vial"},{"floor":44,"key":"Happy Flower"},{"floor":45,"key":"theSenshi:SailorFukuRelic"},{"floor":46,"key":"Singing Bowl"},{"floor":47,"key":"Girya"},{"floor":49,"key":"InkBottle"}],"event_choices":[{"damage_healed":0,"gold_gain":275,"player_choice":"Desecrate","damage_taken":0,"max_hp_gain":0,"max_hp_loss":0,"event_name":"Golden Shrine","floor":5,"gold_loss":0,"cards_obtained":["Regret"]},{"damage_healed":0,"gold_gain":0,"player_choice":"Rummage","damage_taken":0,"relics_obtained":["WarpedTongs"],"max_hp_gain":0,"max_hp_loss":0,"event_name":"Accursed Blacksmith","floor":14,"gold_loss":0,"cards_obtained":["Pain"]},{"damage_healed":0,"gold_gain":0,"player_choice":"Ignored","damage_taken":0,"max_hp_gain":0,"max_hp_loss":0,"event_name":"betterNote:BetterNote","floor":21,"gold_loss":0,"cards_obtained":["Strike_MRS"]},{"damage_healed":0,"gold_gain":0,"player_choice":"Copied","damage_taken":0,"max_hp_gain":0,"max_hp_loss":0,"event_name":"Duplicator","floor":23,"gold_loss":0,"cards_obtained":["Shade:Frenzy"]},{"damage_healed":0,"gold_gain":0,"player_choice":"Fought Bandits","damage_taken":0,"max_hp_gain":0,"max_hp_loss":0,"event_name":"Masked Bandits","floor":24,"gold_loss":0},{"damage_healed":0,"gold_gain":0,"player_choice":"Fight","damage_taken":0,"max_hp_gain":0,"max_hp_loss":0,"event_name":"Mysterious Sphere","floor":47,"gold_loss":0},{"cards_removed":["Regret"],"damage_healed":0,"gold_gain":0,"player_choice":"Card Removal","damage_taken":0,"max_hp_gain":0,"max_hp_loss":0,"event_name":"Wheel of Change","floor":48,"gold_loss":0}],"is_beta":false,"boss_relics":[{"not_picked":["Pandora\u0027s Box","Runic Pyramid"],"picked":"Replay:Grab Bag"},{"not_picked":["Velvet Choker","Cursed Key"],"picked":"Abe\u0027s Treasure"},{"not_picked":["Runic Dome","Ectoplasm"],"picked":"Busted Crown"},{"not_picked":["Empty Cage","Snecko Eye"],"picked":"Calling Bell"},{"not_picked":["Replay:Ancient Bell","Honey Jar"],"picked":"ChewingGum"}],"items_purged_floors":[16],"is_endless":false,"potions_floor_spawned":[2,4,7,10,11,15,18,20,24,25,26,30,31,32,33,35,37,38,39,41,43,46,47,49,50],"ascension_level":8}}