{"host":"qvl114e0jmbc6yhm","time":1610048574,"event":{"mods":["Act Like it!","BaseMod","Hermit","Highlight Path","Hubris","Jedi Mod","Marisa????????","Marked Mod","Minty Spire (QoL Compilation)","Permanent Neow","Random Character Button","Relic Sorter","Relic Stats","Replay The Spire","Shop Mod","Spicy Shops","StSLib","The Jungle","The Runesmith"],"gold_per_floor":[117,130,141,141,106,106,139,139,214,239,239,255,284,295,295,366,366,384,384,403,422,71,96,96,125,196,196,215,238,252,279,279,279,279],"floor_reached":33,"playtime":1877,"items_purged":[],"score":683,"play_id":"c47db55b-f406-4302-9018-286c381be432","local_time":"20210107144254","is_ascension_mode":true,"campfire_choices":[{"data":"Terror","floor":6,"key":"SMITH"},{"floor":8,"key":"REST"},{"data":"Leg Sweep","floor":15,"key":"SMITH"},{"floor":24,"key":"REST"},{"floor":27,"key":"REST"},{"data":"Acrobatics","floor":32,"key":"SMITH"}],"circlet_count":0,"master_deck":["AscendersBane","Strike_G","Strike_G","Strike_G","Strike_G","Defend_G","Defend_G","Defend_G","Defend_G","Defend_G","Survivor","Neutralize","Leg Sweep+1","Terror+1","Heel Hook","Quick Slash","Deadly Poison","Escape Plan","ReplayTheSpireMod:Speed Training","Flying Knee","Slice","Tools of the Trade","Dodge and Roll","Acrobatics+1","Slice+1","Backflip"],"relics":["Ring of the Serpent","Ring of Chaos","Pondfish Scales","Shuriken","Pen Nib","Replay:Rubber Ducky","ClockworkSouvenir","Lantern","Art of War","Bag of Marbles","Bottled Lightning","Happy Flower","Singing Bowl"],"acts_visited":["Exordium","TheCity"],"potions_floor_usage":[5,5,7,13,13,18,20,21,23,25,31,33],"damage_taken":[{"damage":0,"enemies":"Small Slimes","floor":1,"turns":4},{"damage":4,"enemies":"Jaw Worm","floor":2,"turns":6},{"damage":1,"enemies":"Cultist","floor":3,"turns":5},{"damage":24,"enemies":"Exordium Thugs","floor":5,"turns":7},{"damage":17,"enemies":"3 Sentries","floor":7,"turns":12},{"damage":7,"enemies":"Replay:BlueRogue","floor":10,"turns":6},{"damage":2,"enemies":"Large Slime","floor":12,"turns":6},{"damage":0,"enemies":"Gremlin Nob","floor":13,"turns":3},{"damage":0,"enemies":"Blue Slaver","floor":14,"turns":2},{"damage":34,"enemies":"Fading Forest","floor":16,"turns":11},{"damage":0,"enemies":"3 Byrds","floor":18,"turns":6},{"damage":6,"enemies":"Spheric Guardian","floor":20,"turns":4},{"damage":33,"enemies":"Snake Plant","floor":21,"turns":5},{"damage":0,"enemies":"Replay:Snechameleon","floor":23,"turns":5},{"damage":3,"enemies":"Book of Stabbing","floor":25,"turns":4},{"damage":0,"enemies":"Snecko","floor":28,"turns":4},{"damage":6,"enemies":"3 Cultists","floor":30,"turns":7},{"damage":0,"enemies":"Slavers","floor":31,"turns":6},{"damage":55,"enemies":"Collector","floor":33,"turns":8}],"seed_played":"-3807062773020193370","potions_obtained":[{"floor":1,"key":"EntropicBrew"},{"floor":3,"key":"SkillPotion"},{"floor":7,"key":"AttackPotion"},{"floor":16,"key":"Block Potion"},{"floor":19,"key":"Toxic Potion"},{"floor":19,"key":"SkillPotion"},{"floor":20,"key":"CunningPotion"},{"floor":28,"key":"Energy Potion"},{"floor":30,"key":"SteroidPotion"}],"is_trial":true,"path_per_floor":["M","M","M","?","M","R","E","R","T","E","?","M","E","M","R","B",null,"M","?","M","M","$","E","R","E","T","R","M","T","M","E","R","B"],"character_chosen":"THE_SILENT","items_purchased":["ClockworkSouvenir","Lantern","PowerPotion"],"campfire_rested":3,"item_purchase_floors":[22,22,22],"current_hp_per_floor":[59,55,54,54,30,30,13,32,32,25,25,23,23,23,23,7,51,51,51,45,12,12,12,31,28,28,47,47,47,41,43,43,0,0],"gold":279,"neow_bonus":"","is_daily":false,"chose_seed":false,"campfire_upgraded":3,"win_rate":0.0,"timestamp":1610048574,"path_taken":["M","M","M","?","M","R","E","R","T","E","?","M","E","M","R","BOSS","M","?","?","M","$","E","R","E","T","R","M","?","M","E","R","BOSS"],"items_purchased_type":["Relic","Relic","Potion"],"build_version":"2020-12-22","purchased_purges":0,"victory":false,"max_hp_per_floor":[66,66,66,66,66,66,66,66,66,66,66,66,66,66,66,66,66,66,66,66,66,66,66,66,66,66,66,66,66,66,68,68,68,68],"relic_stats":{"Happy Flower":[7],"Singing Bowl":2,"counters":[19,111],"Shuriken":[39],"Pen Nib":[18],"Art of War":[4],"obtain_stats":[{"Lantern":22,"Happy Flower":29,"Singing Bowl":31,"Ring of Chaos":0,"Pen Nib":10,"Replay:Rubber Ducky":13,"ClockworkSouvenir":22,"Pondfish Scales":7,"Shuriken":9,"Art of War":23,"Bag of Marbles":25,"Bottled Lightning":26,"Ring of the Serpent":17,"Ring of the Snake":0},{"Lantern":13,"Happy Flower":16,"Singing Bowl":18,"Ring of Chaos":0,"Pen Nib":6,"Replay:Rubber Ducky":8,"ClockworkSouvenir":13,"Pondfish Scales":5,"Shuriken":5,"Art of War":14,"Bag of Marbles":15,"Bottled Lightning":15,"Ring of the Serpent":10,"Ring of the Snake":0},{"Lantern":77,"Happy Flower":90,"Singing Bowl":103,"Ring of Chaos":0,"Pen Nib":40,"Replay:Rubber Ducky":49,"ClockworkSouvenir":77,"Pondfish Scales":34,"Shuriken":34,"Art of War":82,"Bag of Marbles":86,"Bottled Lightning":86,"Ring of the Serpent":62,"Ring of the Snake":0}]},"card_choices":[{"not_picked":["ReplayTheSpireMod:Tripwire","Draining Mist"],"picked":"Leg Sweep","floor":1},{"not_picked":["Calculated Gamble","Prepared"],"picked":"Terror","floor":2},{"not_picked":["Bane","Dodge and Roll","ReplayTheSpireMod:Exploit Weakness"],"picked":"SKIP","floor":3},{"not_picked":["Tactician","Reflex"],"picked":"Quick Slash","floor":5},{"not_picked":["Flying Knee","Prepared"],"picked":"Deadly Poison","floor":7},{"not_picked":["Cloak And Dagger","Acrobatics"],"picked":"Escape Plan","floor":10},{"not_picked":["Skewer","PiercingWail"],"picked":"Flying Knee","floor":12},{"not_picked":["Bane","ReplayTheSpireMod:Speed Training","Riddle With Holes"],"picked":"SKIP","floor":13},{"not_picked":["Deflect","Catalyst"],"picked":"Slice","floor":14},{"not_picked":["Corpse Explosion","jedi:brewingpoison"],"picked":"Tools of the Trade","floor":16},{"not_picked":["Accuracy","Endless Agony","hubris:Sniper"],"picked":"SKIP","floor":18},{"not_picked":["hubris:SlightOfHand","Poisoned Stab"],"picked":"Dodge and Roll","floor":20},{"not_picked":["Endless Agony","Terror"],"picked":"Acrobatics","floor":21},{"not_picked":["jedi:rejectivetoxin","hubris:SlightOfHand","Quick Slash"],"picked":"SKIP","floor":23},{"not_picked":["Flying Knee","Leg Sweep","Prepared"],"picked":"SKIP","floor":25},{"not_picked":["Concentrate","Distraction"],"picked":"Slice+1","floor":28},{"not_picked":["Deadly Poison","Bane"],"picked":"Backflip","floor":30},{"not_picked":["Dodge and Roll","Hidden Blade","hubris:Sniper"],"picked":"Singing Bowl","floor":31}],"player_experience":2426187,"relics_obtained":[{"floor":7,"key":"Pondfish Scales"},{"floor":9,"key":"Shuriken"},{"floor":10,"key":"Pen Nib"},{"floor":13,"key":"Replay:Rubber Ducky"},{"floor":23,"key":"Art of War"},{"floor":25,"key":"Bag of Marbles"},{"floor":26,"key":"Bottled Lightning"},{"floor":29,"key":"Happy Flower"},{"floor":31,"key":"Singing Bowl"}],"event_choices":[{"damage_healed":0,"gold_gain":0,"cards_transformed":["Strike_G"],"player_choice":"Transformed","damage_taken":0,"max_hp_gain":0,"max_hp_loss":0,"event_name":"Transmorgrifier","floor":11,"gold_loss":0,"cards_obtained":["ReplayTheSpireMod:Speed Training"]},{"damage_healed":0,"gold_gain":0,"player_choice":"Got Potions","damage_taken":0,"max_hp_gain":0,"max_hp_loss":0,"event_name":"Lab","floor":19,"gold_loss":0}],"is_beta":false,"boss_relics":[{"not_picked":["hubris:GrandSneckoEye","Tiny House"],"picked":"Ring of the Serpent"}],"items_purged_floors":[],"is_endless":false,"potions_floor_spawned":[1,3,7,16,20,28,30],"killed_by":"Collector","ascension_level":14}}