{"host":"g01l53quoe6lrer0","time":1610050546,"event":{"mods":["2.2 Compatiblity","AchievementEnabler","BaseMod","Colored Map","Highlight Path","Keyboard Shortcuts","Minty Spire (QoL Compilation)","Permanent Neow","StSLib","SuperFastMode","everything is the same but u backflip on backflip"],"gold_per_floor":[17,17,29,29,48,83,95,128,205,224,256,312,312,387,387,387,387],"floor_reached":16,"playtime":339,"items_purged":[],"score":180,"play_id":"c3fb3dd9-199d-4bd8-8edd-ea4269dc0729","local_time":"20210108051546","is_ascension_mode":true,"campfire_choices":[{"floor":15,"key":"REST"}],"circlet_count":0,"master_deck":["AscendersBane","Strike_R","Strike_R","Strike_R","Strike_R","Strike_R","Defend_R","Defend_R","Defend_R","Defend_R","Bash","Immolate","Body Slam","Pommel Strike","Double Tap","Disarm","Intimidate"],"relics":["Burning Blood","TungstenRod","Turnip","Pantograph","Centennial Puzzle","Juzu Bracelet","Golden Idol"],"acts_visited":["Exordium"],"potions_floor_usage":[11,12,12,16],"damage_taken":[{"damage":0.0,"enemies":"2 Louse","floor":1.0,"turns":1.0},{"damage":1.0,"enemies":"Cultist","floor":3.0,"turns":3.0},{"damage":0.0,"enemies":"Small Slimes","floor":5.0,"turns":3.0},{"damage":14.0,"enemies":"Lagavulin","floor":6.0,"turns":6.0},{"damage":5.0,"enemies":"2 Fungi Beasts","floor":7.0,"turns":2.0},{"damage":15.0,"enemies":"Gremlin Nob","floor":8.0,"turns":3.0},{"damage":9.0,"enemies":"Blue Slaver","floor":10.0,"turns":3.0},{"damage":24,"enemies":"Lagavulin","floor":11,"turns":7},{"damage":21,"enemies":"Lagavulin Event","floor":12,"turns":6},{"damage":21,"enemies":"Hexaghost","floor":16,"turns":7}],"seed_played":"1586538439072077413","potions_obtained":[{"floor":2.0,"key":"SkillPotion"},{"floor":2.0,"key":"Swift Potion"},{"floor":2.0,"key":"LiquidBronze"},{"floor":5.0,"key":"FearPotion"},{"floor":6.0,"key":"CultistPotion"},{"floor":8.0,"key":"Weak Potion"},{"floor":11,"key":"EssenceOfSteel"}],"is_trial":false,"path_per_floor":["M","?","M","$","M","E","M","E","T","M","E","?","?","?","R","B"],"character_chosen":"IRONCLAD","items_purchased":[],"campfire_rested":1,"item_purchase_floors":[],"current_hp_per_floor":[78,78,80,80,80,72,73,64,64,61,43,28,28,18,40,44,44],"gold":387,"neow_bonus":"THREE_RARE_CARDS","is_daily":false,"chose_seed":false,"campfire_upgraded":0,"win_rate":0.0,"timestamp":1610050546,"path_taken":["M","?","M","?","M","E","M","E","T","M","E","?","?","?","R","BOSS"],"items_purchased_type":[],"build_version":"2020-12-22","purchased_purges":0,"victory":false,"max_hp_per_floor":[80,80,80,80,80,80,80,80,80,80,80,80,74,74,74,74,74],"card_choices":[{"not_picked":["Fiend Fire","Demon Form"],"picked":"Immolate","floor":0.0},{"not_picked":["Flex","Blood for Blood"],"picked":"Body Slam","floor":1.0},{"not_picked":["Twin Strike","True Grit"],"picked":"Pommel Strike","floor":3.0},{"not_picked":["True Grit","Clothesline","Searing Blow"],"picked":"SKIP","floor":5.0},{"not_picked":["True Grit","Clothesline","Searing Blow"],"picked":"SKIP","floor":5.0},{"not_picked":["Thunderclap","Reckless Charge"],"picked":"Double Tap","floor":6.0},{"not_picked":["Flex","True Grit","Warcry"],"picked":"SKIP","floor":7.0},{"not_picked":["Perfected Strike","Infernal Blade","Berserk"],"picked":"SKIP","floor":8.0},{"not_picked":["Iron Wave","Reckless Charge","Clothesline"],"picked":"SKIP","floor":10.0},{"not_picked":["Intimidate","Flex"],"picked":"Disarm","floor":11},{"not_picked":["Flex","Infernal Blade"],"picked":"Intimidate","floor":12}],"player_experience":74801,"relics_obtained":[{"floor":6.0,"key":"TungstenRod"},{"floor":8.0,"key":"Turnip"},{"floor":9.0,"key":"Pantograph"},{"floor":11,"key":"Centennial Puzzle"},{"floor":12,"key":"Juzu Bracelet"}],"event_choices":[{"damage_healed":0.0,"max_hp_gain":0.0,"max_hp_loss":0.0,"gold_gain":0.0,"event_name":"Lab","player_choice":"Got Potions","floor":2.0,"gold_loss":0.0,"damage_taken":0.0},{"damage_healed":0,"gold_gain":30,"player_choice":"Searched \u00273\u0027 times","damage_taken":0,"max_hp_gain":0,"max_hp_loss":0,"event_name":"Dead Adventurer","floor":12,"gold_loss":0},{"damage_healed":0,"gold_gain":0,"player_choice":"Lose Max HP","damage_taken":0,"relics_obtained":["Golden Idol"],"max_hp_gain":0,"max_hp_loss":6,"event_name":"Golden Idol","floor":13,"gold_loss":0},{"damage_healed":0,"gold_gain":75,"player_choice":"Gather Gold","damage_taken":11,"max_hp_gain":0,"max_hp_loss":0,"event_name":"World of Goop","floor":14,"gold_loss":0}],"is_beta":false,"boss_relics":[],"items_purged_floors":[],"is_endless":false,"potions_floor_spawned":[3,5,6,8,11],"killed_by":"Hexaghost","ascension_level":10}}