{"host":"2pt9f5ojqg0apn28","time":1610001526,"event":{"mods":["AchievementEnabler","BaseMod","Better Altar","Better Match","Better Note","Better Sensory Stone","Better Skull","Better Third Choice","Colored Map","Colored Powertips","Downfall","Hubris","Infinite Spire","Minty Spire (QoL Compilation)","Replay The Spire","StSLib"],"gold_per_floor":[109,120,120,132,132,164,164,176,200,200,232,232,124,144,144,245,245,257,257,257,272,272,304,304,322,375,375,392,418,418,11,11,112,112,129,175,193,243,143,143,177,177,177,52,92,106,169,189,189,189],"floor_reached":51,"playtime":1991,"items_purged":["Strike_G","Sickly","Strike_G+1","Looming Evil"],"score":1499,"play_id":"ac7b3103-0063-4b0a-8bf7-071bfdfd5216","local_time":"20210107113846","is_ascension_mode":true,"campfire_choices":[{"data":"Neutralize","floor":7.0,"key":"SMITH"},{"data":"Cloak And Dagger","floor":10.0,"key":"SMITH"},{"data":"Strike_G","floor":15.0,"key":"PURGE"},{"data":"A Thousand Cuts","floor":24.0,"key":"SMITH"},{"floor":32.0,"key":"REST"},{"data":"Deadly Poison","floor":40.0,"key":"SMITH"},{"data":"Deadly Poison","floor":42.0,"key":"SMITH"},{"data":"hexamod:Haunted","floor":49.0,"key":"PURGE"}],"circlet_count":0,"master_deck":["Strike_G+1","Defend_G+1","Defend_G+1","Defend_G+1","Defend_G+1","Survivor","Neutralize+1","Noxious Fumes","Cloak And Dagger+1","Deadly Poison+1","Slice+1","Poisoned Stab","Terror","Deadly Poison","Deadly Poison+1","Backflip","Poison Darts","Deadly Poison+1","Ghostly","Ghostly","Ghostly","Ghostly","Ghostly","A Thousand Cuts+1","Leg Sweep","Flying Knee","Poisoned Stab+1","infinitespire:Fortify","After Image","Catalyst+1","Catalyst+1","Overencumbered","Dagger Spray+1"],"relics":["Ring of the Snake","NeowsBlessing","Replay:Rubber Ducky","hubris:OldNail","Bag of Marbles","hubris:PeanutButter","Cursed Key","hubris:Towel","Matryoshka","Bronze Scales","Vajra","CultistMask","Mirror","hubris:KleinBottle","Shovel","hubris:ScarierMask","Du-Vu Doll","Ring of Chaos","Ring of Greed","infinitespire:Midas Blood","Golden Idol","Anchor","Pen Nib","infinitespire:BottledMercury","Calipers","Basket Of Snakes"],"acts_visited":["Exordium","TheCity","TheBeyond"],"potions_floor_usage":[50,50,50],"damage_taken":[{"damage":0.0,"enemies":"2 Louse","floor":1.0,"turns":1.0},{"damage":0.0,"enemies":"Cultist","floor":2.0,"turns":1.0},{"damage":0.0,"enemies":"Jaw Worm","floor":4.0,"turns":1.0},{"damage":29.0,"enemies":"Lagavulin","floor":6.0,"turns":8.0},{"damage":3.0,"enemies":"Looter","floor":8.0,"turns":3.0},{"damage":8.0,"enemies":"3 Sentries","floor":11.0,"turns":7.0},{"damage":0.0,"enemies":"Exordium Wildlife","floor":14.0,"turns":4.0},{"damage":0.0,"enemies":"The Guardian","floor":16.0,"turns":8.0},{"damage":11.0,"enemies":"3 Byrds","floor":18.0,"turns":4.0},{"damage":0.0,"enemies":"Spheric Guardian","floor":21.0,"turns":4.0},{"damage":0.0,"enemies":"Replay:Snechameleon","floor":23.0,"turns":6.0},{"damage":0.0,"enemies":"Snecko","floor":25.0,"turns":5.0},{"damage":0.0,"enemies":"Shelled Parasite and Fungi","floor":28.0,"turns":4.0},{"damage":0.0,"enemies":"Book of Stabbing","floor":29.0,"turns":5.0},{"damage":1.0,"enemies":"Pondfish","floor":33.0,"turns":9.0},{"damage":0.0,"enemies":"3 Darklings","floor":35.0,"turns":4.0},{"damage":2.0,"enemies":"2 Orb Walkers","floor":36.0,"turns":3.0},{"damage":0.0,"enemies":"Orb Walker","floor":37.0,"turns":3.0},{"damage":0.0,"enemies":"Nemesis","floor":41.0,"turns":7.0},{"damage":0.0,"enemies":"Reptomancer","floor":45.0,"turns":4.0},{"damage":0.0,"enemies":"Maw","floor":46.0,"turns":5.0},{"damage":0.0,"enemies":"Mind Bloom Boss Battle","floor":47.0,"turns":4.0},{"damage":0.0,"enemies":"Spire Growth","floor":48.0,"turns":4.0},{"damage":0,"enemies":"Time Eater","floor":50,"turns":8}],"seed_played":"-2561896584209577276","potions_obtained":[{"floor":2.0,"key":"Fire Potion"},{"floor":8.0,"key":"Energy Potion"},{"floor":14.0,"key":"Weak Potion"},{"floor":36.0,"key":"Strength Potion"}],"is_trial":false,"path_per_floor":["M","M","?","M","?","E","R","M","T","R","E","?","$","M","R_BF","B",null,"M","?","?","M","?","E","R","M","T","?","M","E","$","$","R","B",null,"M","?","M","?","NS","R","E","R","T","$","E","M","?","M","R_BF","B",null],"character_chosen":"THE_SILENT","items_purchased":["Deadly Poison","hubris:KleinBottle","Shovel"],"campfire_rested":1,"item_purchase_floors":[13,30,31],"current_hp_per_floor":[70,70,70,70,70,41,41,38,38,38,30,30,30,30,30,30,70,59,59,35,35,35,35,35,35,35,35,35,35,11,11,21,20,35,35,33,33,33,33,33,33,33,33,33,33,33,33,33,33,33],"gold":189,"neow_bonus":"THREE_ENEMY_KILL","is_daily":false,"chose_seed":false,"campfire_upgraded":5,"win_rate":0.0,"timestamp":1610001526,"path_taken":["M","M","?","?","?","E","R","M","T","R","E","?","$","?","R_BF","BOSS","M","?","?","M","?","E","R","M","T","?","?","E","?","$","R","BOSS","M","?","M","?","NS","R","E","R","T","$","E","M","?","M","R_BF","BOSS"],"items_purchased_type":["Card","Relic","Relic"],"build_version":"2020-12-22","purchased_purges":4,"victory":true,"max_hp_per_floor":[70,70,70,70,70,70,70,70,70,70,70,70,70,70,70,70,70,70,70,35,35,35,35,35,35,35,35,35,35,35,35,35,35,35,35,35,35,35,35,35,35,35,35,35,35,35,35,35,35,35],"card_choices":[{"not_picked":["Reflex","Escape Plan"],"picked":"Noxious Fumes","floor":1.0},{"not_picked":["Prepared","Bane"],"picked":"Cloak And Dagger","floor":2.0},{"not_picked":["Crippling Poison","Tactician"],"picked":"Deadly Poison","floor":4.0},{"not_picked":["hubris:Sniper","Bouncing Flask"],"picked":"Slice","floor":6.0},{"not_picked":["All Out Attack","Draining Mist"],"picked":"Poisoned Stab","floor":8.0},{"not_picked":["Bouncing Flask","Burst"],"picked":"Terror","floor":11.0},{"not_picked":["PiercingWail","Prepared"],"picked":"Backflip","floor":14.0},{"not_picked":["Replay:Bag of Tricks","Die Die Die"],"picked":"Poison Darts","floor":16.0},{"not_picked":["ReplayTheSpireMod:Tripwire","Prepared"],"picked":"Deadly Poison+1","floor":18.0},{"not_picked":["Heel Hook","Hidden Blade"],"picked":"A Thousand Cuts","floor":21.0},{"not_picked":["Heel Hook+1","Dodge and Roll"],"picked":"Leg Sweep","floor":23.0},{"not_picked":["Dagger Throw","Quick Slash"],"picked":"Flying Knee","floor":25.0},{"not_picked":["Leg Sweep","Slice","hubris:SlightOfHand"],"picked":"SKIP","floor":28.0},{"not_picked":["Flechettes","Hidden Blade"],"picked":"Poisoned Stab+1","floor":29.0},{"not_picked":["infinitespire:DeathsTouch","hubris:Rewind"],"picked":"infinitespire:Fortify","floor":30.0},{"not_picked":["Atom Bomb","Replay:Bag of Tricks"],"picked":"After Image","floor":33.0},{"not_picked":["hubris:SlightOfHand+1","Dagger Spray+1"],"picked":"Catalyst+1","floor":35.0},{"not_picked":["Finisher+1","Flechettes","ReplayTheSpireMod:The Works+1"],"picked":"SKIP","floor":37.0},{"not_picked":["Dagger Throw","Outmaneuver"],"picked":"Catalyst+1","floor":41.0},{"not_picked":["ReplayTheSpireMod:Shiv Toss+1","PiercingWail","Dagger Throw"],"picked":"SKIP","floor":45.0},{"not_picked":["Deflect+1","A Thousand Cuts","Prepared+1"],"picked":"SKIP","floor":46.0},{"not_picked":["Deflect","Replay:Poison Smokescreen"],"picked":"Dagger Spray+1","floor":48.0}],"player_experience":79171,"relics_obtained":[{"floor":5.0,"key":"Replay:Rubber Ducky"},{"floor":6.0,"key":"hubris:OldNail"},{"floor":9.0,"key":"Bag of Marbles"},{"floor":11.0,"key":"hubris:PeanutButter"},{"floor":23.0,"key":"Matryoshka"},{"floor":26.0,"key":"Bronze Scales"},{"floor":26.0,"key":"Vajra"},{"floor":29.0,"key":"Mirror"},{"floor":36.0,"key":"Du-Vu Doll"},{"floor":38.0,"key":"Ring of Chaos"},{"floor":38.0,"key":"Ring of Greed"},{"floor":38.0,"key":"infinitespire:Midas Blood"},{"floor":38.0,"key":"Golden Idol"},{"floor":41.0,"key":"Anchor"},{"floor":43.0,"key":"Pen Nib"},{"floor":43.0,"key":"infinitespire:BottledMercury"},{"floor":45.0,"key":"Calipers"},{"floor":47.0,"key":"Basket Of Snakes"}],"event_choices":[{"damage_healed":0.0,"max_hp_gain":0.0,"max_hp_loss":0.0,"gold_gain":0.0,"event_name":"betterMatch:BetterMatch","player_choice":"3","floor":3.0,"gold_loss":0.0,"damage_taken":0.0,"cards_obtained":[]},{"damage_healed":0.0,"max_hp_gain":0.0,"max_hp_loss":35.0,"gold_gain":0.0,"event_name":"Ghosts","player_choice":"Became a Ghost","floor":20.0,"gold_loss":0.0,"damage_taken":0.0,"cards_obtained":["Ghostly","Ghostly","Ghostly","Ghostly","Ghostly"]},{"damage_healed":0.0,"max_hp_gain":0.0,"max_hp_loss":8.0,"gold_gain":0.0,"event_name":"betterThird:BetterWriting","player_choice":"Simplicity","floor":22.0,"gold_loss":0.0,"damage_taken":0.0},{"damage_healed":0.0,"max_hp_gain":0.0,"max_hp_loss":0.0,"gold_gain":0.0,"event_name":"FaceTrader","player_choice":"Trade","floor":27.0,"gold_loss":0.0,"damage_taken":0.0,"relics_obtained":["CultistMask"]},{"damage_healed":0.0,"max_hp_gain":0.0,"max_hp_loss":0.0,"gold_gain":0.0,"event_name":"Mysterious Sphere","player_choice":"Fight","floor":36.0,"gold_loss":0.0,"damage_taken":0.0},{"damage_healed":0.0,"max_hp_gain":0.0,"max_hp_loss":0.0,"gold_gain":0.0,"event_name":"MindBloom","player_choice":"Fight","floor":47.0,"gold_loss":0.0,"damage_taken":0.0}],"is_beta":false,"boss_relics":[{"not_picked":["SlaversCollar","hubris:BlackHole"],"picked":"Cursed Key"},{"not_picked":["hubris:VirtuousBlindfold","Painkiller Herb"],"picked":"hubris:ScarierMask"}],"items_purged_floors":[13,30,31,44],"is_endless":false,"potions_floor_spawned":[2,8,14,16,21,23,28,36,37,41,47],"ascension_level":2}}