{"host":"94aus4jnk6thj94q","time":1610013943,"event":{"mods":["BaseMod","Minty Spire (QoL Compilation)","Quick Restart","StSLib"],"gold_per_floor":[115,129,146,159,174,174,207,207,207,232,232,252,252,265,265,367,367,384,401,501,38,53,53,68,86,86,86,86],"floor_reached":27,"playtime":1244,"items_purged":[],"score":229,"play_id":"c8b07d75-e773-4963-9829-c22abe92f8b1","local_time":"20210107120543","is_ascension_mode":false,"campfire_choices":[{"data":"Reaper","floor":6.0,"key":"SMITH"},{"data":"Perfected Strike","floor":8.0,"key":"SMITH"},{"floor":15.0,"key":"REST"},{"floor":23.0,"key":"REST"}],"circlet_count":0,"master_deck":["Strike_R","Strike_R","Strike_R","Strike_R","Strike_R","Defend_R","Defend_R","Defend_R","Defend_R","Bash","Reaper+1","Perfected Strike+1","Wild Strike","Twin Strike","Pommel Strike","Shrug It Off","Metallicize","Barricade","Juggernaut","Pommel Strike","Wild Strike","Inflame","Body Slam","Whirlwind","Pommel Strike"],"relics":["Burning Blood","Smiling Mask","Self Forming Clay","Anchor","Velvet Choker","Kunai","MealTicket","White Beast Statue"],"acts_visited":["Exordium","TheCity"],"potions_floor_usage":[],"damage_taken":[{"damage":7.0,"enemies":"2 Louse","floor":1.0,"turns":3.0},{"damage":5.0,"enemies":"Small Slimes","floor":2.0,"turns":3.0},{"damage":6.0,"enemies":"Cultist","floor":3.0,"turns":3.0},{"damage":16.0,"enemies":"Large Slime","floor":4.0,"turns":5.0},{"damage":8.0,"enemies":"Red Slaver","floor":5.0,"turns":2.0},{"damage":28.0,"enemies":"Gremlin Nob","floor":7.0,"turns":4.0},{"damage":46.0,"enemies":"Lagavulin","floor":10.0,"turns":6.0},{"damage":12.0,"enemies":"Exordium Wildlife","floor":12.0,"turns":5.0},{"damage":0.0,"enemies":"Looter","floor":14.0,"turns":2.0},{"damage":17.0,"enemies":"Slime Boss","floor":16.0,"turns":9.0},{"damage":11.0,"enemies":"Shell Parasite","floor":18.0,"turns":5.0},{"damage":23.0,"enemies":"Spheric Guardian","floor":19.0,"turns":6.0},{"damage":8.0,"enemies":"Snecko","floor":22.0,"turns":5.0},{"damage":8.0,"enemies":"Snake Plant","floor":24.0,"turns":4.0},{"damage":45.0,"enemies":"3 Cultists","floor":25.0,"turns":5.0},{"damage":16,"enemies":"Shelled Parasite and Fungi","floor":27,"turns":3}],"seed_played":"-431901829920841241","potions_obtained":[{"floor":1.0,"key":"Fire Potion"},{"floor":2.0,"key":"Strength Potion"},{"floor":5.0,"key":"Regen Potion"},{"floor":13.0,"key":"LiquidMemories"},{"floor":13.0,"key":"Strength Potion"},{"floor":13.0,"key":"SpeedPotion"},{"floor":16.0,"key":"Block Potion"},{"floor":19.0,"key":"Weak Potion"},{"floor":22.0,"key":"Swift Potion"}],"is_trial":false,"path_per_floor":["M","M","M","M","M","R","E","R","T","E","?","M","?","M","R","B",null,"M","M","?","$","M","R","M","M","T","M"],"character_chosen":"IRONCLAD","items_purchased":["Kunai","MealTicket","Inflame"],"campfire_rested":2,"item_purchase_floors":[21,21,21],"current_hp_per_floor":[80,80,80,76,74,74,71,71,71,36,36,40,40,50,73,77,77,77,60,60,60,58,77,75,51,51,45,45],"gold":86,"neow_bonus":"THREE_RARE_CARDS","is_daily":false,"chose_seed":false,"campfire_upgraded":2,"win_rate":0.0,"timestamp":1610013943,"path_taken":["M","M","M","M","M","R","E","R","T","E","?","M","?","?","R","BOSS","M","M","?","$","M","R","?","M","T","M"],"items_purchased_type":["Relic","Relic","Card"],"build_version":"2020-12-22","purchased_purges":0,"victory":false,"max_hp_per_floor":[80,80,80,80,80,80,80,80,80,80,77,77,77,77,77,77,77,77,77,77,77,77,77,77,77,77,77,77],"card_choices":[{"not_picked":["Corruption","Bludgeon"],"picked":"Reaper","floor":0.0},{"not_picked":["Combust","Rampage"],"picked":"Perfected Strike","floor":1.0},{"not_picked":["Shrug It Off","Power Through"],"picked":"Wild Strike","floor":2.0},{"not_picked":["Anger","Sentinel","True Grit"],"picked":"SKIP","floor":3.0},{"not_picked":["Thunderclap","Anger"],"picked":"Twin Strike","floor":4.0},{"not_picked":["Twin Strike","Entrench"],"picked":"Pommel Strike","floor":5.0},{"not_picked":["Thunderclap","Searing Blow","Dual Wield"],"picked":"SKIP","floor":7.0},{"not_picked":["Dual Wield","Seeing Red"],"picked":"Shrug It Off","floor":10.0},{"not_picked":["Flex","Whirlwind"],"picked":"Metallicize","floor":12.0},{"not_picked":["Armaments","Body Slam"],"picked":"Barricade","floor":14.0},{"not_picked":["Demon Form","Immolate"],"picked":"Juggernaut","floor":16.0},{"not_picked":["Cleave","Anger"],"picked":"Pommel Strike","floor":18.0},{"not_picked":["Clothesline","Evolve"],"picked":"Wild Strike","floor":19.0},{"not_picked":["Anger+1","Clothesline"],"picked":"Body Slam","floor":22.0},{"not_picked":["Inflame","Anger"],"picked":"Whirlwind","floor":24.0},{"not_picked":["Combust+1","Uppercut"],"picked":"Pommel Strike","floor":25.0}],"player_experience":5731245,"relics_obtained":[{"floor":7.0,"key":"Smiling Mask"},{"floor":9.0,"key":"Self Forming Clay"},{"floor":10.0,"key":"Anchor"},{"floor":26.0,"key":"White Beast Statue"}],"event_choices":[{"cards_removed":["Parasite"],"damage_healed":0.0,"max_hp_gain":0.0,"max_hp_loss":0.0,"gold_gain":0.0,"event_name":"Living Wall","player_choice":"Forget","floor":11.0,"gold_loss":0.0,"damage_taken":0.0},{"damage_healed":0.0,"max_hp_gain":0.0,"max_hp_loss":0.0,"gold_gain":0.0,"event_name":"Lab","player_choice":"Got Potions","floor":13.0,"gold_loss":0.0,"damage_taken":0.0},{"damage_healed":0.0,"max_hp_gain":0.0,"max_hp_loss":0.0,"gold_gain":100.0,"event_name":"Golden Shrine","player_choice":"Pray","floor":20.0,"gold_loss":0.0,"damage_taken":0.0}],"is_beta":false,"boss_relics":[{"not_picked":["Runic Dome","Pandora\u0027s Box"],"picked":"Velvet Choker"}],"items_purged_floors":[],"is_endless":false,"potions_floor_spawned":[1,2,5,16,19,22],"killed_by":"Shelled Parasite and Fungi","ascension_level":0}}