{"host":"pyvkqaq4yb2dtxwu","time":1610008661,"event":{"mods":["AchievementEnabler","BaseMod","Colored Map","Colored Powertips","DeckTracker","Minty Spire (QoL Compilation)"],"gold_per_floor":[112,129,146,146,165,200,10,30,85,85,103,103,182,3,3,100,100,115,150,150,150,150,150,150],"floor_reached":23,"playtime":1860,"items_purged":["Strike_R"],"score":214,"play_id":"c728f0de-b742-46f2-a589-11d1f2f36531","local_time":"20210107003741","is_ascension_mode":false,"campfire_choices":[{"data":"Rage","floor":10,"key":"SMITH"},{"floor":15,"key":"REST"}],"circlet_count":0,"master_deck":["Defend_R","Defend_R","Defend_R","Defend_R","Bash","Reaper","Flex","Bloodletting","Heavy Blade","Rampage","Heavy Blade","Ghostly Armor","Rage+1","Cleave","Metallicize","Armaments","Impervious","Blood for Blood+1","Sword Boomerang","Bite","Bite","Bite","Bite","Bite"],"relics":["Burning Blood","Question Card","Oddly Smooth Stone","Sundial","Membership Card","SlaversCollar","Red Mask","Enchiridion"],"acts_visited":["Exordium","TheCity"],"potions_floor_usage":[16,23,23],"damage_taken":[{"damage":1,"enemies":"Cultist","floor":1,"turns":3},{"damage":8,"enemies":"2 Louse","floor":2,"turns":3},{"damage":12,"enemies":"Small Slimes","floor":3,"turns":3},{"damage":8,"enemies":"Looter","floor":5,"turns":3},{"damage":47,"enemies":"3 Sentries","floor":6,"turns":8},{"damage":7,"enemies":"Blue Slaver","floor":8,"turns":5},{"damage":3,"enemies":"2 Fungi Beasts","floor":11,"turns":4},{"damage":53,"enemies":"The Guardian","floor":16,"turns":14},{"damage":25,"enemies":"Chosen","floor":18,"turns":9},{"damage":67,"enemies":"Masked Bandits","floor":19,"turns":8},{"damage":42,"enemies":"Book of Stabbing","floor":23,"turns":7}],"seed_played":"7150744688673606502","potions_obtained":[{"floor":3,"key":"Weak Potion"},{"floor":6,"key":"FairyPotion"},{"floor":8,"key":"Explosive Potion"},{"floor":16,"key":"Fruit Juice"},{"floor":19,"key":"AttackPotion"}],"is_trial":false,"path_per_floor":["M","M","M","?","M","E","$","M","T","R","M","?","?","$","R","B",null,"M","?","?","?","?","E"],"character_chosen":"IRONCLAD","items_purchased":["Ghostly Armor","Rage","Armaments","Membership Card"],"campfire_rested":1,"item_purchase_floors":[7,7,14,14],"current_hp_per_floor":[80,78,80,85,83,50,50,49,49,49,56,53,53,53,78,40,90,71,13,13,13,18,0,0],"gold":150,"neow_bonus":"ONE_RANDOM_RARE_CARD","is_daily":false,"chose_seed":false,"campfire_upgraded":1,"win_rate":0.0,"timestamp":1610008661,"path_taken":["M","M","M","?","M","E","$","M","T","R","M","?","?","?","R","BOSS","M","?","?","?","?","E"],"items_purchased_type":["Card","Card","Card","Relic"],"build_version":"2020-12-22","purchased_purges":1,"victory":false,"max_hp_per_floor":[80,80,80,85,85,85,85,85,85,85,85,85,85,85,85,90,90,90,90,90,62,62,62,62],"card_choices":[{"not_picked":["Body Slam","Perfected Strike"],"picked":"Flex","floor":1},{"not_picked":["Havoc","Thunderclap"],"picked":"Bloodletting","floor":2},{"not_picked":["Iron Wave","Twin Strike"],"picked":"Heavy Blade","floor":3},{"not_picked":["Clothesline","Iron Wave"],"picked":"Rampage","floor":5},{"not_picked":["Brutality","Clash"],"picked":"Heavy Blade","floor":6},{"not_picked":["Thunderclap","Clothesline","Uppercut"],"picked":"Cleave","floor":8},{"not_picked":["Pummel","True Grit","Havoc"],"picked":"Metallicize","floor":11},{"not_picked":["Limit Break","Berserk","Offering"],"picked":"Impervious","floor":16},{"not_picked":["Flex","Battle Trance+1","Metallicize+1"],"picked":"Blood for Blood+1","floor":18},{"not_picked":["Havoc","Anger","Wild Strike"],"picked":"Sword Boomerang","floor":19}],"player_experience":107012,"relics_obtained":[{"floor":6,"key":"Question Card"},{"floor":9,"key":"Oddly Smooth Stone"},{"floor":19,"key":"Red Mask"},{"floor":22,"key":"Enchiridion"}],"event_choices":[{"damage_healed":0,"gold_gain":0,"player_choice":"Donut","damage_taken":0,"max_hp_gain":5,"max_hp_loss":0,"event_name":"Big Fish","floor":4,"gold_loss":0},{"damage_healed":0,"gold_gain":0,"player_choice":"Success","damage_taken":3,"relics_obtained":["Sundial"],"max_hp_gain":0,"max_hp_loss":0,"event_name":"Scrap Ooze","floor":12,"gold_loss":0},{"damage_healed":0,"gold_gain":79,"player_choice":"Gained Gold","damage_taken":0,"max_hp_gain":0,"max_hp_loss":0,"event_name":"Golden Wing","floor":13,"gold_loss":0},{"damage_healed":0,"gold_gain":0,"player_choice":"Fought Bandits","damage_taken":0,"max_hp_gain":0,"max_hp_loss":0,"event_name":"Masked Bandits","floor":19,"gold_loss":0},{"damage_healed":0,"gold_gain":0,"player_choice":"Ignored","damage_taken":0,"max_hp_gain":0,"max_hp_loss":0,"event_name":"Ghosts","floor":20,"gold_loss":0},{"damage_healed":0,"gold_gain":0,"player_choice":"Became a vampire","damage_taken":0,"max_hp_gain":0,"max_hp_loss":28,"event_name":"Vampires","floor":21,"gold_loss":0,"cards_obtained":["Bite","Bite","Bite","Bite","Bite"]},{"damage_healed":0,"gold_gain":0,"player_choice":"Obtained Book","damage_taken":16,"max_hp_gain":0,"max_hp_loss":0,"event_name":"Cursed Tome","floor":22,"gold_loss":0}],"is_beta":false,"boss_relics":[{"not_picked":["Runic Cube","Black Star"],"picked":"SlaversCollar"}],"items_purged_floors":[7],"is_endless":false,"potions_floor_spawned":[3,6,8,16,19],"killed_by":"Book of Stabbing","ascension_level":0}}