{"host":"55yei7x27djrlaep","time":1610015005,"event":{"mods":["Act Like it!","Aspiration","BaseMod","Better Altar","Better Match","Better Note","Better Sensory Stone","Better Skull","Better Third Choice","BetterRewards","Colored Map","Conspire","Evolution","Friendly Minions","GifTheSpireLib","Halation","Hubris","Marisa????????","Minty Spire (QoL Compilation)","Pale of the Ancients","Replay The Spire","StSLib"],"gold_per_floor":[109,122,140,160,268,268,293,293,344,356,368,40,60,73,73,73,73],"floor_reached":16,"playtime":1001,"items_purged":["Defend_G"],"score":159,"play_id":"7826f43e-02da-4626-b5a0-40d0a48bd694","local_time":"20210107132325","is_ascension_mode":true,"campfire_choices":[{"floor":6,"key":"REST"},{"floor":8,"key":"REST"}],"circlet_count":0,"master_deck":["AscendersBane","Bane","Dagger Spray","Bane","Dagger Spray","Strike_G","Defend_G","Defend_G","Defend_G","Defend_G","Survivor","Neutralize","Hidden Blade+1","Cloak And Dagger","Leg Sweep","Bullet Time","Cloak And Dagger","Escape Plan","Cloak And Dagger","conspire:PoisonWeapons","Footwork"],"relics":["EVO:Axolotl","halation:SimulatedSpire","Replay:Rubber Ducky","aspiration:HiddenCompartment","Pet Ghost","MealTicket","Omamori"],"acts_visited":["Exordium"],"potions_floor_usage":[14,16,16],"damage_taken":[{"damage":1,"enemies":"Cultist","floor":1,"turns":4},{"damage":0,"enemies":"2 Louse","floor":2,"turns":2},{"damage":1,"enemies":"Small Slimes","floor":3,"turns":5},{"damage":6,"enemies":"Looter","floor":4,"turns":4},{"damage":21,"enemies":"3 Sentries","floor":7,"turns":7},{"damage":2,"enemies":"Red Slaver","floor":10,"turns":4},{"damage":6,"enemies":"Lots of Slimes","floor":11,"turns":3},{"damage":0,"enemies":"2 Fungi Beasts","floor":13,"turns":3},{"damage":25,"enemies":"Large Slime","floor":14,"turns":7},{"damage":51,"enemies":"Slime Boss","floor":16,"turns":13}],"seed_played":"702037614453416962","potions_obtained":[{"floor":1,"key":"Adrenaline Potion"},{"floor":7,"key":"FairyPotion"},{"floor":13,"key":"Energy Potion"},{"floor":14,"key":"Adrenaline Potion"}],"is_trial":false,"path_per_floor":["M","M","M","M","?","R","E","R","T","M","M","$","M","M","R_BF","B"],"character_chosen":"THE_SILENT","items_purchased":["Omamori","Escape Plan","Cloak And Dagger"],"campfire_rested":2,"item_purchase_floors":[12,12,12],"current_hp_per_floor":[62,62,61,55,15,36,15,36,36,34,28,43,43,18,39,9,9],"gold":73,"neow_bonus":"SIMULATED_SPIRE","is_daily":false,"chose_seed":false,"campfire_upgraded":0,"win_rate":0.0,"timestamp":1610015005,"path_taken":["M","M","?","M","?","R","E","R","T","M","M","$","M","M","R_BF","BOSS"],"items_purchased_type":["Relic","Card","Card"],"build_version":"2020-12-22","purchased_purges":1,"victory":false,"max_hp_per_floor":[70,70,70,70,70,70,70,70,70,70,70,70,70,70,70,70,70],"card_choices":[{"not_picked":["Bane","Slice"],"picked":"Hidden Blade","floor":1},{"not_picked":["Acrobatics","Replay:Poison Smokescreen"],"picked":"Cloak And Dagger","floor":2},{"not_picked":["Flechettes","hubris:SlightOfHand","Quick Slash"],"picked":"SKIP","floor":3},{"not_picked":["Outmaneuver","Sneak Up","Dagger Spray"],"picked":"SKIP","floor":4},{"not_picked":["Slice","ReplayTheSpireMod:The Works"],"picked":"Leg Sweep","floor":7},{"not_picked":["Well Laid Plans","Hidden Blade"],"picked":"Bullet Time","floor":10},{"not_picked":["Bane","Slice"],"picked":"Cloak And Dagger","floor":11},{"not_picked":["Poisoned Stab","Masterful Stab"],"picked":"conspire:PoisonWeapons","floor":13},{"not_picked":["Atom Bomb","Flying Knee"],"picked":"Footwork","floor":14},{"not_picked":["Skewer","Blade Dance","Underhanded Strike"],"picked":"SKIP","floor":14},{"not_picked":["Skewer","Blade Dance","Underhanded Strike"],"picked":"SKIP","floor":14}],"player_experience":409696,"relics_obtained":[{"floor":7,"key":"Pet Ghost"},{"floor":9,"key":"MealTicket"}],"event_choices":[{"damage_healed":0,"gold_gain":108,"player_choice":"RE GO RE ","damage_taken":45,"relics_obtained":["Replay:Rubber Ducky","aspiration:HiddenCompartment"],"max_hp_gain":0,"max_hp_loss":0,"event_name":"betterSkull:BetterSkull","floor":5,"gold_loss":0,"cards_upgraded":[]}],"is_beta":false,"boss_relics":[],"items_purged_floors":[12],"is_endless":false,"potions_floor_spawned":[1,7,13,14],"killed_by":"Slime Boss","ascension_level":10}}