{"host":"40f49r155zsx8eqk","time":1610050624,"event":{"mods":["AchievementEnabler","Aspiration","BaseMod","Better Note","Better Sensory Stone","Better Skull","Better Third Choice","Better Vampires","Colored Powertips","Curses Come First","Dota2Spire","Evolution","GifTheSpireLib","Googly Eyes","Gremlin Skip","Halation","Hubris","Infinite Spire","Minty Spire (QoL Compilation)","Relic Sorter","Replay The Spire","Spikes Relics","StSLib","Stuff the Spire","The Gatherer","Uncapped","Unceasing Turn Reminder"],"gold_per_floor":[110,17,17,32,32,32,67,67,67,67,86,86,104,116,116,217,217,236,236,254,254,269,269,269,309,332,366,366,366],"floor_reached":28,"playtime":814,"items_purged":[],"score":309,"play_id":"992667b3-64cc-469c-97c5-d4143463cbe9","local_time":"20210107231704","is_ascension_mode":true,"campfire_choices":[{"data":"Eruption","floor":6,"key":"SMITH"},{"data":"Replay:LoomingThreat","floor":8,"key":"SMITH"},{"data":"Strike_P","floor":10,"key":"SMITH"},{"data":"Vault","floor":15,"key":"SMITH"},{"floor":23,"key":"REST"}],"circlet_count":0,"master_deck":["Replay:BluntJabs","Strike_P","Strike_P","Strike_P","Defend_P","Defend_P","Defend_P","Defend_P","Eruption+1","Vigilance","Discovery+1","ReachHeaven","Replay:LoomingThreat+1","Vault+1","SandsOfTime","ClearTheMind","Establishment","SandsOfTime","Crescendo"],"relics":["PureWater","EVO:Axolotl","NeowsBlessing","hubris:Towel","hubris:TenFootPole","Simple Rune","Onion Ring","Sandwich","CeramicFish","halation:LoveArrow","StuffTheSpire:GrapeVine","halation:PromiseList","infinitespire:Lychee Nut"],"acts_visited":["Exordium","TheCity"],"potions_floor_usage":[16],"damage_taken":[{"damage":0,"enemies":"Jaw Worm","floor":1,"turns":1},{"damage":0,"enemies":"Small Slimes","floor":4,"turns":1},{"damage":0,"enemies":"Replay:BlueRogue","floor":7,"turns":1},{"damage":0,"enemies":"infinitespire:Voidling","floor":11,"turns":2},{"damage":8,"enemies":"Exordium Thugs","floor":13,"turns":4},{"damage":1,"enemies":"Red Slaver","floor":14,"turns":3},{"damage":27,"enemies":"Slime Boss","floor":16,"turns":7},{"damage":22,"enemies":"Spheric Guardian","floor":18,"turns":5},{"damage":14,"enemies":"Chosen","floor":20,"turns":4},{"damage":13,"enemies":"3 Cultists","floor":22,"turns":7},{"damage":20,"enemies":"Replay:Snechameleon","floor":25,"turns":4},{"damage":13,"enemies":"Book of Stabbing","floor":27,"turns":3},{"damage":18,"enemies":"Snake Plant","floor":28,"turns":2}],"seed_played":"-9109182462867651931","potions_obtained":[{"floor":1,"key":"BottledMiracle"},{"floor":13,"key":"Elixir"},{"floor":14,"key":"Dota2Spire:Clarity"},{"floor":16,"key":"Dota2Spire:Clarity"}],"is_trial":false,"path_per_floor":["M","$","?","M","?","R","E","R","T","R","M","T","M","M","R","B",null,"M","?","M","?","M","R","AVR","E","T","E","M"],"character_chosen":"WATCHER","items_purchased":["Discovery"],"campfire_rested":1,"item_purchase_floors":[2],"current_hp_per_floor":[72,72,72,72,72,72,72,72,72,72,72,72,64,63,63,36,72,50,50,36,36,23,44,44,24,24,11,0,0],"gold":366,"neow_bonus":"THREE_ENEMY_KILL","is_daily":false,"chose_seed":false,"campfire_upgraded":4,"win_rate":0.0,"timestamp":1610050624,"path_taken":["M","$","?","M","?","R","E","R","T","R","?","?","M","?","R","BOSS","M","?","?","?","M","R","AVR","E","T","E","?"],"items_purchased_type":["Card"],"build_version":"2020-12-22","purchased_purges":0,"victory":false,"max_hp_per_floor":[72,72,72,72,72,72,72,72,72,72,72,72,72,72,72,72,72,72,72,72,72,72,72,72,72,72,54,54,54],"card_choices":[{"not_picked":["Vengeance","Protect","Replay:BluntJabs"],"picked":"SKIP","floor":1},{"not_picked":["Replay:BluntJabs","CrushJoints"],"picked":"ReachHeaven","floor":4},{"not_picked":["Replay:DivineShield","Crescendo"],"picked":"Replay:LoomingThreat","floor":7},{"not_picked":["Adaptation","Worship"],"picked":"Vault","floor":11},{"not_picked":["Replay:AtTheReady","ConjureBlade"],"picked":"SandsOfTime","floor":13},{"not_picked":["JustLucky","Replay:ManipulateFuture"],"picked":"ClearTheMind","floor":14},{"not_picked":["Blasphemy","Replay:AllIn"],"picked":"Establishment","floor":16},{"not_picked":["LikeWater","Crescendo+1"],"picked":"SandsOfTime","floor":18},{"not_picked":["CrushJoints","Vengeance","Crescendo"],"picked":"SKIP","floor":20},{"not_picked":["MentalFortress","Replay:Cycle","FollowUp"],"picked":"SKIP","floor":22},{"not_picked":["Halt","Replay:BluntJabs"],"picked":"Crescendo","floor":25},{"not_picked":["DeceiveReality","Weave","BowlingBash"],"picked":"SKIP","floor":27}],"player_experience":181390,"relics_obtained":[{"floor":7,"key":"hubris:TenFootPole"},{"floor":9,"key":"Simple Rune"},{"floor":12,"key":"Onion Ring"},{"floor":25,"key":"StuffTheSpire:GrapeVine"},{"floor":26,"key":"halation:PromiseList"},{"floor":27,"key":"infinitespire:Lychee Nut"}],"event_choices":[{"damage_healed":0,"gold_gain":0,"player_choice":"Forge","damage_taken":0,"max_hp_gain":0,"max_hp_loss":0,"event_name":"Accursed Blacksmith","floor":5,"gold_loss":0,"cards_upgraded":["Discovery"]},{"cards_removed":["Discovery"],"damage_healed":0,"gold_gain":0,"player_choice":"Give","damage_taken":0,"max_hp_gain":0,"max_hp_loss":0,"event_name":"betterNote:BetterNote","floor":21,"gold_loss":0,"cards_obtained":["Beam Cell"]}],"is_beta":false,"boss_relics":[{"not_picked":["Snecko Eye","VioletLotus"],"picked":"Sandwich"}],"items_purged_floors":[],"is_endless":false,"potions_floor_spawned":[1,13,14,16,20,22,25],"killed_by":"Snake Plant","ascension_level":2}}