{"host":"06x55mgvbk21l0iu","time":1610004452,"event":{"mods":["2.2 Compatiblity","AchievementEnabler","BaseMod","Bestiary","Better Note","Colored Map","Colored Powertips","DeckTracker","Highlight Path","Minty Spire (QoL Compilation)","Permanent Neow","Quick Restart","Rare Cards Sparkle","Relic Stats","StSLib","The Cursed"],"gold_per_floor":[117,117,129,142,155,155,189,189,189,189,213,244,244,271,271,392,392,410,423,333,333,348,44,57,73,73,73,73,73,86,86,86,207,207,232,232,232,248,263,263,596,608,632,23,23,73,93,18,18,18,18,18,18,51,51,51],"floor_reached":55,"playtime":2090,"items_purged":["Decay"],"score":694,"play_id":"df0b8b0d-4888-4ff1-99d5-cc8c61f0dd17","local_time":"20210107012732","is_ascension_mode":true,"campfire_choices":[{"data":"TheCursedMod:CursedStaff","floor":6.0,"key":"SMITH"},{"floor":8.0,"key":"REST"},{"data":"TheCursedMod:NeowsMight","floor":13.0,"key":"SMITH"},{"data":"TheCursedMod:SoulReap","floor":15.0,"key":"SMITH"},{"data":"TheCursedMod:HellfireBreathing","floor":29.0,"key":"SMITH"},{"data":"TheCursedMod:ShockAndAwe","floor":32.0,"key":"SMITH"},{"floor":40.0,"key":"RECALL"},{"data":"TheCursedMod:VoidForm","floor":45.0,"key":"SMITH"},{"floor":49.0,"key":"REST"},{"data":"TheCursedMod:HellsGateOpen","floor":52,"key":"SMITH"}],"circlet_count":0,"master_deck":["TheCursedMod:Strike_TheCursed","TheCursedMod:Strike_TheCursed","TheCursedMod:Defend_TheCursed","TheCursedMod:Defend_TheCursed","TheCursedMod:Defend_TheCursed","TheCursedMod:CursedWand","TheCursedMod:CleanUpWorkshop+1","TheCursedMod:Dregs","TheCursedMod:Dregs","TheCursedMod:SpitefulPlan","TheCursedMod:CursedStaff+1","TheCursedMod:SoulReap+1","TheCursedMod:NeowsMight+1","Injury","TheCursedMod:SmokeScreen","TheCursedMod:ShockAndAwe+1","TheCursedMod:SpitefulStrike","TheCursedMod:CursedMace+1","TheCursedMod:HellfireBreathing+1","TheCursedMod:ReleasedStrength","TheCursedMod:HellsGateOpen+1","TheCursedMod:CursedStaff+1","Writhe","TheCursedMod:VoidForm+1","TheCursedMod:CursedBoomerang","TheCursedMod:DoubleShield","TheCursedMod:NeowsMight"],"relics":["TheCursedMod:BlackMagicAdvanced","Ice Cream","Bag of Preparation","Letter Opener","Odd Mushroom","Cursed Key","Regal Pillow","Dream Catcher","Shuriken","Bronze Scales","Bottled Lightning","Happy Flower","Pocketwatch","Bag of Marbles"],"acts_visited":["Exordium","TheCity","TheBeyond","TheEnding"],"potions_floor_usage":[50,50,50],"damage_taken":[{"damage":2.0,"enemies":"2 Louse","floor":1.0,"turns":4.0},{"damage":7.0,"enemies":"Small Slimes","floor":3.0,"turns":6.0},{"damage":6.0,"enemies":"Jaw Worm","floor":4.0,"turns":3.0},{"damage":10.0,"enemies":"Exordium Thugs","floor":5.0,"turns":4.0},{"damage":29.0,"enemies":"Gremlin Nob","floor":7.0,"turns":5.0},{"damage":8.0,"enemies":"2 Fungi Beasts","floor":11.0,"turns":3.0},{"damage":0.0,"enemies":"The Mushroom Lair","floor":12.0,"turns":2.0},{"damage":36.0,"enemies":"Hexaghost","floor":16.0,"turns":9.0},{"damage":0.0,"enemies":"Spheric Guardian","floor":18.0,"turns":2.0},{"damage":10.0,"enemies":"2 Thieves","floor":19.0,"turns":2.0},{"damage":12.0,"enemies":"Snake Plant","floor":22.0,"turns":2.0},{"damage":0.0,"enemies":"Centurion and Healer","floor":24.0,"turns":3.0},{"damage":5.0,"enemies":"Chosen and Byrds","floor":25.0,"turns":4.0},{"damage":0.0,"enemies":"Snecko","floor":30.0,"turns":2.0},{"damage":0.0,"enemies":"Gremlin Leader","floor":31.0,"turns":1.0},{"damage":13.0,"enemies":"Champ","floor":33.0,"turns":5.0},{"damage":5.0,"enemies":"3 Darklings","floor":35.0,"turns":4.0},{"damage":6.0,"enemies":"3 Shapes","floor":38.0,"turns":3.0},{"damage":8.0,"enemies":"Transient","floor":39.0,"turns":5.0},{"damage":14.0,"enemies":"4 Shapes","floor":42.0,"turns":4.0},{"damage":8.0,"enemies":"2 Orb Walkers","floor":46.0,"turns":3.0},{"damage":7.0,"enemies":"Jaw Worm Horde","floor":47.0,"turns":4.0},{"damage":46,"enemies":"Awakened One","floor":50,"turns":7},{"damage":33,"enemies":"Shield and Spear","floor":54,"turns":4},{"damage":69,"enemies":"The Heart","floor":55,"turns":3}],"seed_played":"-466661704899773296","potions_obtained":[{"floor":1.0,"key":"Explosive Potion"},{"floor":3.0,"key":"ColorlessPotion"},{"floor":4.0,"key":"FearPotion"},{"floor":11.0,"key":"Energy Potion"},{"floor":19.0,"key":"Explosive Potion"},{"floor":25.0,"key":"PowerPotion"},{"floor":27.0,"key":"EntropicBrew"},{"floor":27.0,"key":"SmokeBomb"},{"floor":30.0,"key":"EntropicBrew"},{"floor":33.0,"key":"Weak Potion"},{"floor":35.0,"key":"Dexterity Potion"}],"is_trial":false,"path_per_floor":["M","$","M","M","M","R","E","R","T","?","M","?","R","T","R","B",null,"M","M","?","?","M","$","M","M","T","?","$","R","M","E","R","B",null,"M","?","?","M","M","R","?","M","T","$","R","?","M","$","R","B",null,"R","$","E","B"],"character_chosen":"THE_CURSED","items_purchased":["Regal Pillow","Dream Catcher","Bottled Lightning","TheCursedMod:VoidForm","Happy Flower","TheCursedMod:CursedBoomerang"],"campfire_rested":2,"item_purchase_floors":[23,23,44,44,44,44],"current_hp_per_floor":[73,73,66,60,55,55,31,53,53,53,50,55,55,55,55,26,75,75,65,65,65,60,60,67,69,69,69,69,69,75,75,75,75,75,70,70,70,69,68,68,68,65,65,65,65,57,56,56,75,29,75,75,75,42,0,0],"gold":51,"neow_bonus":"ONE_RARE_RELIC","is_daily":false,"chose_seed":false,"campfire_upgraded":7,"win_rate":0.0,"timestamp":1610004452,"path_taken":["M","$","M","M","M","R","E","R","T","?","M","?","R","?","R","BOSS","M","M","?","?","M","$","M","M","T","?","$","R","M","E","R","BOSS","M","?","?","?","M","R","?","M","T","$","R","?","M","$","R","BOSS","R","$","E","BOSS"],"items_purchased_type":["Relic","Relic","Relic","Card","Relic","Card"],"build_version":"2020-12-22","purchased_purges":1,"victory":false,"max_hp_per_floor":[75,75,75,75,75,75,75,75,75,75,75,75,75,75,75,75,75,75,75,75,75,75,75,75,75,75,75,75,75,75,75,75,75,75,75,75,75,75,75,75,75,75,75,75,75,75,75,75,75,75,75,75,75,75,75,75],"relic_stats":{"Regal Pillow":0,"Dream Catcher":1,"Happy Flower":[7],"counters":[25,92],"Shuriken":[19],"Bronze Scales":[96],"Bag of Preparation":[40],"Letter Opener":[184],"Cursed Key":2,"obtain_stats":[{"Ice Cream":0,"TheCursedMod:BlackMagic101":0,"Regal Pillow":23,"TheCursedMod:BlackMagicAdvanced":34,"Happy Flower":44,"Golden Idol":10,"Bag of Preparation":7,"Letter Opener":9,"Odd Mushroom":12,"Cursed Key":17,"Dream Catcher":23,"Shuriken":26,"Bronze Scales":43,"Bag of Marbles":54,"Bottled Lightning":44,"Pocketwatch":46},{"Ice Cream":0,"TheCursedMod:BlackMagic101":0,"Regal Pillow":11,"TheCursedMod:BlackMagicAdvanced":16,"Happy Flower":20,"Golden Idol":5,"Bag of Preparation":5,"Letter Opener":5,"Odd Mushroom":7,"Cursed Key":8,"Dream Catcher":11,"Shuriken":13,"Bronze Scales":20,"Bag of Marbles":24,"Bottled Lightning":20,"Pocketwatch":21},{"Ice Cream":0,"TheCursedMod:BlackMagic101":0,"Regal Pillow":42,"TheCursedMod:BlackMagicAdvanced":57,"Happy Flower":72,"Golden Idol":22,"Bag of Preparation":22,"Letter Opener":22,"Odd Mushroom":27,"Cursed Key":36,"Dream Catcher":42,"Shuriken":49,"Bronze Scales":72,"Bag of Marbles":89,"Bottled Lightning":72,"Pocketwatch":75}],"Pocketwatch":[4]},"card_choices":[{"not_picked":["TheCursedMod:SaltUponWound","TheCursedMod:Stretching"],"picked":"TheCursedMod:SpitefulPlan","floor":1.0},{"not_picked":["TheCursedMod:TacticalStrike","TheCursedMod:Obscuration"],"picked":"TheCursedMod:CursedStaff","floor":3.0},{"not_picked":["TheCursedMod:Grudge","TheCursedMod:Wield"],"picked":"TheCursedMod:SoulReap","floor":4.0},{"not_picked":["TheCursedMod:Obscuration","TheCursedMod:BlessingInDisguise","TheCursedMod:FleshFromBone"],"picked":"SKIP","floor":5.0},{"not_picked":["TheCursedMod:Wield","TheCursedMod:CursedBlade"],"picked":"TheCursedMod:NeowsMight","floor":7.0},{"not_picked":["TheCursedMod:CircleOfFlame","TheCursedMod:VitalStrike","TheCursedMod:CircleOfAmplification"],"picked":"SKIP","floor":11.0},{"not_picked":["TheCursedMod:Stretching","TheCursedMod:Wield"],"picked":"TheCursedMod:SmokeScreen","floor":12.0},{"not_picked":["TheCursedMod:UltimatePain","TheCursedMod:DemonicPact"],"picked":"TheCursedMod:ShockAndAwe","floor":16.0},{"not_picked":["TheCursedMod:SurpriseAttack+1","TheCursedMod:Obscuration+1"],"picked":"TheCursedMod:SpitefulStrike","floor":18.0},{"not_picked":["TheCursedMod:SurpriseAttack","TheCursedMod:TacticalStrike"],"picked":"TheCursedMod:CursedMace+1","floor":19.0},{"not_picked":["TheCursedMod:SmokeScreen","TheCursedMod:SurpriseAttack+1","TheCursedMod:ManaBullet"],"picked":"SKIP","floor":22.0},{"not_picked":["TheCursedMod:Mangle+1","TheCursedMod:CursedBlade"],"picked":"TheCursedMod:HellfireBreathing","floor":24.0},{"not_picked":["TheCursedMod:CursedBoomerang+1","TheCursedMod:Mangle"],"picked":"TheCursedMod:ReleasedStrength","floor":25.0},{"not_picked":["TheCursedMod:CursedAmulet+1","TheCursedMod:SurpriseAttack","TheCursedMod:CircleOfAmplification"],"picked":"SKIP","floor":30.0},{"not_picked":["TheCursedMod:CursedMace","TheCursedMod:SmokeScreen","TheCursedMod:CircleOfCorruption+1"],"picked":"SKIP","floor":35.0},{"not_picked":["TheCursedMod:Stretching","TheCursedMod:FleshFromBone+1"],"picked":"TheCursedMod:HellsGateOpen","floor":38.0},{"not_picked":["TheCursedMod:TacticalStrike","TheCursedMod:SpitefulPlan"],"picked":"TheCursedMod:CursedStaff+1","floor":39.0},{"not_picked":["TheCursedMod:Wield","TheCursedMod:SurpriseAttack","TheCursedMod:Torture+1"],"picked":"SKIP","floor":42.0},{"not_picked":["TheCursedMod:WearCloak+1","TheCursedMod:SaltUponWound+1"],"picked":"TheCursedMod:DoubleShield","floor":47.0},{"not_picked":["TheCursedMod:SaltUponWound+1","TheCursedMod:CursedStaff+1"],"picked":"TheCursedMod:NeowsMight","floor":49.0},{"not_picked":["TheCursedMod:DemonicPact","TheCursedMod:SurpriseAttack","TheCursedMod:Stigma"],"picked":"SKIP","floor":54}],"player_experience":261209,"relics_obtained":[{"floor":7.0,"key":"Bag of Preparation"},{"floor":9.0,"key":"Letter Opener"},{"floor":12.0,"key":"Odd Mushroom"},{"floor":26.0,"key":"Shuriken"},{"floor":43.0,"key":"Bronze Scales"},{"floor":46.0,"key":"Pocketwatch"},{"floor":54,"key":"Bag of Marbles"}],"event_choices":[{"damage_healed":0.0,"max_hp_gain":0.0,"max_hp_loss":0.0,"gold_gain":0.0,"event_name":"Golden Idol","player_choice":"Take Wound","floor":10.0,"gold_loss":0.0,"damage_taken":0.0,"relics_obtained":["Golden Idol"],"cards_obtained":["Injury"]},{"damage_healed":0.0,"max_hp_gain":0.0,"max_hp_loss":0.0,"gold_gain":0.0,"event_name":"Mushrooms","player_choice":"Fought Mushrooms","floor":12.0,"gold_loss":0.0,"damage_taken":0.0},{"cards_removed":["TheCursedMod:Strike_TheCursed"],"damage_healed":0.0,"max_hp_gain":0.0,"max_hp_loss":0.0,"gold_gain":0.0,"event_name":"Designer","player_choice":"Upgrade and Remove","floor":20.0,"gold_loss":90.0,"damage_taken":0.0,"cards_upgraded":["TheCursedMod:CleanUpWorkshop"]},{"cards_removed":["TheCursedMod:Strike_TheCursed"],"damage_healed":0.0,"max_hp_gain":0.0,"max_hp_loss":0.0,"gold_gain":0.0,"event_name":"Purifier","player_choice":"Purged","floor":21.0,"gold_loss":0.0,"damage_taken":0.0},{"damage_healed":0.0,"max_hp_gain":0.0,"max_hp_loss":0.0,"gold_gain":0.0,"event_name":"Lab","player_choice":"Got Potions","floor":27.0,"gold_loss":0.0,"damage_taken":0.0},{"damage_healed":0.0,"max_hp_gain":0.0,"max_hp_loss":0.0,"gold_gain":0.0,"event_name":"SensoryStone","player_choice":"Memory 1","floor":36.0,"gold_loss":0.0,"damage_taken":0.0},{"cards_removed":["TheCursedMod:Defend_TheCursed"],"damage_healed":0.0,"max_hp_gain":0.0,"max_hp_loss":0.0,"gold_gain":0.0,"event_name":"Falling","player_choice":"Removed Skill","floor":37.0,"gold_loss":0.0,"damage_taken":0.0},{"damage_healed":0.0,"max_hp_gain":0.0,"max_hp_loss":0.0,"gold_gain":333.0,"event_name":"The Moai Head","player_choice":"Gave Idol","floor":41.0,"relics_lost":["Golden Idol"],"gold_loss":0.0,"damage_taken":0.0},{"damage_healed":0.0,"max_hp_gain":0.0,"max_hp_loss":0.0,"gold_gain":0.0,"event_name":"Mysterious Sphere","player_choice":"Fight","floor":46.0,"gold_loss":0.0,"damage_taken":0.0}],"is_beta":false,"boss_relics":[{"not_picked":["Coffee Dripper","Snecko Eye"],"picked":"Cursed Key"},{"not_picked":["Sozu","Velvet Choker"],"picked":"TheCursedMod:BlackMagicAdvanced"}],"items_purged_floors":[48],"is_endless":false,"potions_floor_spawned":[1,3,4,11,19,25,30,33,35,39],"killed_by":"The Heart","ascension_level":1}}