{"host":"3a1ypf1irl30q4k8","time":1610052767,"event":{"mods":["AchievementEnabler","BaseMod","Bestiary","Colored Map","Minty Spire (QoL Compilation)","Relic Stats"],"gold_per_floor":[11,25,39,314,141,141,468,468,468,478,496,528,547,576,576,576,576],"floor_reached":16,"playtime":789,"items_purged":["Regret"],"score":128,"play_id":"9b1b4d9e-0eb6-4ad3-a1c6-a5bceb02cdcc","local_time":"20210107205247","is_ascension_mode":true,"campfire_choices":[{"data":"Eruption","floor":6.0,"key":"SMITH"},{"data":"Meditate","floor":8.0,"key":"SMITH"},{"data":"Halt","floor":15,"key":"SMITH"}],"circlet_count":0,"master_deck":["Strike_P","Strike_P","Strike_P","Strike_P","Defend_P","Defend_P","Eruption+1","Vigilance","InnerPeace","ForeignInfluence","ThirdEye","FollowUp","ClearTheMind","EmptyFist","BowlingBash","Meditate+1","FlyingSleeves+1","EmptyFist+1","Halt+1","SashWhip"],"relics":["PureWater","Old Coin","The Courier","Whetstone","Kunai"],"acts_visited":["Exordium"],"potions_floor_usage":[16,16],"damage_taken":[{"damage":2.0,"enemies":"Small Slimes","floor":1.0,"turns":2.0},{"damage":0.0,"enemies":"Cultist","floor":2.0,"turns":2.0},{"damage":7.0,"enemies":"Jaw Worm","floor":3.0,"turns":3.0},{"damage":5.0,"enemies":"Gremlin Nob","floor":7.0,"turns":3.0},{"damage":0.0,"enemies":"2 Fungi Beasts","floor":10.0,"turns":3.0},{"damage":6.0,"enemies":"Exordium Wildlife","floor":11.0,"turns":3.0},{"damage":5.0,"enemies":"3 Sentries","floor":12.0,"turns":6.0},{"damage":8.0,"enemies":"Red Slaver","floor":13.0,"turns":2.0},{"damage":13,"enemies":"Lagavulin","floor":14,"turns":4},{"damage":30,"enemies":"The Guardian","floor":16,"turns":6}],"seed_played":"-2417810897064232149","potions_obtained":[{"floor":2.0,"key":"StancePotion"},{"floor":3.0,"key":"Block Potion"},{"floor":12.0,"key":"Explosive Potion"},{"floor":14,"key":"SkillPotion"}],"is_trial":false,"path_per_floor":["M","M","M","?","$","R","E","R","T","M","M","E","M","E","R","B"],"character_chosen":"WATCHER","items_purchased":["EmptyFist","BowlingBash"],"campfire_rested":0,"item_purchase_floors":[5,5],"current_hp_per_floor":[70,70,63,63,63,63,58,58,58,58,52,47,39,26,26,0,0],"gold":576,"neow_bonus":"TRANSFORM_TWO_CARDS","is_daily":false,"chose_seed":false,"campfire_upgraded":3,"win_rate":0.0,"timestamp":1610052767,"path_taken":["M","M","M","?","$","R","E","R","T","M","M","E","?","E","R","BOSS"],"items_purchased_type":["Card","Card"],"build_version":"2020-12-22","purchased_purges":1,"victory":false,"max_hp_per_floor":[72,72,72,72,72,72,72,72,72,72,72,72,72,72,72,72,72],"relic_stats":{"counters":[10,34],"Whetstone":["FlyingSleeves","EmptyFist"],"Kunai":[2],"obtain_stats":[{"The Courier":9,"Whetstone":12,"Kunai":14,"PureWater":0,"Old Coin":7},{"The Courier":4,"Whetstone":7,"Kunai":9,"PureWater":0,"Old Coin":4},{"The Courier":10,"Whetstone":22,"Kunai":28,"PureWater":0,"Old Coin":10}]},"card_choices":[{"not_picked":["Pray","Protect"],"picked":"ThirdEye","floor":1.0},{"not_picked":["Worship","Crescendo"],"picked":"FollowUp","floor":2.0},{"not_picked":["FlurryOfBlows","EmptyBody"],"picked":"ClearTheMind","floor":3.0},{"not_picked":["WindmillStrike","PathToVictory"],"picked":"Meditate","floor":7.0},{"not_picked":["WindmillStrike","MentalFortress"],"picked":"FlyingSleeves","floor":10.0},{"not_picked":["Wireheading","Sanctity"],"picked":"EmptyFist","floor":11.0},{"not_picked":["FlyingSleeves","BowlingBash"],"picked":"Halt","floor":12.0},{"not_picked":["Worship","Devotion"],"picked":"SashWhip","floor":13},{"not_picked":["WreathOfFlame","Nirvana","SashWhip"],"picked":"SKIP","floor":14}],"player_experience":988591,"relics_obtained":[{"floor":7.0,"key":"Old Coin"},{"floor":9.0,"key":"The Courier"},{"floor":12.0,"key":"Whetstone"},{"floor":14,"key":"Kunai"}],"event_choices":[{"damage_healed":0.0,"max_hp_gain":0.0,"max_hp_loss":0.0,"gold_gain":275.0,"event_name":"Golden Shrine","player_choice":"Desecrate","floor":4.0,"gold_loss":0.0,"damage_taken":0.0,"cards_obtained":["Regret"]}],"is_beta":false,"boss_relics":[],"items_purged_floors":[5],"is_endless":false,"potions_floor_spawned":[2,3,12,14],"killed_by":"The Guardian","ascension_level":1}}