{"host":"2lo6hma6kymb0g9i","time":1610004394,"event":{"mods":["BaseMod","Colored Map","DeckTracker","Minty Spire (QoL Compilation)"],"gold_per_floor":[119,119,131,206,222,222,222,249,249,259,277,304,304,319,319,422,422,440,472,490,270,281,281,281,281,281,281,281],"floor_reached":27,"playtime":1490,"items_purged":["Strike_B"],"score":281,"play_id":"66b86629-48c9-402a-ad1e-1ff69dea5503","local_time":"20210107162634","is_ascension_mode":true,"campfire_choices":[{"data":"Streamline","floor":6,"key":"SMITH"},{"data":"Chaos","floor":13,"key":"SMITH"},{"data":"Redo","floor":15,"key":"SMITH"},{"data":"Dualcast","floor":23,"key":"SMITH"},{"data":"Conserve Battery","floor":25,"key":"SMITH"}],"circlet_count":0,"master_deck":["Defend_B","Defend_B","Defend_B","Defend_B","Zap","Dualcast+1","Meteor Strike","Sweeping Beam","White Noise","Streamline+1","Rebound","Conserve Battery+1","Chaos+1","Redo+1","Machine Learning","Sweeping Beam+1","Leap+1","Meteor Strike+1","Auto Shields","RitualDagger"],"relics":["Cracked Core","Mango","Meat on the Bone","Sundial","Orichalcum","Astrolabe","Red Mask","Happy Flower"],"acts_visited":["Exordium","TheCity"],"potions_floor_usage":[4,16,18,27,27],"damage_taken":[{"damage":1,"enemies":"Cultist","floor":1,"turns":3},{"damage":12,"enemies":"Jaw Worm","floor":3,"turns":3},{"damage":0,"enemies":"2 Louse","floor":5,"turns":1},{"damage":20,"enemies":"Gremlin Nob","floor":8,"turns":4},{"damage":9,"enemies":"Blue Slaver","floor":10,"turns":4},{"damage":19,"enemies":"Exordium Wildlife","floor":11,"turns":5},{"damage":9,"enemies":"3 Louse","floor":14,"turns":3},{"damage":12,"enemies":"Hexaghost","floor":16,"turns":7},{"damage":5,"enemies":"Spheric Guardian","floor":18,"turns":3},{"damage":29,"enemies":"Masked Bandits","floor":19,"turns":5},{"damage":0,"enemies":"Chosen","floor":20,"turns":4},{"damage":32,"enemies":"Shelled Parasite and Fungi","floor":22,"turns":10},{"damage":39,"enemies":"Book of Stabbing","floor":27,"turns":5}],"seed_played":"-2352161772210155256","potions_obtained":[{"floor":1,"key":"Fruit Juice"},{"floor":10,"key":"Explosive Potion"},{"floor":11,"key":"AttackPotion"},{"floor":14,"key":"SkillPotion"},{"floor":18,"key":"Ancient Potion"},{"floor":22,"key":"PowerPotion"}],"is_trial":false,"path_per_floor":["M","$","M","?","M","R","?","E","T","M","M","T","R","M","R","B",null,"M","?","M","$","M","R","?","R","T","E"],"character_chosen":"DEFECT","items_purchased":["Happy Flower"],"campfire_rested":0,"item_purchase_floors":[21],"current_hp_per_floor":[74,74,62,56,56,56,67,47,47,50,43,43,43,46,46,46,94,89,60,60,60,40,40,34,34,34,0,0],"gold":281,"neow_bonus":"ONE_RANDOM_RARE_CARD","is_daily":false,"chose_seed":false,"campfire_upgraded":5,"win_rate":0.0,"timestamp":1610004394,"path_taken":["M","?","?","?","M","R","?","E","T","M","M","?","R","?","R","BOSS","M","?","M","$","M","R","?","R","T","E"],"items_purchased_type":["Relic"],"build_version":"2020-12-22","purchased_purges":1,"victory":false,"max_hp_per_floor":[75,75,75,80,80,80,94,94,94,94,94,94,94,94,94,94,94,94,94,94,94,94,94,94,94,94,94,94],"card_choices":[{"not_picked":["Hello World","Double Energy"],"picked":"Sweeping Beam","floor":1},{"not_picked":["Coolheaded","Melter"],"picked":"White Noise","floor":3},{"not_picked":["Rebound","BootSequence"],"picked":"Streamline","floor":5},{"not_picked":["Defragment","Self Repair"],"picked":"Rebound","floor":8},{"not_picked":["Steam","Gash"],"picked":"Conserve Battery","floor":10},{"not_picked":["Stack","Barrage"],"picked":"Chaos","floor":11},{"not_picked":["Beam Cell","Aggregate"],"picked":"Redo","floor":14},{"not_picked":["Meteor Strike","Rainbow"],"picked":"Machine Learning","floor":16},{"not_picked":["Melter+1","Coolheaded","Compile Driver+1"],"picked":"SKIP","floor":18},{"not_picked":["Barrage","Coolheaded"],"picked":"Auto Shields","floor":19},{"not_picked":["Hello World+1","Melter","Coolheaded"],"picked":"SKIP","floor":20},{"not_picked":["Double Energy","Gash","Conserve Battery"],"picked":"SKIP","floor":22}],"player_experience":937349,"relics_obtained":[{"floor":8,"key":"Meat on the Bone"},{"floor":9,"key":"Sundial"},{"floor":12,"key":"Orichalcum"},{"floor":19,"key":"Red Mask"}],"event_choices":[{"damage_healed":0,"gold_gain":75,"player_choice":"Gather Gold","damage_taken":11,"max_hp_gain":0,"max_hp_loss":0,"event_name":"World of Goop","floor":4,"gold_loss":0},{"damage_healed":0,"gold_gain":0,"player_choice":"Success","damage_taken":3,"relics_obtained":["Mango"],"max_hp_gain":0,"max_hp_loss":0,"event_name":"Scrap Ooze","floor":7,"gold_loss":0},{"damage_healed":0,"gold_gain":0,"player_choice":"Fought Bandits","damage_taken":0,"max_hp_gain":0,"max_hp_loss":0,"event_name":"Masked Bandits","floor":19,"gold_loss":0},{"damage_healed":0,"gold_gain":0,"player_choice":"Joined the Cult","damage_taken":6,"max_hp_gain":0,"max_hp_loss":0,"event_name":"Nest","floor":24,"gold_loss":0,"cards_obtained":["RitualDagger"]}],"is_beta":false,"boss_relics":[{"not_picked":["Coffee Dripper","Philosopher\u0027s Stone"],"picked":"Astrolabe"}],"items_purged_floors":[21],"is_endless":false,"potions_floor_spawned":[1,10,11,14,18,22],"killed_by":"Book of Stabbing","ascension_level":4}}