{"host":"d8hh7rr4yzitjeuj","time":1610024064,"event":{"mods":["2.2 Compatiblity","AchievementEnabler","Act Like it!","BaseMod","Colored Map","Colored Powertips","Highlight Path","Keyboard Shortcuts","Minty Spire (QoL Compilation)","Permanent Neow","Quick Restart","StSLib","SuperFastMode"],"gold_per_floor":[111,125,125,125,95,130,130,130,130],"floor_reached":8,"playtime":164,"items_purged":[],"score":108,"play_id":"a1262297-1d79-4910-bb47-8419e606a8df","local_time":"20210107215424","is_ascension_mode":true,"campfire_choices":[{"floor":7,"key":"REST"}],"circlet_count":0,"master_deck":["AscendersBane","Strike_R","Strike_R","Strike_R","Strike_R","Strike_R","Defend_R","Defend_R","Defend_R","Defend_R","Bash","Corruption","Hemokinesis+1","Evolve","Barricade"],"relics":["Burning Blood","Golden Idol","Sundial"],"acts_visited":["Exordium"],"potions_floor_usage":[6,8],"damage_taken":[{"damage":4,"enemies":"2 Louse","floor":1,"turns":3},{"damage":10,"enemies":"Cultist","floor":2,"turns":5},{"damage":39,"enemies":"Lagavulin","floor":6,"turns":5},{"damage":32,"enemies":"Gremlin Nob","floor":8,"turns":3}],"seed_played":"1493389702551662853","potions_obtained":[{"floor":2,"key":"Strength Potion"},{"floor":5,"key":"BlessingOfTheForge"}],"is_trial":false,"path_per_floor":["M","M","?","?","?","E","R","E"],"character_chosen":"IRONCLAD","items_purchased":[],"campfire_rested":1,"item_purchase_floors":[],"current_hp_per_floor":[70,66,66,40,40,7,29,0,0],"gold":130,"neow_bonus":"ONE_RANDOM_RARE_CARD","is_daily":false,"chose_seed":false,"campfire_upgraded":0,"win_rate":0.0,"timestamp":1610024064,"path_taken":["M","M","?","?","?","E","R","E"],"items_purchased_type":[],"build_version":"2020-12-22","purchased_purges":0,"victory":false,"max_hp_per_floor":[75,75,75,75,75,75,75,75,75],"card_choices":[{"not_picked":["True Grit","Rampage"],"picked":"Hemokinesis","floor":1},{"not_picked":["Burning Pact","Dual Wield"],"picked":"Evolve","floor":2},{"not_picked":["Limit Break","Inflame"],"picked":"Barricade","floor":6}],"player_experience":1425081,"relics_obtained":[{"floor":6,"key":"Sundial"}],"event_choices":[{"damage_healed":0,"gold_gain":0,"player_choice":"Grow","damage_taken":0,"max_hp_gain":0,"max_hp_loss":0,"event_name":"Living Wall","floor":3,"gold_loss":0,"cards_upgraded":["Hemokinesis"]},{"damage_healed":0,"gold_gain":0,"player_choice":"Take Damage","damage_taken":26,"relics_obtained":["Golden Idol"],"max_hp_gain":0,"max_hp_loss":0,"event_name":"Golden Idol","floor":4,"gold_loss":0},{"damage_healed":0,"gold_gain":0,"player_choice":"Bought 2 Potions","damage_taken":0,"max_hp_gain":0,"max_hp_loss":0,"event_name":"The Woman in Blue","floor":5,"gold_loss":0}],"is_beta":false,"boss_relics":[],"items_purged_floors":[],"is_endless":false,"potions_floor_spawned":[2],"killed_by":"Gremlin Nob","ascension_level":20}}