{"host":"Timothy","time":1610014426,"event":{"mods":["AchievementEnabler","BaseMod","Bestiary","Highlight Path","Minty Spire (QoL Compilation)","Quick Restart","Slay-I"],"gold_per_floor":[99,99,99,99,99,99,99,99,99,99,99,99,99,99,99,99,99,99,99,99,0,0,0,0,0,0,0,0,0,0,0,0,0,0],"floor_reached":33,"playtime":1314,"items_purged":[],"score":482,"play_id":"9697b0e4-e0de-4343-ae90-7ea0930d0b84","local_time":"20210107021346","is_ascension_mode":true,"campfire_choices":[{"data":"Footwork","floor":6.0,"key":"SMITH"},{"floor":13.0,"key":"REST"},{"data":"Noxious Fumes","floor":15.0,"key":"SMITH"},{"data":"Footwork","floor":23.0,"key":"SMITH"},{"data":"Backflip","floor":30.0,"key":"SMITH"},{"data":"Backflip","floor":32.0,"key":"SMITH"}],"circlet_count":0,"master_deck":["AscendersBane","Strike_G","Strike_G+1","Strike_G+1","Defend_G+1","Defend_G","Defend_G","Defend_G","Defend_G","Survivor+1","Neutralize+1","Footwork+1","Backflip","Backflip+1","Noxious Fumes+1","Poisoned Stab","Footwork+1","Backflip+1","Calculated Gamble"],"relics":["Ectoplasm","Whetstone","Juzu Bracelet","Empty Cage","Orichalcum"],"acts_visited":["Exordium","TheCity"],"potions_floor_usage":[33],"damage_taken":[{"damage":1.0,"enemies":"2 Louse","floor":1.0,"turns":4.0},{"damage":9.0,"enemies":"Jaw Worm","floor":2.0,"turns":5.0},{"damage":4.0,"enemies":"Small Slimes","floor":3.0,"turns":4.0},{"damage":0.0,"enemies":"Blue Slaver","floor":5.0,"turns":4.0},{"damage":1.0,"enemies":"Exordium Thugs","floor":7.0,"turns":8.0},{"damage":12.0,"enemies":"3 Louse","floor":8.0,"turns":7.0},{"damage":0.0,"enemies":"Red Slaver","floor":11.0,"turns":5.0},{"damage":9.0,"enemies":"Lagavulin","floor":12.0,"turns":8.0},{"damage":0.0,"enemies":"2 Fungi Beasts","floor":14.0,"turns":4.0},{"damage":3.0,"enemies":"Slime Boss","floor":16.0,"turns":11.0},{"damage":7.0,"enemies":"Chosen","floor":18.0,"turns":7.0},{"damage":5.0,"enemies":"Shell Parasite","floor":24.0,"turns":8.0},{"damage":2.0,"enemies":"Snake Plant","floor":27.0,"turns":7.0},{"damage":45,"enemies":"Champ","floor":33,"turns":12}],"seed_played":"8915664678989200484","potions_obtained":[{"floor":1.0,"key":"FearPotion"},{"floor":5.0,"key":"Energy Potion"},{"floor":7.0,"key":"SneckoOil"},{"floor":14.0,"key":"ColorlessPotion"},{"floor":16.0,"key":"AttackPotion"},{"floor":18.0,"key":"GamblersBrew"},{"floor":24.0,"key":"PowerPotion"}],"is_trial":false,"path_per_floor":["M","M","M","?","M","R","M","M","T","?","M","E","R","M","R","B",null,"M","?","?","?","$","R","M","$","T","M","?","T","R","$","R","B"],"character_chosen":"THE_SILENT","items_purchased":[],"campfire_rested":1,"item_purchase_floors":[],"current_hp_per_floor":[58,49,45,25,25,25,24,12,12,12,12,3,22,22,22,19,54,47,47,47,47,47,47,42,42,42,40,40,40,40,40,40,0,0],"gold":0,"neow_bonus":"BOSS_RELIC","is_daily":false,"chose_seed":false,"campfire_upgraded":5,"win_rate":0.0,"timestamp":1610014426,"path_taken":["M","M","M","?","M","R","M","M","T","?","M","E","R","M","R","BOSS","M","?","?","?","$","R","M","?","T","M","?","?","R","$","R","BOSS"],"items_purchased_type":[],"build_version":"2020-12-18","purchased_purges":0,"victory":false,"max_hp_per_floor":[66,66,66,66,66,66,66,66,66,66,66,66,66,66,66,66,66,66,66,66,66,66,66,66,66,66,66,66,66,66,66,66,66,66],"card_choices":[{"not_picked":["Acrobatics","Outmaneuver","Deadly Poison"],"picked":"SKIP","floor":1.0},{"not_picked":["Doppelganger","Slice"],"picked":"Footwork","floor":2.0},{"not_picked":["Flechettes","Distraction","Skewer"],"picked":"SKIP","floor":3.0},{"not_picked":["Sucker Punch","Calculated Gamble","Flechettes"],"picked":"SKIP","floor":5.0},{"not_picked":["Prepared","Well Laid Plans"],"picked":"Backflip","floor":7.0},{"not_picked":["Acrobatics","Dodge and Roll"],"picked":"Backflip","floor":8.0},{"not_picked":["Bane","Backflip"],"picked":"Noxious Fumes","floor":11.0},{"not_picked":["Grand Finale","Dagger Spray","Sucker Punch"],"picked":"SKIP","floor":12.0},{"not_picked":["Bane","Tactician"],"picked":"Poisoned Stab","floor":14.0},{"not_picked":["Flying Knee","Flechettes"],"picked":"Footwork","floor":18.0},{"not_picked":["Dagger Spray","Dagger Throw"],"picked":"Backflip","floor":24.0},{"not_picked":["Endless Agony","Slice"],"picked":"Calculated Gamble","floor":27.0}],"player_experience":768475,"relics_obtained":[{"floor":9.0,"key":"Whetstone"},{"floor":12.0,"key":"Juzu Bracelet"},{"floor":29.0,"key":"Orichalcum"}],"event_choices":[{"damage_healed":0.0,"max_hp_gain":0.0,"max_hp_loss":0.0,"gold_gain":0.0,"event_name":"Shining Light","player_choice":"Entered Light","floor":4.0,"gold_loss":0.0,"damage_taken":20.0,"cards_upgraded":["Neutralize","Defend_G"]},{"damage_healed":0.0,"max_hp_gain":0.0,"max_hp_loss":0.0,"gold_gain":0.0,"event_name":"Dead Adventurer","player_choice":"Searched \u00270\u0027 times","floor":10.0,"gold_loss":0.0,"damage_taken":0.0},{"damage_healed":0.0,"max_hp_gain":0.0,"max_hp_loss":0.0,"gold_gain":0.0,"event_name":"The Mausoleum","player_choice":"Ignored","floor":19.0,"gold_loss":0.0,"damage_taken":0.0},{"damage_healed":0.0,"max_hp_gain":0.0,"max_hp_loss":0.0,"gold_gain":0.0,"event_name":"Ghosts","player_choice":"Ignored","floor":20.0,"gold_loss":0.0,"damage_taken":0.0},{"damage_healed":0.0,"max_hp_gain":0.0,"max_hp_loss":0.0,"gold_gain":0.0,"event_name":"Masked Bandits","player_choice":"Paid Fearfully","floor":21.0,"gold_loss":99.0,"damage_taken":0.0},{"damage_healed":0.0,"max_hp_gain":0.0,"max_hp_loss":0.0,"gold_gain":0.0,"event_name":"Accursed Blacksmith","player_choice":"Forge","floor":28.0,"gold_loss":0.0,"damage_taken":0.0,"cards_upgraded":["Survivor"]}],"is_beta":true,"boss_relics":[{"not_picked":["Black Star","WristBlade"],"picked":"Empty Cage"}],"items_purged_floors":[],"is_endless":false,"potions_floor_spawned":[1,5,7,14,16,18,24],"killed_by":"Champ","ascension_level":19}}