{"host":"627up2rvtmm0cf0r","time":1610033368,"event":{"mods":["ATMod(阿瑾Mod)","Act Like it!","Arknights The Spire","BaseMod","Better Vampires","CapriCore","Card Filter","Card Forge","Colored Powertips","DeckTracker","Dota2Spire","Friendly Minions","Highlight Path","Infinite Spire","Jedi Mod","Marked Mod","Mimic Mod","Minty Spire (QoL Compilation)","MostiFishMod","Permanent Neow","Practice Mode","Quick Restart","Relic Stats","Shop Mod","Spicy Shops","StSLib","SuperFastMode","TestMod","The Marked","【遗物卡牌】REMEMod","残留之物","篝火指南"],"gold_per_floor":[213,288,288,303,315,315,344,363,416,426,488,488,523,324,324,426,426,438,438,438,338,437,437,455,475,501,514,548,273,273,167,167,272,272,287,135,135,145,159,186,186,104,104,130,149,164,174,191,191,191],"floor_reached":51,"playtime":1467,"items_purged":["theMarked:Defend","theMarked:Strike","theMarked:Defend","theMarked:Strike"],"score":987,"play_id":"a1ff1c75-f510-48f4-8cf1-24d4ebba0e70","local_time":"20210107232928","is_ascension_mode":false,"campfire_choices":[{"data":"theMarked:Improvise","floor":6,"key":"SMITH"},{"data":"theMarked:EternalStudent","floor":15,"key":"SMITH"},{"data":"theMarked:EmpowerWeapon","floor":23,"key":"SMITH"},{"data":"theMarked:SoldierOfQuellstein","floor":30,"key":"SMITH"},{"data":"theMarked:ParalyzingBlade","floor":32,"key":"SMITH"},{"data":"theMarked:Improvise","floor":41,"key":"SMITH"},{"data":"AT_DarkMatter","floor":49,"key":"SMITH"}],"circlet_count":0,"master_deck":["theMarked:Strike","theMarked:Strike","theMarked:Strike","theMarked:Defend","theMarked:Defend","theMarked:SoldierOfQuellstein+1","AT_DarkMatter+1","Dramatic Entrance","theMarked:Improvise+1","theMarked:BindingBlade","theMarked:Improvise+1","theMarked:EternalStudent+1","theMarked:SwordAndMagic","theMarked:BindingBlade","theMarked:EmpowerWeapon+1","theMarked:ParalyzingBlade+1","theMarked:BindingBlade","theMarked:BindingBlade+1"],"relics":["theMarked:ArtifactOfAir","Hammer of Thor","Seething Fire","Anvil of the Gods","DaveBox","testmod-TestBox","REME_ComplimentaryCards","AT_ATBox","testmod-ArcanaOfDestiny","RhineSuit","SynthV:TestCard","testmod-Hope","SynthV:C4","infinitespire:Cupcake","theMarked:DemonDagger","infinitespire:Satchel","Sling","testmod-Prudence","BrkXgEgg","InkBottle","Dota2Spire:Butterfly","AT_SunfireAegis","AT_BladeRuinedKing"],"acts_visited":["Exordium","TheCity","TheBeyond"],"potions_floor_usage":[7],"damage_taken":[{"damage":0,"enemies":"2 Louse","floor":1,"turns":1},{"damage":0,"enemies":"Small Slimes","floor":4,"turns":1},{"damage":0,"enemies":"Jaw Worm","floor":5,"turns":1},{"damage":0,"enemies":"Lagavulin","floor":7,"turns":2},{"damage":0,"enemies":"3 Louse","floor":8,"turns":1},{"damage":0,"enemies":"Blue Slaver","floor":10,"turns":1},{"damage":0,"enemies":"Lagavulin Event","floor":11,"turns":2},{"damage":0,"enemies":"Gremlin Nob","floor":13,"turns":1},{"damage":0,"enemies":"Slime Boss","floor":16,"turns":3},{"damage":0,"enemies":"Shell Parasite","floor":18,"turns":2},{"damage":0,"enemies":"Chosen","floor":24,"turns":2},{"damage":0,"enemies":"Centurion and Healer","floor":25,"turns":3},{"damage":0,"enemies":"Snake Plant","floor":27,"turns":1},{"damage":4,"enemies":"Book of Stabbing","floor":28,"turns":2},{"damage":0,"enemies":"Automaton","floor":33,"turns":2},{"damage":16,"enemies":"3 Shapes","floor":35,"turns":2},{"damage":0,"enemies":"3 Darklings","floor":38,"turns":2},{"damage":0,"enemies":"Sphere and 2 Shapes","floor":39,"turns":2},{"damage":0,"enemies":"Reptomancer","floor":40,"turns":2},{"damage":2,"enemies":"Nemesis","floor":44,"turns":3},{"damage":0,"enemies":"Maw","floor":45,"turns":2},{"damage":22,"enemies":"Writhing Mass","floor":46,"turns":2},{"damage":0,"enemies":"Sphere and 2 Shapes","floor":47,"turns":2},{"damage":0,"enemies":"Jaw Worm Horde","floor":48,"turns":2},{"damage":8,"enemies":"Donu and Deca","floor":50,"turns":2}],"seed_played":"-5433974347470573414","potions_obtained":[{"floor":1,"key":"Weak Potion"},{"floor":5,"key":"jedi:StrikingPotion"},{"floor":10,"key":"SkillPotion"},{"floor":11,"key":"Fire Potion"},{"floor":40,"key":"jedi:hoardpotion"},{"floor":45,"key":"jedi:wingpotion"}],"is_trial":false,"path_per_floor":["M","?","?","M","M","R","E","M","T","M","?","?","E","$","R","B",null,"M","?","?","$","?","R","M","M","T","M","E","$","R","$","R","B",null,"M","$","?","M","M","E","R","$","T","E","M","M","M","M","R","B",null],"character_chosen":"THE_DEFAULT","items_purchased":["theMarked:EternalStudent","theMarked:SwordAndMagic","theMarked:ParalyzingBlade","Sling","BrkXgEgg","theMarked:BindingBlade+1"],"campfire_rested":0,"item_purchase_floors":[14,14,31,31,36,42],"current_hp_per_floor":[70,59,70,70,70,70,70,70,70,70,70,70,70,70,70,70,70,70,70,70,70,70,70,70,70,70,70,66,66,66,66,66,66,70,54,54,54,54,54,54,54,54,54,52,52,30,30,30,30,70],"gold":191,"neow_bonus":"HUNDRED_GOLD","is_daily":false,"chose_seed":false,"campfire_upgraded":7,"win_rate":0.0,"timestamp":1610033368,"path_taken":["M","?","?","M","M","R","E","M","T","M","?","?","E","?","R","BOSS","M","?","?","$","?","R","M","?","T","M","E","?","R","$","R","BOSS","M","$","?","?","M","E","R","$","T","E","M","M","M","M","R","BOSS"],"items_purchased_type":["Card","Card","Card","Relic","Relic","Card"],"build_version":"2020-12-22","purchased_purges":4,"victory":true,"max_hp_per_floor":[70,70,70,70,70,70,70,70,70,70,70,70,70,70,70,70,70,70,70,70,70,70,70,70,70,70,70,70,70,70,70,70,70,70,70,70,70,70,70,70,70,70,70,70,70,70,70,70,70,70],"relic_stats":{"counters":[25,46],"obtain_stats":[{"theMarked:DemonDagger":26,"testmod-TestBox":0,"AT_ATBox":0,"DaveBox":0,"RhineSuit":0,"Hammer of Thor":0,"BrkXgEgg":36,"AT_BladeRuinedKing":44,"Seething Fire":0,"Sling":31,"SynthV:C4":11,"theMarked:ArtifactOfAir":0,"SynthV:TestCard":1,"testmod-Prudence":34,"Dota2Spire:Butterfly":40,"Anvil of the Gods":0,"testmod-Hope":7,"infinitespire:Satchel":28,"AT_SunfireAegis":43,"testmod-ArcanaOfDestiny":0,"InkBottle":37,"REME_ComplimentaryCards":0,"infinitespire:Cupcake":17},{"theMarked:DemonDagger":12,"testmod-TestBox":0,"AT_ATBox":0,"DaveBox":0,"RhineSuit":0,"Hammer of Thor":0,"BrkXgEgg":16,"AT_BladeRuinedKing":20,"Seething Fire":0,"Sling":14,"SynthV:C4":7,"theMarked:ArtifactOfAir":0,"SynthV:TestCard":1,"testmod-Prudence":15,"Dota2Spire:Butterfly":19,"Anvil of the Gods":0,"testmod-Hope":4,"infinitespire:Satchel":14,"AT_SunfireAegis":19,"testmod-ArcanaOfDestiny":0,"InkBottle":16,"REME_ComplimentaryCards":0,"infinitespire:Cupcake":9},{"theMarked:DemonDagger":20,"testmod-TestBox":0,"AT_ATBox":0,"DaveBox":0,"RhineSuit":0,"Hammer of Thor":0,"BrkXgEgg":27,"AT_BladeRuinedKing":36,"Seething Fire":0,"Sling":23,"SynthV:C4":9,"theMarked:ArtifactOfAir":0,"SynthV:TestCard":1,"testmod-Prudence":25,"Dota2Spire:Butterfly":33,"Anvil of the Gods":0,"testmod-Hope":5,"infinitespire:Satchel":23,"AT_SunfireAegis":33,"testmod-ArcanaOfDestiny":0,"InkBottle":27,"REME_ComplimentaryCards":0,"infinitespire:Cupcake":13}],"InkBottle":[10]},"card_choices":[{"not_picked":["theMarked:WastefulDefense","theMarked:BanishingStrike"],"picked":"theMarked:Improvise","floor":1},{"not_picked":["theMarked:WardOff","theMarked:Aftermath","theMarked:ChainLightning","theMarked:Overcharge","theMarked:TwofoldDefense"],"picked":"SKIP","floor":4},{"not_picked":["theMarked:ComboAttacks","theMarked:ChainLightning","theMarked:WastefulAttack","theMarked:ElementalBlade","theMarked:ParalyzingBlade"],"picked":"SKIP","floor":5},{"not_picked":["theMarked:Convert","theMarked:TakeCover","theMarked:WardOff","theMarked:ShockingTouch"],"picked":"theMarked:BindingBlade","floor":7},{"not_picked":["theMarked:WastefulAttack","theMarked:WastefulDefense","theMarked:EnhanceMovement","theMarked:WardOff","theMarked:StartUp"],"picked":"SKIP","floor":8},{"not_picked":["theMarked:Panic","theMarked:Improvise","theMarked:RogueSparks","theMarked:ReduceFriction","theMarked:Static"],"picked":"SKIP","floor":10},{"not_picked":["theMarked:ComboAttacks","theMarked:Aftermath","theMarked:TwofoldDefense","theMarked:ResourceFulStrike"],"picked":"theMarked:Improvise","floor":11},{"not_picked":["theMarked:Frustration","theMarked:Aftermath","theMarked:HeightenedSenses","theMarked:TwofoldDefense","theMarked:ChainLightning"],"picked":"SKIP","floor":13},{"not_picked":["theMarked:EternalStudent","theMarked:Defy","theMarked:TakeOffHeels","theMarked:SummonStrength"],"picked":"theMarked:BindingBlade","floor":16},{"not_picked":["theMarked:Improvise","theMarked:RepellingDischarge","theMarked:StartUp","theMarked:WastefulDefense+1"],"picked":"theMarked:EmpowerWeapon","floor":18},{"not_picked":["theMarked:Overcharge","theMarked:EmpowerWeapon","theMarked:TwofoldDefense","theMarked:Static","theMarked:Standoff"],"picked":"SKIP","floor":24},{"not_picked":["theMarked:WardOff","theMarked:Aftermath","theMarked:Parkour","theMarked:Electrocute","theMarked:Standoff"],"picked":"SKIP","floor":25},{"not_picked":["theMarked:MysticalArsenal","theMarked:ElectricStrings","theMarked:Overthink","theMarked:WastefulDefense","theMarked:Aftermath+1"],"picked":"SKIP","floor":27},{"not_picked":["theMarked:ComboAttacks","theMarked:Parkour","theMarked:RepellingDischarge","theMarked:Frustration","theMarked:SwordAndMagic+1"],"picked":"SKIP","floor":28},{"not_picked":["theMarked:SuspiciousRaven","theMarked:UnarmedFury","theMarked:TakeOffHeels","theMarked:DispelDoubt"],"picked":"theMarked:BindingBlade","floor":33},{"not_picked":["theMarked:Improvise","theMarked:ElementalBlade","theMarked:Convert+1","theMarked:Parkour+1","theMarked:HeritageOfTheMarked"],"picked":"SKIP","floor":35},{"not_picked":["theMarked:TwofoldDefense","theMarked:MaelstromOfLightning+1","theMarked:RepellingDischarge","theMarked:ResourceFulStrike+1","theMarked:Electrocute"],"picked":"SKIP","floor":38},{"not_picked":["theMarked:Parkour","theMarked:CreepingChasm","theMarked:TunnelVision+1","theMarked:WastefulAttack","theMarked:Improvise"],"picked":"SKIP","floor":39},{"not_picked":["theMarked:Static+1","theMarked:Parkour","theMarked:RepellingDischarge+1","theMarked:HeightenedSenses","theMarked:Parry+1"],"picked":"SKIP","floor":40},{"not_picked":["theMarked:Parry+1","theMarked:Abjuration+1","theMarked:Aftermath","theMarked:Indomitable+1","theMarked:AttractMetal+1"],"picked":"SKIP","floor":44},{"not_picked":["theMarked:ResourceFulStrike","theMarked:WardOff","theMarked:Improvise","theMarked:WastefulDefense+1","theMarked:Static"],"picked":"SKIP","floor":45},{"not_picked":["theMarked:ResourceFulStrike","theMarked:WardOff","theMarked:Improvise","theMarked:WastefulDefense+1","theMarked:Static"],"picked":"SKIP","floor":45},{"not_picked":["theMarked:SwordAndMagic+1","theMarked:ElectricStrings","theMarked:TwofoldDefense+1","theMarked:ResourceFulStrike","theMarked:RogueSparks+1"],"picked":"SKIP","floor":46},{"not_picked":["theMarked:WastefulAttack+1","theMarked:Indomitable+1","theMarked:ElectricStrings+1","theMarked:Frustration+1","theMarked:BanishingStrike+1"],"picked":"SKIP","floor":47},{"not_picked":["theMarked:RogueSparks+1","theMarked:ElectricStrings","theMarked:WastefulDefense","theMarked:BanishingStrike+1","theMarked:Generate"],"picked":"SKIP","floor":48}],"player_experience":73249,"relics_obtained":[{"floor":1,"key":"SynthV:TestCard"},{"floor":7,"key":"testmod-Hope"},{"floor":11,"key":"SynthV:C4"},{"floor":26,"key":"theMarked:DemonDagger"},{"floor":28,"key":"infinitespire:Satchel"},{"floor":40,"key":"Dota2Spire:Butterfly"},{"floor":43,"key":"AT_SunfireAegis"},{"floor":44,"key":"AT_BladeRuinedKing"}],"event_choices":[{"damage_healed":0,"gold_gain":75,"player_choice":"Gather Gold","damage_taken":11,"max_hp_gain":0,"max_hp_loss":0,"event_name":"World of Goop","floor":2,"gold_loss":0},{"damage_healed":23,"gold_gain":0,"player_choice":"Banana","damage_taken":0,"max_hp_gain":0,"max_hp_loss":0,"event_name":"Big Fish","floor":3,"gold_loss":0},{"damage_healed":0,"gold_gain":0,"player_choice":"Searched \u00271\u0027 times","damage_taken":0,"max_hp_gain":0,"max_hp_loss":0,"event_name":"Dead Adventurer","floor":11,"gold_loss":0},{"damage_healed":0,"gold_gain":0,"player_choice":"Ignored","damage_taken":0,"max_hp_gain":0,"max_hp_loss":0,"event_name":"给自己的盒子","floor":20,"gold_loss":0},{"damage_healed":0,"gold_gain":99,"player_choice":"Stole From Cult","damage_taken":0,"max_hp_gain":0,"max_hp_loss":0,"event_name":"Nest","floor":22,"gold_loss":0},{"damage_healed":0,"gold_gain":0,"player_choice":"Gave Potion","damage_taken":0,"relics_obtained":["InkBottle"],"max_hp_gain":0,"max_hp_loss":0,"event_name":"WeMeetAgain","floor":37,"gold_loss":0}],"is_beta":false,"boss_relics":[{"not_picked":["Ectoplasm","TimeKeys"],"picked":"infinitespire:Cupcake"},{"not_picked":["RhineFirstAidKit","EE1DDrone"],"picked":"testmod-Prudence"}],"items_purged_floors":[14,21,29,29],"is_endless":false,"potions_floor_spawned":[1,5,10,11,13,28,33,40,45,46,47],"ascension_level":0}}