{"host":"66qk2d5itigvi6zt","time":1610052000,"event":{"mods":["Aspiration","BaseMod","Better Third Choice","Conspire","Minty Spire (QoL Compilation)","MostiFishMod","Replay The Spire","StSLib","Td1madao Mod","The Administrix","The Alterego","UnlockEverythingMod","Waifu the Spire","everything is the same but u backflip on backflip"],"gold_per_floor":[111,129,148,164,164,164,189,202,202,202,202,235,48,107,107,256,256,266,331,363,462,552,552,594,594,594,623,687,719,224,282,282,379,379,391,21,39,49,109,141,155,227,227,227,308,358,377,387,387,387,387,387,34,60,60],"floor_reached":56,"playtime":7689,"items_purged":["alterego_mod:Strike","alterego_mod:Defend","alterego_mod:Strike"],"score":1456,"play_id":"502b3f03-f6e5-4364-a491-98cdc49eecd4","local_time":"20210107124000","is_ascension_mode":false,"campfire_choices":[{"data":"alterego_mod:BigMeatyClaws","floor":6,"key":"SMITH"},{"floor":15,"key":"REST"},{"floor":25,"key":"REST"},{"data":"alterego_mod:Defend","floor":32,"key":"PURGE"},{"floor":49,"key":"RECALL"}],"circlet_count":0,"master_deck":["alterego_mod:Strike","alterego_mod:Defend","alterego_mod:Impale+1","alterego_mod:BigMeatyClaws+1","alterego_mod:BrynhildrsRune","alterego_mod:SuperDuperMasochism","alterego_mod:Birthday","alterego_mod:Pet","alterego_mod:DiscoLights+1","alterego_mod:RidiculouslyBig","alterego_mod:Rip","alterego_mod:Venus","alterego_mod:Birthday+1","alterego_mod:BreastValley","alterego_mod:SideboobHour","alterego_mod:DeftHands+1","alterego_mod:Birthday","alterego_mod:Nekomimi","alterego_mod:RidiculouslyBig","alterego_mod:DiscoLights+1","Pot Of Greed","Pot Of Greed","alterego_mod:Rip","Pot Of Greed","alterego_mod:TrashNCrash","alterego_mod:BustOut","alterego_mod:BreastValley","Mayhem","alterego_mod:Vow","alterego_mod:SideboobHour","alterego_mod:Cooking+1","alterego_mod:Punishment","alterego_mod:TrashNCrash","alterego_mod:Rip","alterego_mod:Birthday","alterego_mod:Clones+1","Pot Of Greed","alterego_mod:STier+1","alterego_mod:TrashNCrash+1","alterego_mod:Venus","ReplayTheSpireMod:Splinters","alterego_mod:Punishment","alterego_mod:DiscoLights+1","alterego_mod:Cushion+1","alterego_mod:DiscoLights","alterego_mod:Rip+1","alterego_mod:SideboobHour","alterego_mod:ChallengeComplete","alterego_mod:Punishment+1","Pot Of Greed"],"relics":["alterego_mod:MasochisticConstitution","DaveBox","SynthV:TestCard","Gremlin Food","aspiration:HummingbirdHeart","ReplayTheSpireMod:Ring of Addiction","Chameleon Ring","SacredBark","ReplayTheSpireMod:Ring of Challenge","Replay:Rubber Ducky","Black Star","Bottled Flame","Akabeko","Pocketwatch","Tiny Chest","Vajra","Grinning Jar","ReplayTheSpireMod:Lightbulb","Gremlin Horn","ChiLing","Chi","Ling","Lantern","RhineCircuit","aspiration:HiddenCompartment","aspiration:StickyExplosives_weak","aspiration:FrozenJewel","Snack Pack","War Paint","Replay:Mystery Machine","aspiration:Lifesprig","Chemical X","HornCleat","Toy Ornithopter"],"acts_visited":["Exordium","TheCity","TheBeyond","TheEnding"],"potions_floor_usage":[12,16,19,22,22,24,24,33,39,42,47,50,55],"damage_taken":[{"damage":10,"enemies":"2 Louse","floor":1,"turns":3},{"damage":7,"enemies":"Small Slimes","floor":2,"turns":4},{"damage":4,"enemies":"conspire:RoseBush","floor":3,"turns":3},{"damage":26,"enemies":"Lots of Slimes","floor":4,"turns":7},{"damage":38,"enemies":"Gremlin Nob","floor":7,"turns":5},{"damage":0,"enemies":"Large Slime","floor":8,"turns":5},{"damage":0,"enemies":"Lagavulin","floor":12,"turns":10},{"damage":3,"enemies":"Blue Slaver","floor":14,"turns":5},{"damage":0,"enemies":"The Guardian","floor":16,"turns":7},{"damage":0,"enemies":"Chosen","floor":18,"turns":5},{"damage":38,"enemies":"conspire:FuzzyDice","floor":19,"turns":9},{"damage":0,"enemies":"Snecko","floor":20,"turns":4},{"damage":51,"enemies":"conspire:MimicChest","floor":22,"turns":10},{"damage":3,"enemies":"Replay:Snechameleon","floor":24,"turns":4},{"damage":0,"enemies":"Book of Stabbing","floor":27,"turns":6},{"damage":0,"enemies":"conspire:HollyBat","floor":28,"turns":7},{"damage":0,"enemies":"Slavers","floor":29,"turns":5},{"damage":4,"enemies":"3 Cultists","floor":31,"turns":3},{"damage":4,"enemies":"Champ","floor":33,"turns":9},{"damage":0,"enemies":"Orb Walker","floor":35,"turns":1},{"damage":4,"enemies":"3 Darklings","floor":37,"turns":2},{"damage":0,"enemies":"Transient","floor":38,"turns":5},{"damage":1,"enemies":"Maw","floor":39,"turns":5},{"damage":0,"enemies":"Reptomancer","floor":40,"turns":2},{"damage":2,"enemies":"3 Darklings","floor":41,"turns":2},{"damage":8,"enemies":"R_Hoarder","floor":42,"turns":6},{"damage":2,"enemies":"Jaw Worm Horde","floor":47,"turns":1},{"damage":1,"enemies":"Transient","floor":48,"turns":5},{"damage":9,"enemies":"Replay:Hell Engine","floor":50,"turns":7},{"damage":1,"enemies":"Shield and Spear","floor":54,"turns":5},{"damage":66,"enemies":"The Heart","floor":55,"turns":6}],"seed_played":"3658210600587106605","potions_obtained":[{"floor":1,"key":"LifebloodPotion"},{"floor":4,"key":"LiquidBronze"},{"floor":10,"key":"DuplicationPotion"},{"floor":10,"key":"GamblersBrew"},{"floor":12,"key":"ColorlessPotion"},{"floor":18,"key":"SkillPotion"},{"floor":20,"key":"conspire:TimeTravelPotion"},{"floor":23,"key":"SkillPotion"},{"floor":23,"key":"ColorlessPotion"},{"floor":24,"key":"Weak Potion"},{"floor":28,"key":"FairyPotion"},{"floor":38,"key":"SteroidPotion"},{"floor":40,"key":"PowerPotion"},{"floor":42,"key":"ColorlessPotion"},{"floor":52,"key":"DuplicationPotion"},{"floor":52,"key":"Strength Potion"}],"is_trial":false,"path_per_floor":["M","M","M","M","?","R","E","M","T","?","?","E","$","M","R","B",null,"M","M","M","?","?","R","E","R","T","E","M","E","$","M","R","B",null,"M","$","M","M","M","E","M","E","T","?","?","T","M","M","R","B",null,"R","$","E","B",null],"character_chosen":"The_Alterego","items_purchased":["alterego_mod:Birthday+1","alterego_mod:BreastValley","alterego_mod:BreastValley","Mayhem","ChiLing","alterego_mod:Punishment","aspiration:HiddenCompartment","alterego_mod:TrashNCrash","alterego_mod:SideboobHour","Chemical X","alterego_mod:ChallengeComplete"],"campfire_rested":2,"item_purchase_floors":[13,13,30,30,30,36,36,36,53,53,53],"current_hp_per_floor":[68,69,66,64,64,64,29,31,31,31,24,26,26,29,51,56,74,74,40,45,45,27,27,30,53,53,60,67,74,74,73,73,75,75,75,75,71,74,75,75,76,77,77,77,77,75,76,77,77,78,78,78,78,77,35],"gold":60,"neow_bonus":"REMOVE_CARD","is_daily":false,"chose_seed":false,"campfire_upgraded":1,"win_rate":0.0,"timestamp":1610052000,"path_taken":["M","M","M","M","?","R","E","M","T","?","?","E","?","M","R","BOSS","M","M","M","?","?","R","E","R","T","E","M","E","$","M","R","BOSS","M","$","M","?","M","E","M","E","T","?","?","?","M","M","R","BOSS","R","$","E","BOSS"],"items_purchased_type":["Card","Card","Card","Card","Relic","Card","Relic","Card","Card","Relic","Card"],"build_version":"2020-12-22","purchased_purges":3,"victory":true,"max_hp_per_floor":[71,72,73,74,74,74,75,75,75,75,75,75,75,76,76,74,74,74,75,75,75,76,76,77,77,77,77,75,75,75,74,74,75,75,75,75,74,74,75,75,76,77,77,77,77,75,76,77,77,78,78,78,78,77,78],"card_choices":[{"not_picked":["alterego_mod:Cycle","alterego_mod:Valentines","alterego_mod:GoddessCore"],"picked":"SKIP","floor":1},{"not_picked":["alterego_mod:Belle","alterego_mod:Jiggle","alterego_mod:Skirt","alterego_mod:Swimsuit"],"picked":"alterego_mod:SuperDuperMasochism","floor":2},{"not_picked":["alterego_mod:1TonWallop","alterego_mod:MagicResistance","alterego_mod:SakuraLabyrinth","alterego_mod:Rip"],"picked":"alterego_mod:Birthday","floor":3},{"not_picked":["alterego_mod:Clap","alterego_mod:1TonWallop","alterego_mod:Jiggle","alterego_mod:TrashNCrash"],"picked":"alterego_mod:Pet","floor":4},{"not_picked":["alterego_mod:Valentines","alterego_mod:Swimsuit","alterego_mod:TrashNCrash","alterego_mod:VirginLaserPalladion"],"picked":"alterego_mod:RidiculouslyBig","floor":7},{"not_picked":["alterego_mod:GoddessCore","alterego_mod:MagicResistance","alterego_mod:TrashNCrash","alterego_mod:PerceptionDisorder"],"picked":"alterego_mod:Rip","floor":8},{"not_picked":["alterego_mod:Complex","alterego_mod:Birthday","alterego_mod:BiFurious","alterego_mod:SakuraFive"],"picked":"alterego_mod:Venus","floor":12},{"not_picked":["alterego_mod:Santa","alterego_mod:Collar","alterego_mod:BeGentle","alterego_mod:Valentines","alterego_mod:PerceptionDisorder"],"picked":"SKIP","floor":14},{"not_picked":["alterego_mod:Vow","alterego_mod:TrickOrTreatment","alterego_mod:PainIsPleasure","alterego_mod:Antipathy"],"picked":"alterego_mod:SideboobHour","floor":16},{"not_picked":["alterego_mod:GoddessCore","alterego_mod:BiFurious+1","alterego_mod:Clap","alterego_mod:DestructionOfProperty"],"picked":"alterego_mod:DeftHands","floor":18},{"not_picked":["alterego_mod:Lingerie+1","alterego_mod:Skirt","alterego_mod:Bounce+1","alterego_mod:Maid"],"picked":"alterego_mod:Birthday","floor":19},{"not_picked":["alterego_mod:Stockings","alterego_mod:RocketPunch","alterego_mod:IndependentAction","alterego_mod:Smother"],"picked":"alterego_mod:Nekomimi","floor":20},{"not_picked":["alterego_mod:Clones","alterego_mod:GoddessCore","alterego_mod:Belts+1","alterego_mod:Bloomers+1"],"picked":"alterego_mod:RidiculouslyBig","floor":22},{"not_picked":["alterego_mod:BusterCard","alterego_mod:Belts+1","alterego_mod:Bloomers","alterego_mod:1TonWallop"],"picked":"alterego_mod:DiscoLights+1","floor":24},{"not_picked":["alterego_mod:AlterEgo","alterego_mod:Mirror","alterego_mod:TrashNCrash","alterego_mod:IndependentAction"],"picked":"alterego_mod:Rip","floor":27},{"not_picked":["alterego_mod:Punishment+1","alterego_mod:Bunnysuit+1","alterego_mod:Skirt","alterego_mod:BeGentle"],"picked":"alterego_mod:TrashNCrash","floor":28},{"not_picked":["alterego_mod:SuperDuperMasochism","alterego_mod:BiFurious","alterego_mod:Clap","alterego_mod:Stockings"],"picked":"alterego_mod:BustOut","floor":29},{"not_picked":["alterego_mod:DiscoLights","alterego_mod:Santa","alterego_mod:SakuraPetals","alterego_mod:HighServant"],"picked":"alterego_mod:Vow","floor":31},{"not_picked":["alterego_mod:RingBreak","alterego_mod:Lift","alterego_mod:TrickOrTreatment","alterego_mod:Antipathy"],"picked":"alterego_mod:SideboobHour","floor":33},{"not_picked":["alterego_mod:Valentines+1","alterego_mod:Collar","alterego_mod:Schoolgirl+1","alterego_mod:Jiggle"],"picked":"alterego_mod:Cooking","floor":35},{"not_picked":["alterego_mod:Mirror","alterego_mod:SuperDuperMasochism","alterego_mod:RocketPunch+1","alterego_mod:GoddessCore"],"picked":"alterego_mod:Rip","floor":37},{"not_picked":["alterego_mod:TrashNCrash+1","alterego_mod:RocketPunch+1","alterego_mod:Complex+1","alterego_mod:1TonWallop"],"picked":"alterego_mod:Birthday","floor":38},{"not_picked":["alterego_mod:Jiggle","alterego_mod:Rake","alterego_mod:PresenceConcealment+1","alterego_mod:Cycle"],"picked":"alterego_mod:Clones+1","floor":39},{"not_picked":["alterego_mod:Crossover+1","alterego_mod:BiFurious","alterego_mod:Birthday","alterego_mod:TrashNCrash+1"],"picked":"alterego_mod:STier","floor":40},{"not_picked":["alterego_mod:HighServant+1","alterego_mod:Pet","alterego_mod:DeftHands","alterego_mod:Jiggle+1"],"picked":"alterego_mod:TrashNCrash+1","floor":41},{"not_picked":["alterego_mod:Crossover","alterego_mod:Complex","alterego_mod:HighServant+1","alterego_mod:Lift"],"picked":"alterego_mod:Venus","floor":42},{"not_picked":["alterego_mod:Cooking+1","alterego_mod:BeGentle","alterego_mod:Complex+1","alterego_mod:Cycle"],"picked":"alterego_mod:Punishment","floor":45},{"not_picked":["alterego_mod:Mirror","alterego_mod:Pet+1","alterego_mod:HighServant+1","alterego_mod:Jiggle"],"picked":"alterego_mod:DiscoLights+1","floor":45},{"not_picked":["alterego_mod:Undulate+1","alterego_mod:1TonWallop+1","alterego_mod:Belts+1","alterego_mod:Lingerie"],"picked":"alterego_mod:Cushion+1","floor":45},{"not_picked":["alterego_mod:Collar+1","alterego_mod:VirginLaserPalladion","alterego_mod:Mirror","alterego_mod:Santa"],"picked":"alterego_mod:DiscoLights","floor":47},{"not_picked":["alterego_mod:Cycle","alterego_mod:Mirror","alterego_mod:Bunnysuit+1","alterego_mod:SakuraFive"],"picked":"alterego_mod:Rip+1","floor":48},{"not_picked":["alterego_mod:BusterCard","alterego_mod:PurpleHair","alterego_mod:Belts","alterego_mod:Cycle"],"picked":"alterego_mod:Punishment+1","floor":54}],"player_experience":45820,"relics_obtained":[{"floor":1,"key":"SynthV:TestCard"},{"floor":7,"key":"Gremlin Food"},{"floor":9,"key":"aspiration:HummingbirdHeart"},{"floor":10,"key":"ReplayTheSpireMod:Ring of Addiction"},{"floor":10,"key":"Chameleon Ring"},{"floor":10,"key":"SacredBark"},{"floor":10,"key":"ReplayTheSpireMod:Ring of Challenge"},{"floor":12,"key":"Replay:Rubber Ducky"},{"floor":20,"key":"Bottled Flame"},{"floor":22,"key":"Akabeko"},{"floor":24,"key":"Pocketwatch"},{"floor":24,"key":"Tiny Chest"},{"floor":27,"key":"Vajra"},{"floor":27,"key":"Grinning Jar"},{"floor":29,"key":"ReplayTheSpireMod:Lightbulb"},{"floor":29,"key":"Gremlin Horn"},{"floor":31,"key":"Lantern"},{"floor":40,"key":"aspiration:StickyExplosives_weak"},{"floor":40,"key":"aspiration:FrozenJewel"},{"floor":42,"key":"Snack Pack"},{"floor":42,"key":"War Paint"},{"floor":43,"key":"Replay:Mystery Machine"},{"floor":46,"key":"aspiration:Lifesprig"},{"floor":54,"key":"HornCleat"},{"floor":54,"key":"Toy Ornithopter"}],"event_choices":[{"cards_removed":["Amnesia"],"damage_healed":0,"gold_gain":0,"player_choice":"Card Removal","damage_taken":7,"max_hp_gain":0,"max_hp_loss":0,"event_name":"Golden Wing","floor":11,"gold_loss":0},{"damage_healed":0,"gold_gain":99,"player_choice":"Steal","damage_taken":0,"max_hp_gain":0,"max_hp_loss":0,"event_name":"betterThird:BetterNest","floor":21,"gold_loss":0},{"damage_healed":0,"gold_gain":0,"player_choice":"Leave","damage_taken":0,"max_hp_gain":0,"max_hp_loss":0,"event_name":"conspire:Investor","floor":44,"gold_loss":0}],"is_beta":false,"boss_relics":[{"not_picked":["Transparent","Runic Pyramid"],"picked":"Black Star"},{"not_picked":["HaiYi:Twilight","MoonlightInvasionPlan"],"picked":"RhineCircuit"}],"items_purged_floors":[13,30,36],"is_endless":false,"potions_floor_spawned":[1,4,12,14,18,20,24,28,38,40,41,42],"ascension_level":0}}