{"host":"b995t17pt6d05w8c","time":1610009582,"event":{"mods":["AchievementEnabler","BaseMod","Colored Map","Minty Spire (QoL Compilation)","SuperFastMode"],"gold_per_floor":[13,33,33,33,45,45,78,96,122,135,135,170,196,121,121,226,226,246,246,260,9,24,24,58,89,125,137,180,205,242,77,77,181,181,199,199,217,317,167,167,201,215,215,226,226,239,239,250,250,250],"floor_reached":51,"playtime":1732,"items_purged":["Strike_R","Strike_R","Strike_R","Rupture+1"],"score":917,"play_id":"0875b4bb-1a08-4081-a4aa-dc0c798bcb61","local_time":"20210107175302","is_ascension_mode":true,"campfire_choices":[{"data":"Blood for Blood","floor":6.0,"key":"SMITH"},{"data":"Hemokinesis","floor":11.0,"key":"SMITH"},{"floor":15.0,"key":"REST"},{"data":"Dark Embrace","floor":23.0,"key":"SMITH"},{"floor":27.0,"key":"REST"},{"data":"Armaments","floor":32.0,"key":"SMITH"},{"data":"Barricade","floor":40,"key":"SMITH"},{"floor":45,"key":"REST"},{"data":"Evolve","floor":47,"key":"SMITH"},{"floor":49,"key":"REST"}],"circlet_count":0,"master_deck":["Defend_R","Defend_R","Defend_R","Dark Embrace+1","Evolve+1","Feel No Pain","Disarm","True Grit","Feed","Second Wind","Shrug It Off","Pommel Strike+1","Wild Strike+1","Shockwave+1","Body Slam+1","Armaments+1","Barricade+1","Shrug It Off+1","Dark Embrace+1"],"relics":["Burning Blood","Oddly Smooth Stone","Ancient Tea Set","Blood Vial","Odd Mushroom","Sozu","Orrery","MawBank","PreservedInsect","Red Mask","Nunchaku","Astrolabe","Anchor","Toy Ornithopter"],"acts_visited":["Exordium","TheCity","TheBeyond"],"potions_floor_usage":[50],"damage_taken":[{"damage":3.0,"enemies":"Small Slimes","floor":1.0,"turns":4.0},{"damage":1.0,"enemies":"Cultist","floor":2.0,"turns":3.0},{"damage":9.0,"enemies":"2 Louse","floor":5.0,"turns":2.0},{"damage":25.0,"enemies":"3 Sentries","floor":7.0,"turns":7.0},{"damage":20.0,"enemies":"Lots of Slimes","floor":8.0,"turns":5.0},{"damage":10.0,"enemies":"Large Slime","floor":10.0,"turns":4.0},{"damage":28.0,"enemies":"Gremlin Nob","floor":12.0,"turns":4.0},{"damage":11.0,"enemies":"The Mushroom Lair","floor":13.0,"turns":5.0},{"damage":32.0,"enemies":"Hexaghost","floor":16.0,"turns":10.0},{"damage":16.0,"enemies":"3 Byrds","floor":18.0,"turns":6.0},{"damage":18.0,"enemies":"Shell Parasite","floor":20.0,"turns":6.0},{"damage":7.0,"enemies":"Shelled Parasite and Fungi","floor":22.0,"turns":6.0},{"damage":31.0,"enemies":"Gremlin Leader","floor":24.0,"turns":6.0},{"damage":18.0,"enemies":"Sentry and Sphere","floor":25.0,"turns":5.0},{"damage":23.0,"enemies":"Masked Bandits","floor":28.0,"turns":5.0},{"damage":2.0,"enemies":"Centurion and Healer","floor":29.0,"turns":7.0},{"damage":26.0,"enemies":"Book of Stabbing","floor":30.0,"turns":5.0},{"damage":11.0,"enemies":"Champ","floor":33.0,"turns":10.0},{"damage":2,"enemies":"Orb Walker","floor":35,"turns":5},{"damage":25,"enemies":"3 Shapes","floor":37,"turns":4},{"damage":30,"enemies":"Nemesis","floor":41,"turns":5},{"damage":11,"enemies":"3 Darklings","floor":42,"turns":6},{"damage":40,"enemies":"Transient","floor":44,"turns":5},{"damage":0,"enemies":"Maw","floor":46,"turns":6},{"damage":34,"enemies":"Writhing Mass","floor":48,"turns":8},{"damage":8,"enemies":"Time Eater","floor":50,"turns":12}],"seed_played":"-5209450938586793236","potions_obtained":[{"floor":5.0,"key":"Dexterity Potion"},{"floor":10.0,"key":"Dexterity Potion"},{"floor":13.0,"key":"Swift Potion"},{"floor":16.0,"key":"Dexterity Potion"}],"is_trial":false,"path_per_floor":["M","M","?","$","M","R","E","M","T","M","R","E","?","$","R","B",null,"M","?","M","$","M","R","E","M","T","R","?","M","E","$","R","B",null,"M","?","M","?","$","R","E","M","T","M","R","M","R","M","R","B",null],"character_chosen":"IRONCLAD","items_purchased":["Orrery","Armaments"],"campfire_rested":4,"item_purchase_floors":[21,31],"current_hp_per_floor":[80,80,80,80,77,77,58,44,44,40,40,18,15,15,39,15,80,70,70,63,63,67,67,44,37,37,63,51,57,39,39,39,36,92,92,87,71,71,71,71,49,46,46,14,41,52,52,26,53,61],"gold":250,"neow_bonus":"REMOVE_TWO","is_daily":false,"chose_seed":false,"campfire_upgraded":6,"win_rate":0.0,"timestamp":1610009582,"path_taken":["M","M","?","?","M","R","E","M","T","M","R","E","?","$","R","BOSS","M","?","M","$","?","R","E","M","T","R","?","M","E","$","R","BOSS","M","?","M","?","$","R","E","M","T","M","R","M","R","?","R","BOSS"],"items_purchased_type":["Relic","Card"],"build_version":"2020-12-22","purchased_purges":4,"victory":true,"max_hp_per_floor":[80,80,80,80,80,80,80,80,80,80,80,80,80,80,80,80,80,80,80,83,83,86,86,86,89,89,89,92,92,92,92,92,92,92,92,87,90,90,90,90,90,90,90,90,90,93,93,93,93,96],"card_choices":[{"not_picked":["Clothesline","Shockwave","Sword Boomerang"],"picked":"SKIP","floor":1.0},{"not_picked":["Iron Wave","Cleave"],"picked":"Blood for Blood","floor":2.0},{"not_picked":["Havoc","Wild Strike"],"picked":"Evolve","floor":5.0},{"not_picked":["Heavy Blade","Limit Break","Rampage"],"picked":"SKIP","floor":7.0},{"not_picked":["Evolve","Hemokinesis","Heavy Blade"],"picked":"SKIP","floor":8.0},{"not_picked":["Evolve","Heavy Blade"],"picked":"Hemokinesis","floor":8.0},{"not_picked":["Carnage","Anger"],"picked":"Feel No Pain","floor":10.0},{"not_picked":["Shockwave","Body Slam"],"picked":"Disarm","floor":12.0},{"not_picked":["Power Through","Dark Embrace"],"picked":"True Grit","floor":13.0},{"not_picked":["Impervious","Demon Form"],"picked":"Feed","floor":16.0},{"not_picked":["Havoc","Warcry","Heavy Blade"],"picked":"SKIP","floor":18.0},{"not_picked":["Anger","Flex","Clash"],"picked":"SKIP","floor":20.0},{"not_picked":["Cleave","Warcry+1"],"picked":"Second Wind","floor":21.0},{"not_picked":["Pommel Strike+1","Brutality"],"picked":"Shrug It Off","floor":21.0},{"not_picked":["Dropkick","Blood for Blood+1"],"picked":"Pommel Strike+1","floor":21.0},{"not_picked":["Entrench","Sentinel"],"picked":"Wild Strike+1","floor":22.0},{"not_picked":["Carnage","Second Wind"],"picked":"Shockwave+1","floor":24.0},{"not_picked":["Combust","Twin Strike+1","Disarm+1"],"picked":"SKIP","floor":25.0},{"not_picked":["Perfected Strike","Intimidate"],"picked":"Body Slam+1","floor":28.0},{"not_picked":["Sever Soul","Armaments","Evolve"],"picked":"SKIP","floor":29.0},{"not_picked":["Searing Blow","Bludgeon","Juggernaut"],"picked":"SKIP","floor":30.0},{"not_picked":["Impervious","Corruption"],"picked":"Barricade","floor":33.0},{"not_picked":["Metallicize+1","Cleave","Anger"],"picked":"SKIP","floor":35},{"not_picked":["Anger","Fiend Fire","Sword Boomerang"],"picked":"SKIP","floor":37},{"not_picked":["Headbutt+1","Perfected Strike+1","Clothesline+1"],"picked":"SKIP","floor":41},{"not_picked":["Thunderclap","Whirlwind","Shrug It Off+1"],"picked":"SKIP","floor":42},{"not_picked":["Carnage","Sentinel","Blood for Blood"],"picked":"SKIP","floor":44},{"not_picked":["Sword Boomerang+1","Body Slam+1","Clash"],"picked":"SKIP","floor":46},{"not_picked":["Iron Wave+1","Dark Embrace","Rage+1"],"picked":"SKIP","floor":48}],"player_experience":35746,"relics_obtained":[{"floor":7.0,"key":"Oddly Smooth Stone"},{"floor":9.0,"key":"Ancient Tea Set"},{"floor":12.0,"key":"Blood Vial"},{"floor":13.0,"key":"Odd Mushroom"},{"floor":24.0,"key":"MawBank"},{"floor":26.0,"key":"PreservedInsect"},{"floor":28.0,"key":"Red Mask"},{"floor":30.0,"key":"Nunchaku"},{"floor":41,"key":"Anchor"},{"floor":43,"key":"Toy Ornithopter"}],"event_choices":[{"damage_healed":0.0,"max_hp_gain":0.0,"max_hp_loss":0.0,"gold_gain":0.0,"cards_transformed":["Strike_R"],"event_name":"Transmorgrifier","player_choice":"Transformed","floor":3.0,"gold_loss":0.0,"damage_taken":0.0,"cards_obtained":["Dark Embrace"]},{"damage_healed":0.0,"max_hp_gain":0.0,"max_hp_loss":0.0,"gold_gain":0.0,"event_name":"Mushrooms","player_choice":"Fought Mushrooms","floor":13.0,"gold_loss":0.0,"damage_taken":0.0},{"damage_healed":0.0,"max_hp_gain":0.0,"max_hp_loss":0.0,"gold_gain":0.0,"event_name":"The Woman in Blue","player_choice":"Bought 0 Potions","floor":19.0,"gold_loss":0.0,"damage_taken":0.0},{"damage_healed":0.0,"max_hp_gain":0.0,"max_hp_loss":0.0,"gold_gain":0.0,"event_name":"Masked Bandits","player_choice":"Fought Bandits","floor":28.0,"gold_loss":0.0,"damage_taken":0.0},{"damage_healed":0,"gold_gain":0,"player_choice":"Max HP","damage_taken":0,"max_hp_gain":0,"max_hp_loss":5,"event_name":"Winding Halls","floor":36,"gold_loss":0},{"damage_healed":0,"gold_gain":100,"player_choice":"Pray","damage_taken":0,"max_hp_gain":0,"max_hp_loss":0,"event_name":"Golden Shrine","floor":38,"gold_loss":0}],"is_beta":false,"boss_relics":[{"not_picked":["Calling Bell","Pandora\u0027s Box"],"picked":"Sozu"},{"not_picked":["Mark of Pain","Runic Pyramid"],"picked":"Astrolabe"}],"items_purged_floors":[14,21,31,39],"is_endless":false,"potions_floor_spawned":[5,10,13,16,24,25,30,33,44,46,48],"ascension_level":4}}