{"host":"ds1yr10zonoc6w4a","time":1610049465,"event":{"mods":["BaseMod","Better Match","Better Third Choice","BetterRewards","Minty Spire (QoL Compilation)","StSLib","The Animator"],"gold_per_floor":[131,145,145,54,66,66,66,66],"floor_reached":7,"playtime":5513,"items_purged":["animator:Strike"],"score":76,"play_id":"b71199bf-6161-45e6-91df-56d5fab7c5b5","local_time":"20210107125745","is_ascension_mode":true,"campfire_choices":[{"data":"animator:Demiurge","floor":6,"key":"SMITH"}],"circlet_count":0,"master_deck":["AscendersBane","animator:Strike_Overlord","animator:Defend_Overlord","animator:Cocytus","animator:Demiurge+1","animator:MamizouFutatsuiwa+1","animator:Shinoa+1","animator:KrulTepes","animator:Alexander","animator:Strike_Fate","animator:Defend_MadokaMagica+1","animator:Defend_Katanagatari+1","animator:Defend_OnePunchMan+1","animator:CowGirl+1"],"relics":["animator:LivingPicture","animator:TheMissingPiece","animator:PurgingStone","Membership Card","Toxic Egg 2"],"acts_visited":["Exordium"],"potions_floor_usage":[7],"damage_taken":[{"damage":4,"enemies":"Small Slimes","floor":1,"turns":4},{"damage":0,"enemies":"2 Louse","floor":2,"turns":3},{"damage":0,"enemies":"Jaw Worm","floor":5,"turns":3},{"damage":46,"enemies":"Gremlin Nob","floor":7,"turns":5}],"seed_played":"-6865147930787686842","potions_obtained":[{"floor":1,"key":"EssenceOfSteel"}],"is_trial":false,"path_per_floor":["M","M","?","?","M","R","E"],"character_chosen":"THE_ANIMATOR","items_purchased":["Membership Card","Toxic Egg 2","animator:MamizouFutatsuiwa+1","animator:Shinoa+1"],"campfire_rested":0,"item_purchase_floors":[0,0,0,0],"current_hp_per_floor":[50,50,43,43,43,43,0,0],"gold":66,"neow_bonus":"","is_daily":false,"chose_seed":false,"campfire_upgraded":1,"win_rate":0.0,"timestamp":1610049465,"path_taken":["M","M","?","?","?","R","E"],"items_purchased_type":["Relic","Relic","Card","Card"],"build_version":"2020-12-22","purchased_purges":1,"victory":false,"max_hp_per_floor":[60,60,60,60,60,60,60,60],"card_choices":[{"not_picked":["animator:Priestess+1","animator:SilverFang+1"],"picked":"animator:KrulTepes","floor":1},{"not_picked":["animator:DwarfShaman","animator:Ain"],"picked":"animator:Alexander","floor":2},{"not_picked":["animator:Add+1","animator:Chung+1"],"picked":"animator:CowGirl+1","floor":5}],"player_experience":670283,"relics_obtained":[],"event_choices":[{"cards_removed":["animator:Strike"],"damage_healed":0,"gold_gain":0,"player_choice":"Card Removal","damage_taken":7,"max_hp_gain":0,"max_hp_loss":0,"event_name":"Golden Wing","floor":3,"gold_loss":0}],"is_beta":false,"boss_relics":[],"items_purged_floors":[0],"is_endless":false,"potions_floor_spawned":[1],"killed_by":"Gremlin Nob","ascension_level":17}}