{"host":"ku7h2vk4czvj6teb","time":1610058488,"event":{"mods":["2.2 Compatiblity","AchievementEnabler","BaseMod","Better Altar","Better Match","Better Note","Better Sensory Stone","Better Skull","Better Third Choice","Better Vampires","BetterRewards","Block Reminder","Colored Map","Colored Powertips","Curses Come First","Filter the Spire","Friendly Minions","Highlight Path","Ironclad Rager","Minty Spire (QoL Compilation)","Permanent Neow","Quick Restart","Rare Cards Sparkle","Relic Stats","Replay The Spire","Say the Spire","Shop Mod","Spicy Shops","StSLib","SuperFastMode","Swap Starting Deck Mod","Thieving Mod","Transform Curses","UnlockEverythingMod"],"gold_per_floor":[126,148,4,22,22,22,64,29,52,129,76,97,97,124,133,238,238,260,544,9,9,30,30,57,79,104,104,133,133,133,153,153,258,258,285,285,1302,1356,442,442,482,78,103,124,124,149,109,136,136,136],"floor_reached":51,"playtime":2633,"items_purged":["Shame","Regret","Normality","Normality"],"score":798,"play_id":"a838ffaa-0336-42bd-b8d9-4863ad0ca261","local_time":"20210107222808","is_ascension_mode":false,"campfire_choices":[{"floor":6,"key":"RECALL"},{"data":"Metallicize","floor":23,"key":"SMITH"},{"data":"ReplayTheSpireMod:Brewmster","floor":27,"key":"SMITH"},{"data":"ReplayReversal","floor":29,"key":"SMITH"},{"floor":32,"key":"DIG"},{"floor":40,"key":"REST"},{"floor":45,"key":"REST"},{"floor":49,"key":"REST"}],"circlet_count":0,"master_deck":["Strike_R","Strike_R","Strike_R","Strike_R","Defend_R","Defend_R","Defend_R+1","Defend_R+1","ReplayTheSpireMod:Brewmster+1","Reckless Charge","Run Through","Run Through+1","Survivor","Neutralize","Shockwave","Iron Wave+1","Clash+1","Clothesline+1","Bludgeon+1","Pummel+1","Inflame+1","Heavy Blade+1","Carnage+1","Shrug It Off","Metallicize+1","ReplayReversal+1","ReplayTheSpireMod:Limb From Limb+1","Whirlwind+1","Ghostly Armor","Limit Break","Thunderclap+1","Life Link+1","Heavy Blade+1","Flex","Combust","Armaments+1","Clumsy","Body Slam+1","Cleave+1","Combust","Heavy Blade+1"],"relics":["Burning Blood","CeramicFish","HandDrill","Kunai","Regal Pillow","Molten Egg 2","Replay:Rubber Ducky","Oddly Smooth Stone","Mark of Pain","Replay:Wax Seal","MealTicket","Happy Flower","NlothsMask","Fusion Hammer","StoneCalendar","Art of War","Shuriken","Lee\u0027s Waffle","Simple Rune","PreservedInsect","ReplayTheSpireMod:CursedCoin","Turnip","Omamori","Pear"],"acts_visited":["Exordium","TheCity","TheBeyond"],"potions_floor_usage":[1,7,7,7,7,7,7,7,16,16,16,16,16,16,18,18,24,24,28,28,31,33,33,33,38,38,38,41],"damage_taken":[{"damage":7,"enemies":"Cultist","floor":1,"turns":5},{"damage":2,"enemies":"2 Louse","floor":2,"turns":2},{"damage":40,"enemies":"3 Sentries","floor":7,"turns":15},{"damage":2,"enemies":"Small Slimes","floor":12,"turns":3},{"damage":4,"enemies":"2 Fungi Beasts","floor":14,"turns":3},{"damage":42,"enemies":"Slime Boss","floor":16,"turns":11},{"damage":2,"enemies":"2 Thieves","floor":18,"turns":4},{"damage":0,"enemies":"Spheric Guardian","floor":22,"turns":2},{"damage":0,"enemies":"Snecko","floor":24,"turns":3},{"damage":0,"enemies":"Snake Plant","floor":25,"turns":2},{"damage":17,"enemies":"Shelled Parasite and Fungi","floor":28,"turns":4},{"damage":0,"enemies":"Snecko","floor":31,"turns":3},{"damage":22,"enemies":"Champ","floor":33,"turns":10},{"damage":4,"enemies":"Orb Walker","floor":35,"turns":3},{"damage":0,"enemies":"2 Orb Walkers","floor":38,"turns":4},{"damage":37,"enemies":"Giant Head","floor":41,"turns":5},{"damage":0,"enemies":"3 Darklings","floor":44,"turns":4},{"damage":6,"enemies":"Jaw Worm Horde","floor":46,"turns":3},{"damage":0,"enemies":"Transient","floor":48,"turns":5},{"damage":74,"enemies":"Donu and Deca","floor":50,"turns":7}],"seed_played":"-4830467219915015785","potions_obtained":[{"floor":12,"key":"BloodPotion"},{"floor":13,"key":"BlessingOfTheForge"},{"floor":16,"key":"DuplicationPotion"},{"floor":18,"key":"Regen Potion"},{"floor":22,"key":"Energy Potion"},{"floor":24,"key":"BlessingOfTheForge"},{"floor":31,"key":"Reflective Coating"},{"floor":38,"key":"SkillPotion"},{"floor":47,"key":"ThievingMod:ThievingPotion"},{"floor":47,"key":"Regen Potion"}],"is_trial":false,"path_per_floor":["M","M","$","?","?","R","E","?","T","?","$","M","?","M","R_BF","B",null,"M","?","$","$","M","R","M","M","T","R","M","R","?","M","R_BF","B",null,"M","?","?","?","$","R","E","$","T","M","R","M","?","M","R","B",null],"character_chosen":"IRONCLAD","items_purchased":["CeramicFish","HandDrill","Kunai","ReplayTheSpireMod:Brewmster","Reckless Charge","Regal Pillow","Oddly Smooth Stone","Replay:Wax Seal","MealTicket","Inflame+1","Heavy Blade+1","Carnage+1","Shrug It Off","Art of War","Shuriken","Lee\u0027s Waffle","Simple Rune","Heavy Blade+1","Flex","Combust","ReplayTheSpireMod:CursedCoin","Turnip","Omamori","Pear","Body Slam+1"],"campfire_rested":3,"item_purchase_floors":[0,0,0,0,0,3,11,20,20,20,20,20,20,39,39,39,39,39,39,39,42,42,42,42,42],"current_hp_per_floor":[63,67,67,67,67,67,49,69,69,69,69,73,73,75,75,55,80,80,80,80,80,80,80,80,80,80,80,69,69,69,75,75,59,80,80,80,80,80,87,87,56,81,81,87,97,97,97,97,97,29],"gold":136,"neow_bonus":"","is_daily":false,"chose_seed":false,"campfire_upgraded":3,"win_rate":0.0,"timestamp":1610058488,"path_taken":["M","M","$","?","?","R","E","?","T","?","$","M","?","?","R_BF","BOSS","M","?","?","$","?","R","?","M","T","R","M","R","?","M","R_BF","BOSS","M","?","?","?","$","R","E","?","T","M","R","?","?","M","R","BOSS"],"items_purchased_type":["Relic","Relic","Relic","Card","Card","Relic","Relic","Relic","Relic","Card","Card","Card","Card","Relic","Relic","Relic","Relic","Card","Card","Card","Relic","Relic","Relic","Relic","Card"],"build_version":"2020-12-22","purchased_purges":4,"victory":true,"max_hp_per_floor":[80,80,80,80,80,80,80,80,80,80,80,80,80,80,80,80,80,80,80,80,80,80,80,80,80,80,80,80,80,80,80,80,80,80,80,80,80,80,87,87,87,97,97,97,97,97,97,97,97,97],"relic_stats":{"Regal Pillow":0,"Lee\u0027s Waffle":7,"Happy Flower":[16],"counters":[120,630],"CeramicFish":342,"StoneCalendar":[0],"PreservedInsect":0,"Burning Blood":613,"Shuriken":[11],"MealTicket":15,"Turnip":[0],"HandDrill":[42],"Art of War":[0],"Kunai":[27],"obtain_stats":[{"Ice Cream":30,"Golden Egg":8,"Replay:Accelerometer":13,"Divine Protection":24,"Gremlin Horn":26,"CeramicFish":0,"Vajra":20,"Whetstone":56,"Sling":0,"Boot":50,"Ring of Searing":26,"Blood Vial":0,"Sozu":17,"Replay:Ringing Soul":0,"Lizard Tail":0,"Strawberry":0,"MealTicket":20,"Fusion Hammer":17,"HandDrill":15,"Kunai":0,"Replay:Wax Seal":20,"Pear":43,"Happy Flower":22,"Ring of Hypnosis":45,"ReplayTheSpireMod:CursedCoin":55,"Replay:Grab Bag":34,"Astrolabe":34,"Counterbalance":49,"Velvet Choker":18,"Oddly Smooth Stone":11,"Eternal Feather":31,"Pen Nib":50,"Akabeko":26,"WarpedTongs":24,"SlaversCollar":17,"ReplayTheSpireMod:Spearhead":2,"Shuriken":39,"ReplayTheSpireMod:Ring of Collecting":5,"Simple Rune":48,"Molten Egg 2":7,"Mark of Pain":34,"ReplayTheSpireMod:TigerMarble":0,"Black Star":17,"Meat on the Bone":0,"NlothsMask":30,"ReplayTheSpireMod:Ring of Exchange":9,"Regal Pillow":9,"Lantern":26,"Blue Doll":9,"StoneCalendar":38,"King of Hearts":0,"Juzu Bracelet":28,"Replay:Multitool":0,"Replay:Mystery Machine":8,"PrismaticShard":0,"Cursed Key":34,"Burning Blood":0,"Replay:Rubber Ducky":24,"Frozen Eye":0,"Nunchaku":9,"Matryoshka":19,"Pantograph":0,"Ring of Peace":8,"Toolbox":0,"Tiny Chest":8,"Red Mask":36,"Red Skull":7,"Runic Pyramid":34,"Paper Frog":12,"Potion Belt":28,"Gremlin Food":6,"Lee\u0027s Waffle":0,"Golden Idol":5,"Quantum Egg":26,"Replay:WaspNest":29,"The Courier":47,"PreservedInsect":0,"Omamori":42,"Medical Kit":0,"CaptainsWheel":9,"Busted Crown":34,"Ring of Fury":5,"Turnip":6,"Bag of Marbles":12,"Art of War":39,"Membership Card":19,"Champion Belt":0,"ReplayTheSpireMod:Ring of Challenge":45,"ReplayTheSpireMod:Lightbulb":7,"FossilizedHelix":50,"ReplayTheSpireMod:ShopPack":31},{"Ice Cream":47,"Golden Egg":28,"Replay:Accelerometer":41,"Divine Protection":46,"Gremlin Horn":97,"CeramicFish":100,"Vajra":45,"Whetstone":56,"Sling":15,"Boot":54,"Ring of Searing":97,"Blood Vial":0,"Sozu":72,"Replay:Ringing Soul":57,"Lizard Tail":24,"Strawberry":63,"MealTicket":107,"Fusion Hammer":8,"HandDrill":22,"Kunai":100,"Replay:Wax Seal":107,"Pear":84,"Happy Flower":74,"Ring of Hypnosis":84,"ReplayTheSpireMod:CursedCoin":55,"Replay:Grab Bag":48,"Astrolabe":48,"Counterbalance":85,"Velvet Choker":31,"Oddly Smooth Stone":103,"Eternal Feather":13,"Pen Nib":54,"Akabeko":11,"WarpedTongs":96,"SlaversCollar":43,"ReplayTheSpireMod:Spearhead":58,"Shuriken":115,"ReplayTheSpireMod:Ring of Collecting":89,"Simple Rune":85,"Molten Egg 2":103,"Mark of Pain":48,"ReplayTheSpireMod:TigerMarble":35,"Black Star":93,"Meat on the Bone":63,"NlothsMask":111,"ReplayTheSpireMod:Ring of Exchange":89,"Regal Pillow":4,"Lantern":46,"Blue Doll":89,"StoneCalendar":115,"King of Hearts":35,"Juzu Bracelet":12,"Replay:Multitool":86,"Replay:Mystery Machine":19,"PrismaticShard":24,"Cursed Key":48,"Burning Blood":0,"Replay:Rubber Ducky":75,"Frozen Eye":15,"Nunchaku":68,"Matryoshka":9,"Pantograph":57,"Ring of Peace":89,"Toolbox":35,"Tiny Chest":68,"Red Mask":49,"Red Skull":37,"Runic Pyramid":48,"Paper Frog":69,"Potion Belt":12,"Gremlin Food":68,"Lee\u0027s Waffle":63,"Golden Idol":17,"Quantum Egg":76,"Replay:WaspNest":47,"The Courier":85,"PreservedInsect":86,"Omamori":116,"Medical Kit":57,"CaptainsWheel":38,"Busted Crown":79,"Ring of Fury":89,"Turnip":89,"Bag of Marbles":91,"Art of War":115,"Membership Card":9,"Champion Belt":24,"ReplayTheSpireMod:Ring of Challenge":84,"ReplayTheSpireMod:Lightbulb":61,"FossilizedHelix":54,"ReplayTheSpireMod:ShopPack":13},{"Ice Cream":231,"Golden Egg":126,"Replay:Accelerometer":191,"Divine Protection":225,"Gremlin Horn":511,"CeramicFish":532,"Vajra":219,"Whetstone":288,"Sling":78,"Boot":273,"Ring of Searing":511,"Blood Vial":0,"Sozu":384,"Replay:Ringing Soul":296,"Lizard Tail":110,"Strawberry":346,"MealTicket":575,"Fusion Hammer":39,"HandDrill":99,"Kunai":532,"Replay:Wax Seal":575,"Pear":445,"Happy Flower":392,"Ring of Hypnosis":445,"ReplayTheSpireMod:CursedCoin":283,"Replay:Grab Bag":243,"Astrolabe":243,"Counterbalance":448,"Velvet Choker":142,"Oddly Smooth Stone":554,"Eternal Feather":67,"Pen Nib":273,"Akabeko":54,"WarpedTongs":506,"SlaversCollar":207,"ReplayTheSpireMod:Spearhead":300,"Shuriken":606,"ReplayTheSpireMod:Ring of Collecting":469,"Simple Rune":448,"Molten Egg 2":554,"Mark of Pain":243,"ReplayTheSpireMod:TigerMarble":165,"Black Star":491,"Meat on the Bone":346,"NlothsMask":586,"ReplayTheSpireMod:Ring of Exchange":469,"Regal Pillow":17,"Lantern":225,"Blue Doll":469,"StoneCalendar":606,"King of Hearts":165,"Juzu Bracelet":61,"Replay:Multitool":459,"Replay:Mystery Machine":88,"PrismaticShard":110,"Cursed Key":243,"Burning Blood":0,"Replay:Rubber Ducky":398,"Frozen Eye":78,"Nunchaku":364,"Matryoshka":44,"Pantograph":296,"Ring of Peace":469,"Toolbox":165,"Tiny Chest":364,"Red Mask":246,"Red Skull":170,"Runic Pyramid":243,"Paper Frog":368,"Potion Belt":61,"Gremlin Food":364,"Lee\u0027s Waffle":346,"Golden Idol":81,"Quantum Egg":402,"Replay:WaspNest":231,"The Courier":448,"PreservedInsect":459,"Omamori":611,"Medical Kit":296,"CaptainsWheel":175,"Busted Crown":426,"Ring of Fury":469,"Turnip":469,"Bag of Marbles":478,"Art of War":606,"Membership Card":44,"Champion Belt":110,"ReplayTheSpireMod:Ring of Challenge":445,"ReplayTheSpireMod:Lightbulb":326,"FossilizedHelix":273,"ReplayTheSpireMod:ShopPack":67}]},"card_choices":[{"not_picked":["Sword Boomerang","Wild Strike"],"picked":"Run Through","floor":1},{"not_picked":["Abandon","Infernal Blade"],"picked":"Run Through","floor":2},{"not_picked":["Corruption","True Grit"],"picked":"Shockwave","floor":7},{"not_picked":["Sword Boomerang+1","Bloodletting"],"picked":"Iron Wave+1","floor":12},{"not_picked":["Warcry","Dual Wield"],"picked":"Clash+1","floor":14},{"not_picked":["Barricade","Immolate+1"],"picked":"Bludgeon+1","floor":16},{"not_picked":["Perfected Strike+1","Infernal Blade"],"picked":"Pummel+1","floor":18},{"not_picked":["ReplayTheSpireMod:Strike From Hell+1","Havoc+1"],"picked":"Metallicize","floor":22},{"not_picked":["Perfected Strike+1","Sword Boomerang+1"],"picked":"ReplayReversal","floor":24},{"not_picked":["Headbutt+1","Warcry"],"picked":"ReplayTheSpireMod:Limb From Limb+1","floor":25},{"not_picked":["True Grit","Thunderclap+1"],"picked":"Whirlwind+1","floor":28},{"not_picked":["Rupture","Perfected Strike+1"],"picked":"Ghostly Armor","floor":31},{"not_picked":["Juggernaut","Bludgeon+1"],"picked":"Limit Break","floor":33},{"not_picked":["Havoc","Cleave+1"],"picked":"Thunderclap+1","floor":35},{"not_picked":["ReplayTheSpireMod:Strike From Hell+1","Metallicize"],"picked":"Life Link+1","floor":38},{"not_picked":["Eclipse","ReplayTheSpireMod:Limb From Limb+1"],"picked":"Armaments+1","floor":41},{"not_picked":["Rupture","Perfected Strike+1"],"picked":"Cleave+1","floor":44},{"not_picked":["Clothesline+1","Sword Boomerang+1"],"picked":"Combust","floor":46},{"not_picked":["Replay:Undeath\u0027s Touch+1","Headbutt+1"],"picked":"Heavy Blade+1","floor":48}],"player_experience":262498,"relics_obtained":[{"floor":7,"key":"Molten Egg 2"},{"floor":9,"key":"Replay:Rubber Ducky"},{"floor":26,"key":"Happy Flower"},{"floor":38,"key":"StoneCalendar"},{"floor":41,"key":"PreservedInsect"}],"event_choices":[{"damage_healed":20,"gold_gain":0,"player_choice":"Healed","damage_taken":0,"max_hp_gain":0,"max_hp_loss":0,"event_name":"The Cleric","floor":8,"gold_loss":35},{"damage_healed":0,"gold_gain":77,"player_choice":"Gained Gold","damage_taken":0,"max_hp_gain":0,"max_hp_loss":0,"event_name":"Golden Wing","floor":10,"gold_loss":0},{"damage_healed":0,"gold_gain":0,"player_choice":"Got Potions","damage_taken":0,"max_hp_gain":0,"max_hp_loss":0,"event_name":"Lab","floor":13,"gold_loss":0},{"damage_healed":0,"gold_gain":275,"player_choice":"Desecrate","damage_taken":0,"max_hp_gain":0,"max_hp_loss":0,"event_name":"Golden Shrine","floor":19,"gold_loss":0,"cards_obtained":["Regret"]},{"damage_healed":0,"gold_gain":0,"player_choice":"Trade","damage_taken":0,"relics_obtained":["NlothsMask"],"max_hp_gain":0,"max_hp_loss":0,"event_name":"FaceTrader","floor":30,"gold_loss":0},{"cards_removed":["Strike_R"],"damage_healed":0,"gold_gain":0,"player_choice":"Removed Attack","damage_taken":0,"max_hp_gain":0,"max_hp_loss":0,"event_name":"Falling","floor":36,"gold_loss":0},{"damage_healed":0,"gold_gain":999,"player_choice":"Gold","damage_taken":0,"max_hp_gain":0,"max_hp_loss":0,"event_name":"MindBloom","floor":37,"gold_loss":0,"cards_obtained":["Normality","Normality"]},{"damage_healed":0,"gold_gain":0,"player_choice":"Fight","damage_taken":0,"max_hp_gain":0,"max_hp_loss":0,"event_name":"Mysterious Sphere","floor":38,"gold_loss":0},{"damage_healed":0,"gold_gain":0,"player_choice":"Bought 3 Potions","damage_taken":0,"max_hp_gain":0,"max_hp_loss":0,"event_name":"The Woman in Blue","floor":47,"gold_loss":0}],"is_beta":false,"boss_relics":[{"not_picked":["Honey Jar","Replay:Wanted Poster"],"picked":"Mark of Pain"},{"not_picked":["Runic Dome","Tiny House"],"picked":"Fusion Hammer"}],"items_purged_floors":[0,20,39,42],"is_endless":false,"potions_floor_spawned":[12,16,18,22,24,31,38,48],"ascension_level":0}}