{"host":"93mson5lmjgzj0ai","time":1610051261,"event":{"mods":["AchievementEnabler","BaseMod","Conspire","Hubris","Infinite Spire","Minty Spire (QoL Compilation)","Shop Mod","StSLib","SuperFastMode","The Construct"],"gold_per_floor":[109,109,184,184,33,33,62,62,86,11,11,44,64,91,91,192,192,212,212,212,212,226,226,259,259,259,271,304,304,332,345,345,448,448,465,687,257,257,357,391,391,391,417,417,417,417,447,485,485,485],"floor_reached":51,"playtime":1239,"items_purged":["Defend_G","Strike_G","Defend_G","Strike_G"],"score":1169,"play_id":"2001e737-aeb5-436c-a591-c25a6256a7ce","local_time":"20210107212741","is_ascension_mode":true,"campfire_choices":[{"data":"Neutralize","floor":6.0,"key":"SMITH"},{"data":"Dagger Spray","floor":11.0,"key":"SMITH"},{"data":"Eviscerate","floor":15.0,"key":"SMITH"},{"floor":23.0,"key":"REST"},{"data":"Envenom","floor":29.0,"key":"SMITH"},{"data":"infinitespire:Gouge","floor":32.0,"key":"SMITH"},{"data":"Venomology","floor":41,"key":"SMITH"},{"data":"infinitespire:Punishment","floor":44,"key":"SMITH"},{"data":"Phantasmal Killer","floor":49,"key":"SMITH"}],"circlet_count":0,"master_deck":["Strike_G","Strike_G","Defend_G","Defend_G","Defend_G","Survivor","Neutralize+1","Dagger Spray+1","Eviscerate+1","Envenom+1","infinitespire:Gouge+1","Dagger Throw","Corpse Explosion","Calculated Gamble","PiercingWail+1","Adrenaline","Deflect+1","Phantasmal Killer+1","infinitespire:Punishment+1","Venomology+1","conspire:PoisonWeapons+1"],"relics":["Ring of the Snake","NeowsBlessing","infinitespire:Lucky Rock","infinitespire:Beetle Shell","hubris:ToyBattleship","HornCleat","Juzu Bracelet","Matryoshka","Runic Pyramid","hubris:Icosahedron","infinitespire:PuzzleCube","Boot","Oddly Smooth Stone","MealTicket","Red Mask","Pen Nib","conspire:RunicOctahedron","Membership Card","MerchantsRug","Paper Crane","Orichalcum","FossilizedHelix","Pantograph","Gremlin Horn","Dream Catcher","StoneCalendar","conspire:DecoderRing","Anchor","Mango"],"acts_visited":["Exordium","TheCity","TheBeyond"],"potions_floor_usage":[39,48,50,50,50],"damage_taken":[{"damage":0.0,"enemies":"Cultist","floor":1.0,"turns":1.0},{"damage":0.0,"enemies":"3 Sentries","floor":7.0,"turns":1.0},{"damage":0.0,"enemies":"Gremlin Nob","floor":12.0,"turns":1.0},{"damage":0.0,"enemies":"Jaw Worm","floor":13.0,"turns":4.0},{"damage":16.0,"enemies":"3 Sentries","floor":14.0,"turns":7.0},{"damage":20.0,"enemies":"The Guardian","floor":16.0,"turns":11.0},{"damage":20.0,"enemies":"Shell Parasite","floor":18.0,"turns":5.0},{"damage":1.0,"enemies":"Chosen","floor":22.0,"turns":4.0},{"damage":14.0,"enemies":"Slavers","floor":24.0,"turns":3.0},{"damage":0.0,"enemies":"3 Cultists","floor":27.0,"turns":2.0},{"damage":1.0,"enemies":"Masked Bandits","floor":28.0,"turns":2.0},{"damage":0.0,"enemies":"Gremlin Leader","floor":30.0,"turns":3.0},{"damage":0.0,"enemies":"Snecko","floor":31.0,"turns":3.0},{"damage":13.0,"enemies":"Automaton","floor":33.0,"turns":6.0},{"damage":0,"enemies":"3 Shapes","floor":35,"turns":2},{"damage":1,"enemies":"infinitespire:Three Voidlings","floor":39,"turns":2},{"damage":44,"enemies":"Nightmare_Alpha","floor":39,"turns":8},{"damage":0,"enemies":"Nemesis","floor":40,"turns":3},{"damage":0,"enemies":"Reptomancer","floor":47,"turns":2},{"damage":0,"enemies":"conspire:MimicChest","floor":48,"turns":3},{"damage":0,"enemies":"hubris:GrandSnecko","floor":50,"turns":2}],"seed_played":"1919906084322389258","potions_obtained":[{"floor":12.0,"key":"SpeedPotion"},{"floor":14.0,"key":"Energy Potion"},{"floor":24.0,"key":"SpeedPotion"},{"floor":28.0,"key":"ColorlessPotion"},{"floor":30.0,"key":"LiquidMemories"},{"floor":35,"key":"SpeedPotion"},{"floor":47,"key":"Energy Potion"}],"is_trial":false,"path_per_floor":["M","?","?","?","$","R","E","$","T","$","R","E","M","E","R","B",null,"M","?","?","?","M","R","E","AVR","T","M","?","R","E","M","R","B",null,"M","?","$","?","?","E","R","?","T","R","AVR","T","E","?","R","B",null],"character_chosen":"THE_SILENT","items_purchased":["hubris:ToyBattleship","Membership Card","MerchantsRug","Paper Crane","Orichalcum"],"campfire_rested":1,"item_purchase_floors":[5,37,37,37,37],"current_hp_per_floor":[70,67,56,56,56,56,56,56,56,56,56,56,56,40,40,20,70,50,33,33,33,32,53,39,39,39,39,38,38,38,38,38,25,70,70,70,70,66,21,21,21,58,58,58,58,58,58,72,72,72],"gold":485,"neow_bonus":"THREE_ENEMY_KILL","is_daily":false,"chose_seed":false,"campfire_upgraded":8,"win_rate":0.0,"timestamp":1610051261,"path_taken":["M","?","?","?","$","R","E","?","T","$","R","E","M","E","R","BOSS","M","?","?","?","M","R","E","AVR","T","M","?","R","E","M","R","BOSS","M","?","$","?","?","E","R","?","T","R","AVR","?","E","?","R","BOSS"],"items_purchased_type":["Relic","Relic","Relic","Relic","Relic"],"build_version":"2020-12-22","purchased_purges":4,"victory":true,"max_hp_per_floor":[70,70,70,70,70,70,70,70,70,70,70,70,70,70,70,70,70,70,70,70,70,70,70,70,70,70,70,70,70,70,70,70,70,70,70,70,70,66,66,66,66,58,58,58,58,58,58,72,72,72],"card_choices":[{"not_picked":["Deadly Poison","Slice"],"picked":"Dagger Spray","floor":1.0},{"not_picked":["Backflip","Poisoned Stab","Acrobatics"],"picked":"SKIP","floor":7.0},{"not_picked":["Prepared","Acrobatics","Underhanded Strike"],"picked":"SKIP","floor":12.0},{"not_picked":["Underhanded Strike","hubris:SlightOfHand","Dodge and Roll"],"picked":"SKIP","floor":13.0},{"not_picked":["Distraction","Escape Plan"],"picked":"Eviscerate","floor":14.0},{"not_picked":["After Image","Doppelganger"],"picked":"Envenom","floor":16.0},{"not_picked":["Blade Dance","Sucker Punch","hubris:TrickCloak"],"picked":"SKIP","floor":18.0},{"not_picked":["infinitespire:TheBestDefense","hubris:Rewind"],"picked":"infinitespire:Gouge","floor":19.0},{"not_picked":["Sucker Punch","hubris:SlightOfHand"],"picked":"Dagger Throw","floor":22.0},{"not_picked":["Sucker Punch+1","Adrenaline"],"picked":"Corpse Explosion","floor":24.0},{"not_picked":["Underhanded Strike","Blur"],"picked":"Calculated Gamble","floor":27.0},{"not_picked":["Heel Hook","Dagger Throw"],"picked":"PiercingWail+1","floor":28.0},{"not_picked":["Flying Knee+1","Caltrops+1"],"picked":"Adrenaline","floor":30.0},{"not_picked":["Bane+1","Sucker Punch+1"],"picked":"Deflect+1","floor":31.0},{"not_picked":["Wraith Form v2","A Thousand Cuts"],"picked":"Phantasmal Killer","floor":33.0},{"not_picked":["Deflect","PiercingWail","Predator+1"],"picked":"SKIP","floor":35},{"not_picked":["infinitespire:TheBestDefense","infinitespire:NeuralNetwork"],"picked":"infinitespire:Punishment","floor":39},{"not_picked":["Outmaneuver+1","Acrobatics+1"],"picked":"Venomology","floor":40},{"not_picked":["Footwork+1","Dagger Throw+1"],"picked":"conspire:PoisonWeapons+1","floor":47}],"player_experience":15392,"relics_obtained":[{"floor":4.0,"key":"infinitespire:Beetle Shell"},{"floor":7.0,"key":"HornCleat"},{"floor":9.0,"key":"Juzu Bracelet"},{"floor":12.0,"key":"Matryoshka"},{"floor":14.0,"key":"infinitespire:Satchel"},{"floor":24.0,"key":"infinitespire:PuzzleCube"},{"floor":26.0,"key":"Oddly Smooth Stone"},{"floor":26.0,"key":"MealTicket"},{"floor":28.0,"key":"Red Mask"},{"floor":30.0,"key":"Pen Nib"},{"floor":39,"key":"FossilizedHelix"},{"floor":40,"key":"Pantograph"},{"floor":43,"key":"Gremlin Horn"},{"floor":43,"key":"Dream Catcher"},{"floor":46,"key":"conspire:DecoderRing"},{"floor":47,"key":"Anchor"},{"floor":48,"key":"Mango"}],"event_choices":[{"damage_healed":0.0,"max_hp_gain":0.0,"max_hp_loss":0.0,"gold_gain":0.0,"event_name":"Scrap Ooze","player_choice":"Success","floor":2.0,"gold_loss":0.0,"damage_taken":3.0,"relics_obtained":["infinitespire:Lucky Rock"]},{"damage_healed":0.0,"max_hp_gain":0.0,"max_hp_loss":0.0,"gold_gain":75.0,"event_name":"World of Goop","player_choice":"Gather Gold","floor":3.0,"gold_loss":0.0,"damage_taken":11.0},{"cards_removed":["Strike_G"],"damage_healed":0.0,"max_hp_gain":0.0,"max_hp_loss":0.0,"gold_gain":0.0,"event_name":"Purifier","player_choice":"Purged","floor":21.0,"gold_loss":0.0,"damage_taken":0.0},{"damage_healed":0.0,"max_hp_gain":0.0,"max_hp_loss":0.0,"gold_gain":0.0,"event_name":"Masked Bandits","player_choice":"Fought Bandits","floor":28.0,"gold_loss":0.0,"damage_taken":0.0},{"damage_healed":0,"gold_gain":222,"player_choice":"Wore Mask","damage_taken":0,"max_hp_gain":0,"max_hp_loss":0,"event_name":"Tomb of Lord Red Mask","floor":36,"gold_loss":0},{"damage_healed":0,"gold_gain":0,"player_choice":"Max HP","damage_taken":0,"max_hp_gain":0,"max_hp_loss":4,"event_name":"Winding Halls","floor":38,"gold_loss":0},{"damage_healed":58,"gold_gain":0,"player_choice":"Heal","damage_taken":0,"max_hp_gain":0,"max_hp_loss":8,"event_name":"The Moai Head","floor":42,"gold_loss":0}],"is_beta":false,"boss_relics":[{"not_picked":["Velvet Choker","hubris:BlackHole"],"picked":"Runic Pyramid"},{"not_picked":["Cursed Key","hubris:GrandSneckoEye"],"picked":"conspire:RunicOctahedron"}],"items_purged_floors":[10,25,37,45],"is_endless":false,"potions_floor_spawned":[12,14,24,28,30,35,47],"ascension_level":1}}