{"host":"dmdprxj8bosbz96f","time":1610042309,"event":{"mods":["AchievementEnabler","BaseMod","Colored Map","DeckTracker","Minty Spire (QoL Compilation)","Permanent Neow","Quick Restart","SuperFastMode","everything is the same but u backflip on backflip"],"gold_per_floor":[117,43,43,118,134,134,477,42,42,42,61,81,105,105,105,231,231,224,249,34,34,34,34,59,84,108,108,55,76,76,100,100,225,225,239,103,127,127,127,127],"floor_reached":39,"playtime":1583,"items_purged":["Strike_G","Shame"],"score":533,"play_id":"f65538a0-101a-45ad-991f-89af89bce860","local_time":"20210108025829","is_ascension_mode":true,"campfire_choices":[{"data":"Wraith Form v2","floor":6.0,"key":"SMITH"},{"floor":10.0,"key":"DIG"},{"floor":15.0,"key":"DIG"},{"floor":23.0,"key":"REST"},{"floor":27.0,"key":"REST"},{"floor":30.0,"key":"REST"},{"floor":32.0,"key":"REST"}],"circlet_count":0,"master_deck":["Strike_G","Strike_G","Strike_G","Strike_G","Defend_G+1","Defend_G+1","Defend_G","Survivor","Neutralize","Wraith Form v2+1","PiercingWail","Calculated Gamble+1","Underhanded Strike","Acrobatics","Accuracy","PiercingWail","Dodge and Roll","Cloak And Dagger","Poisoned Stab","Cloak And Dagger","A Thousand Cuts","Reflex","Dodge and Roll","Tactician","Blur","Acrobatics+1","After Image","Blade Dance","Prepared","Noxious Fumes","Storm of Steel","Cloak And Dagger","Footwork","Eviscerate+1"],"relics":["Ring of the Snake","Golden Idol","Old Coin","Lee\u0027s Waffle","Bag of Preparation","Shovel","Mercury Hourglass","Dead Branch","War Paint","Empty Cage","Paper Crane","Orichalcum","HoveringKite"],"acts_visited":["Exordium","TheCity","TheBeyond"],"potions_floor_usage":[],"damage_taken":[{"damage":4.0,"enemies":"Cultist","floor":1.0,"turns":5.0},{"damage":0.0,"enemies":"Jaw Worm","floor":5.0,"turns":5.0},{"damage":28.0,"enemies":"Gremlin Nob","floor":7.0,"turns":6.0},{"damage":2.0,"enemies":"2 Louse","floor":11.0,"turns":2.0},{"damage":2.0,"enemies":"Blue Slaver","floor":12.0,"turns":4.0},{"damage":8.0,"enemies":"Exordium Thugs","floor":13.0,"turns":5.0},{"damage":44.0,"enemies":"Slime Boss","floor":16.0,"turns":11.0},{"damage":9.0,"enemies":"2 Thieves","floor":18.0,"turns":4.0},{"damage":23.0,"enemies":"Spheric Guardian","floor":19.0,"turns":6.0},{"damage":14.0,"enemies":"Snake Plant","floor":24.0,"turns":6.0},{"damage":26.0,"enemies":"Chosen and Byrds","floor":25.0,"turns":8.0},{"damage":21.0,"enemies":"3 Cultists","floor":29.0,"turns":6.0},{"damage":26.0,"enemies":"Cultist and Chosen","floor":31.0,"turns":8.0},{"damage":13.0,"enemies":"Collector","floor":33.0,"turns":10.0},{"damage":30.0,"enemies":"3 Darklings","floor":35.0,"turns":4.0},{"damage":14.0,"enemies":"Orb Walker","floor":37.0,"turns":6.0},{"damage":22,"enemies":"Maw","floor":39,"turns":4}],"seed_played":"4631202948272202975","potions_obtained":[{"floor":5.0,"key":"Dexterity Potion"},{"floor":7.0,"key":"Regen Potion"},{"floor":29.0,"key":"BlessingOfTheForge"},{"floor":33.0,"key":"PowerPotion"}],"is_trial":false,"path_per_floor":["M","$","?","?","M","R","E","$","T","R","M","M","M","T","R","B",null,"M","M","$","?","?","R","M","M","T","R","$","M","R","M","R","B",null,"M","$","M","?","M"],"character_chosen":"THE_SILENT","items_purchased":["Calculated Gamble","Lee\u0027s Waffle","Bag of Preparation","Accuracy","PiercingWail","Dodge and Roll","Tactician","Blur","Blade Dance","Footwork"],"campfire_rested":4,"item_purchase_floors":[2,8,8,8,8,8,20,20,28,36],"current_hp_per_floor":[66,66,65,54,54,54,26,72,72,72,70,68,60,60,60,31,62,53,30,30,30,30,51,37,11,11,32,32,11,32,6,27,14,58,28,28,14,14,0,0],"gold":127,"neow_bonus":"ONE_RANDOM_RARE_CARD","is_daily":false,"chose_seed":false,"campfire_upgraded":1,"win_rate":0.0,"timestamp":1610042309,"path_taken":["M","$","?","?","M","R","E","$","T","R","M","M","M","?","R","BOSS","M","M","$","?","?","R","M","M","T","R","?","M","R","M","R","BOSS","M","$","M","?","?"],"items_purchased_type":["Card","Relic","Relic","Card","Card","Card","Card","Card","Card","Card"],"build_version":"2020-12-22","purchased_purges":2,"victory":false,"max_hp_per_floor":[70,70,65,65,65,65,65,72,72,72,72,72,72,72,72,72,72,72,72,72,72,72,72,72,72,72,72,72,72,72,72,72,72,72,72,72,72,72,72,72],"card_choices":[{"not_picked":["Underhanded Strike","Acrobatics"],"picked":"PiercingWail","floor":1.0},{"not_picked":["Infinite Blades","Dagger Spray"],"picked":"Underhanded Strike","floor":5.0},{"not_picked":["Flying Knee","Endless Agony"],"picked":"Acrobatics","floor":7.0},{"not_picked":["Deadly Poison","Dagger Throw"],"picked":"Cloak And Dagger","floor":11.0},{"not_picked":["All Out Attack","Catalyst"],"picked":"Poisoned Stab","floor":12.0},{"not_picked":["Dagger Spray","Predator"],"picked":"Cloak And Dagger","floor":13.0},{"not_picked":["Night Terror","Doppelganger"],"picked":"A Thousand Cuts","floor":16.0},{"not_picked":["Endless Agony","All Out Attack"],"picked":"Reflex","floor":18.0},{"not_picked":["Masterful Stab","Outmaneuver"],"picked":"Dodge and Roll","floor":19.0},{"not_picked":["Slice","Outmaneuver+1"],"picked":"Acrobatics+1","floor":24.0},{"not_picked":["Choke","Quick Slash"],"picked":"After Image","floor":25.0},{"not_picked":["Acrobatics","Outmaneuver"],"picked":"Prepared","floor":29.0},{"not_picked":["Sucker Punch","Predator+1"],"picked":"Noxious Fumes","floor":31.0},{"not_picked":["Tools of the Trade","Envenom"],"picked":"Storm of Steel","floor":33.0},{"not_picked":["Slice+1","Dagger Spray"],"picked":"Cloak And Dagger","floor":35.0},{"not_picked":["Crippling Poison","Deadly Poison"],"picked":"Eviscerate+1","floor":37.0}],"player_experience":170429,"relics_obtained":[{"floor":7.0,"key":"Old Coin"},{"floor":9.0,"key":"Shovel"},{"floor":10.0,"key":"Mercury Hourglass"},{"floor":14.0,"key":"Dead Branch"},{"floor":15.0,"key":"War Paint"},{"floor":26.0,"key":"Orichalcum"}],"event_choices":[{"damage_healed":0.0,"max_hp_gain":0.0,"max_hp_loss":5.0,"gold_gain":0.0,"event_name":"Golden Idol","player_choice":"Lose Max HP","floor":3.0,"gold_loss":0.0,"damage_taken":0.0,"relics_obtained":["Golden Idol"]},{"damage_healed":0.0,"max_hp_gain":0.0,"max_hp_loss":0.0,"gold_gain":75.0,"event_name":"World of Goop","player_choice":"Gather Gold","floor":4.0,"gold_loss":0.0,"damage_taken":11.0},{"damage_healed":0.0,"max_hp_gain":0.0,"max_hp_loss":0.0,"gold_gain":0.0,"event_name":"Ghosts","player_choice":"Ignored","floor":21.0,"gold_loss":0.0,"damage_taken":0.0},{"damage_healed":0.0,"max_hp_gain":0.0,"max_hp_loss":0.0,"gold_gain":0.0,"event_name":"Addict","player_choice":"Stole Relic","floor":22.0,"gold_loss":0.0,"damage_taken":0.0,"relics_obtained":["Paper Crane"],"cards_obtained":["Shame"]},{"damage_healed":0.0,"max_hp_gain":0.0,"max_hp_loss":0.0,"gold_gain":0.0,"event_name":"Accursed Blacksmith","player_choice":"Forge","floor":38.0,"gold_loss":0.0,"damage_taken":0.0,"cards_upgraded":["Calculated Gamble"]}],"is_beta":false,"boss_relics":[{"not_picked":["Ectoplasm","Runic Pyramid"],"picked":"Empty Cage"},{"not_picked":["Pandora\u0027s Box","Astrolabe"],"picked":"HoveringKite"}],"items_purged_floors":[20,36],"is_endless":false,"potions_floor_spawned":[5,7,29,33],"killed_by":"Maw","ascension_level":5}}