{"host":"qq27suot6m8koe0b","time":1610030347,"event":{"mods":["Act Like it!","BaseMod","CapriCore","GifTheSpireLib","Lobotomy","Minty Spire (QoL Compilation)","StSLib","Waifu the Spire"],"gold_per_floor":[18,18,41,65,65,65,65,88,88,88,108,127,302,345,345,465,465,480,480,505,529,529,560,560,575,575,619,312,330,353,372,372,498,498,519,534,554,245,263,302,302,315,315,328,328,328,391,449,449,449],"floor_reached":51,"playtime":4684,"items_purged":["Doubt","Woodsman"],"score":823,"play_id":"7299c8d6-fdcd-4b91-b113-3e09295edf82","local_time":"20210107223907","is_ascension_mode":false,"campfire_choices":[{"floor":24,"key":"RECALL"}],"circlet_count":0,"master_deck":["SpecialBullet","SpecialBullet","SpecialBullet","SpecialBullet","SpecialBullet","SpecialBullet","SpecialBullet","SpecialBullet","InformationCode","SecurityCode","CentralCode","Justitia","DreamingCurrent","UniverseFragment","Penitence","Scorched","BlueScar","Wingbeat","MHz","Lamp+3","CENSORED_ego","SpecialBullet","LaLuna","Ecstasy+1","Moonlight","BlackSwan_ego","Mercenary","BearPaw+1","SingingMachine","ControlCode","Logging","BlackSwan_ego+1","RedEyes","CENSORED","Heaven+1","RedShoes","ParadiseLost","Reverberation","BlueStar","TT2Protocol","GreenStem","Soda","TodaysExpression","BlackArmy","SummonCall","Wellcheers","CherryBlossom+1","NakedNest","Horn+1","Necronomicurse"],"relics":["CogitoBucket","Golden Idol","LuminousBracelet","Shuriken","Philosopher\u0027s Stone","Necronomicon","Gambling Chip","Lantern","MealTicket","Medical Kit","AspirationHeart","AtMidnight","SlaversCollar","Membership Card","Juzu Bracelet","StrikeDummy","White Beast Statue","Shovel","Ginger"],"acts_visited":["Exordium","TheCity","TheBeyond"],"potions_floor_usage":[8,12,20,27,30,37,50,50],"damage_taken":[{"damage":0,"enemies":"Jaw Worm","floor":1,"turns":3},{"damage":0,"enemies":"2 Louse","floor":3,"turns":1},{"damage":8,"enemies":"Small Slimes","floor":4,"turns":3},{"damage":30,"enemies":"Exordium Thugs","floor":8,"turns":7},{"damage":0,"enemies":"2 Fungi Beasts","floor":11,"turns":2},{"damage":40,"enemies":"Large Slime","floor":12,"turns":4},{"damage":46,"enemies":"Gremlin Nob","floor":14,"turns":4},{"damage":81,"enemies":"Hexaghost","floor":16,"turns":15},{"damage":42,"enemies":"Spheric Guardian","floor":18,"turns":5},{"damage":0,"enemies":"Chosen","floor":20,"turns":3},{"damage":22,"enemies":"Snecko","floor":21,"turns":3},{"damage":40,"enemies":"Slavers","floor":23,"turns":5},{"damage":51,"enemies":"Sentry and Sphere","floor":25,"turns":7},{"damage":122,"enemies":"Book of Stabbing","floor":27,"turns":8},{"damage":4,"enemies":"Cultist and Chosen","floor":29,"turns":4},{"damage":85,"enemies":"Snecko","floor":30,"turns":5},{"damage":17,"enemies":"Chosen and Byrds","floor":31,"turns":5},{"damage":58,"enemies":"Collector","floor":33,"turns":7},{"damage":32,"enemies":"Orb Walker","floor":35,"turns":4},{"damage":23,"enemies":"3 Darklings","floor":36,"turns":4},{"damage":63,"enemies":"Maw","floor":37,"turns":8},{"damage":132,"enemies":"Transient","floor":39,"turns":5},{"damage":5,"enemies":"Reptomancer","floor":40,"turns":2},{"damage":36,"enemies":"4 Shapes","floor":42,"turns":5},{"damage":2,"enemies":"Writhing Mass","floor":44,"turns":3},{"damage":70,"enemies":"Mind Bloom Boss Battle","floor":47,"turns":5},{"damage":80,"enemies":"2 Orb Walkers","floor":48,"turns":5},{"damage":345,"enemies":"Donu and Deca","floor":50,"turns":42},{"damage":181,"enemies":"Malkuth","floor":51,"turns":8},{"damage":124,"enemies":"Netzach","floor":51,"turns":7}],"seed_played":"-7049581517278871827","potions_obtained":[{"floor":1,"key":"Strength Potion"},{"floor":4,"key":"SkillPotion"},{"floor":12,"key":"LiquidMemories"},{"floor":14,"key":"Weak Potion"},{"floor":16,"key":"LiquidMemories"},{"floor":21,"key":"FairyPotion"},{"floor":27,"key":"Swift Potion"},{"floor":31,"key":"GamblersBrew"},{"floor":35,"key":"Fire Potion"},{"floor":37,"key":"Swift Potion"},{"floor":44,"key":"Ancient Potion"},{"floor":48,"key":"Strength Potion"}],"is_trial":false,"path_per_floor":["M","?","M","M","?","R","?","M","T","$","M","M","?","E","R","B",null,"M","?","M","M","?","E","R","M","T","E","$","M","M","M","R","B",null,"M","M","M","$","M","E","R","M","T","M","R","?","?","?","R","B",null],"character_chosen":"Angela","items_purchased":["Medical Kit","Logging","Membership Card","Soda","TodaysExpression","Juzu Bracelet"],"campfire_rested":0,"item_purchase_floors":[28,28,38,38,38,38],"current_hp_per_floor":[70,53,61,70,70,70,75,75,75,75,75,58,58,28,28,63,90,83,67,90,90,90,90,90,90,90,35,50,85,68,97,97,97,100,100,100,100,100,54,67,67,90,90,100,100,100,100,96,96,97],"gold":449,"neow_bonus":"THREE_RARE_CARDS","is_daily":false,"chose_seed":false,"campfire_upgraded":0,"win_rate":0.0,"timestamp":1610030347,"path_taken":["M","?","M","M","?","R","?","M","T","?","M","?","?","E","R","BOSS","M","?","M","M","?","E","R","M","T","E","$","M","?","M","R","BOSS","M","M","M","$","M","E","R","M","T","M","R","?","?","?","R","BOSS"],"items_purchased_type":["Relic","Card","Relic","Card","Card","Relic"],"build_version":"2020-12-22","purchased_purges":2,"victory":true,"max_hp_per_floor":[70,70,70,70,70,70,75,75,75,75,75,90,90,90,90,90,90,90,90,90,90,90,90,90,90,90,90,90,90,100,100,100,100,100,100,100,100,100,100,100,100,100,100,100,100,100,100,97,97,97],"card_choices":[{"not_picked":["DaCapo","Adoration"],"picked":"Justitia","floor":0},{"not_picked":["SpiderBud","LittlePrince"],"picked":"DreamingCurrent","floor":1},{"not_picked":["Beak","Horn"],"picked":"SKIP","floor":1},{"not_picked":["TodaysExpression","Beak"],"picked":"SKIP","floor":3},{"not_picked":["FairyFestival","Scorched"],"picked":"UniverseFragment","floor":4},{"not_picked":["ShedSkin"],"picked":"Penitence","floor":4},{"not_picked":["WallGazer","Scarecrow"],"picked":"Scorched","floor":8},{"not_picked":["RedEyes"],"picked":"BlueScar","floor":8},{"not_picked":["CherryBlossoms","ShyLook"],"picked":"GreedKing","floor":11},{"not_picked":["Noise"],"picked":"Wingbeat","floor":11},{"not_picked":["PunishingBird","FairyFestival"],"picked":"MHz","floor":12},{"not_picked":["Beak","Galaxy"],"picked":"SKIP","floor":12},{"not_picked":["Penitence"],"picked":"Lamp","floor":14},{"not_picked":["Murderer","Bloodbath"],"picked":"Woodsman","floor":16},{"not_picked":["Pinks"],"picked":"CENSORED_ego","floor":16},{"not_picked":["OldLady","VoidDream"],"picked":"LaLuna","floor":18},{"not_picked":["Tough+1"],"picked":"Ecstasy+1","floor":18},{"not_picked":["PunishingBird","FairyFestival"],"picked":"Yin","floor":20},{"not_picked":["Ecstasy","TodaysExpression"],"picked":"SKIP","floor":20},{"not_picked":["Christmas+1"],"picked":"Moonlight","floor":21},{"not_picked":["Murderer","BlueStar"],"picked":"Mercenary","floor":23},{"not_picked":["TodaysExpression"],"picked":"BearPaw+1","floor":23},{"not_picked":["Funeral","BigBird"],"picked":"SingingMachine","floor":25},{"not_picked":["Loneliness+1","TodaysExpression"],"picked":"SKIP","floor":25},{"not_picked":["CUTE","RapturousDream"],"picked":"SKIP","floor":27},{"not_picked":["Laetitia_ego"],"picked":"BlackSwan_ego+1","floor":29},{"not_picked":["Regret_ego"],"picked":"RedEyes","floor":30},{"not_picked":["FairyFestival","LongBird"],"picked":"CENSORED","floor":31},{"not_picked":["Horn"],"picked":"Heaven+1","floor":31},{"not_picked":["DespairKnight","BlackSwan"],"picked":"RedShoes","floor":33},{"not_picked":["Justitia"],"picked":"ParadiseLost","floor":33},{"not_picked":["Tough+1"],"picked":"Reverberation","floor":35},{"not_picked":["DespairKnight","QueenBee"],"picked":"BlueStar","floor":36},{"not_picked":["CUTE+1","Regret_ego+1"],"picked":"SKIP","floor":36},{"not_picked":["CUTE+1","Regret_ego+1"],"picked":"SKIP","floor":36},{"not_picked":["Wingbeat+1"],"picked":"GreenStem","floor":37},{"not_picked":["NothingThere","LittlePrince"],"picked":"BlackArmy","floor":39},{"not_picked":["Lantern+1","Tough+1"],"picked":"SKIP","floor":39},{"not_picked":["Lantern+1","Tough+1"],"picked":"SKIP","floor":39},{"not_picked":["Lantern+1"],"picked":"TodaysExpression","floor":40},{"not_picked":["Alriune","SilentOrchestra"],"picked":"Wellcheers","floor":42},{"not_picked":["RedEyes"],"picked":"CherryBlossom+1","floor":42},{"not_picked":["NothingThere","Laetitia"],"picked":"NakedNest","floor":44},{"not_picked":["Tough+1","Ecstasy"],"picked":"SKIP","floor":44},{"not_picked":["TodaysExpression+1"],"picked":"Horn+1","floor":47}],"player_experience":265016,"relics_obtained":[{"floor":14,"key":"Shuriken"},{"floor":19,"key":"Necronomicon"},{"floor":23,"key":"Gambling Chip"},{"floor":26,"key":"Lantern"},{"floor":27,"key":"MealTicket"},{"floor":30,"key":"AtMidnight"},{"floor":40,"key":"StrikeDummy"},{"floor":43,"key":"White Beast Statue"},{"floor":47,"key":"Shovel"},{"floor":48,"key":"Ginger"}],"event_choices":[{"damage_healed":0,"gold_gain":0,"player_choice":"Take Damage","damage_taken":17,"relics_obtained":["Golden Idol"],"max_hp_gain":0,"max_hp_loss":0,"event_name":"Golden Idol","floor":2,"gold_loss":0},{"damage_healed":0,"gold_gain":0,"player_choice":"Leave","damage_taken":0,"max_hp_gain":0,"max_hp_loss":0,"event_name":"The Cleric","floor":5,"gold_loss":0},{"damage_healed":0,"gold_gain":0,"player_choice":"Donut","damage_taken":0,"max_hp_gain":5,"max_hp_loss":0,"event_name":"Big Fish","floor":7,"gold_loss":0},{"damage_healed":0,"gold_gain":175,"player_choice":"AGREE","damage_taken":0,"max_hp_gain":0,"max_hp_loss":0,"event_name":"Liars Game","floor":13,"gold_loss":0,"cards_obtained":["Doubt"]},{"damage_healed":0,"gold_gain":0,"player_choice":"Obtained Book","damage_taken":16,"max_hp_gain":0,"max_hp_loss":0,"event_name":"Cursed Tome","floor":19,"gold_loss":0},{"damage_healed":0,"gold_gain":0,"cards_transformed":["GreedKing"],"player_choice":"Transformed","damage_taken":0,"max_hp_gain":0,"max_hp_loss":0,"event_name":"Transmorgrifier","floor":22,"gold_loss":0,"cards_obtained":["BlackSwan_ego"]},{"cards_removed":["TodaysExpression"],"damage_healed":0,"gold_gain":0,"player_choice":"Removed Skill","damage_taken":0,"max_hp_gain":0,"max_hp_loss":0,"event_name":"Falling","floor":46,"gold_loss":0},{"damage_healed":0,"gold_gain":0,"player_choice":"Fight","damage_taken":0,"max_hp_gain":0,"max_hp_loss":0,"event_name":"MindBloom","floor":47,"gold_loss":0},{"damage_healed":0,"gold_gain":0,"player_choice":"Fight","damage_taken":0,"max_hp_gain":0,"max_hp_loss":0,"event_name":"Mysterious Sphere","floor":48,"gold_loss":0}],"is_beta":false,"boss_relics":[{"not_picked":["Coffee Dripper","Tiny House"],"picked":"Philosopher\u0027s Stone"},{"not_picked":["Sozu","Calling Bell"],"picked":"SlaversCollar"}],"items_purged_floors":[28,38],"is_endless":false,"potions_floor_spawned":[1,4,12,14,16,21,25,27,31,35,36,37,44,47,48,51,51],"ascension_level":0}}