{"host":"gbbz8f5svnnpwo8d","time":1610033790,"event":{"mods":["AchievementEnabler","AlwaysNeverKeys","BaseMod","Bestiary","Better Altar","Better Match","Better Note","Better Sensory Stone","Better Silent Start","Better Skull","Better Third Choice","Better Vampires","Better-Laid Plans","BetterRewards","Block Reminder","Colored Map","Colored Powertips","Curses Come First","Dark Map","Displayed Cursed Tome","Downfall","GifTheSpireLib","Minty Spire (QoL Compilation)","MonsterHotkey","Permanent Neow","Potion Indicator Mod","Quick Restart","Random Character Button","Rare Cards Sparkle","Relic Stats","Shop Mod","Spicy Shops","Spire Birthday Party","StSLib","Transform Curses"],"gold_per_floor":[113,125,125,140,60,60,71,71,71,135,148,148,167,117,117,214,214,228,74,74,74,85,85,100,100,100,119,119,151,59,70,70,168,168,183,183,198,12,31,31,31,31,54,88,140,190,0,14,14,14,14,14,14,40,40],"floor_reached":56,"playtime":2210,"items_purged":[],"score":1510,"play_id":"3a54a68a-f83d-4add-9c9f-02422e9f6b4f","local_time":"20210107083630","is_ascension_mode":false,"campfire_choices":[{"data":"Whirlwind","floor":6.0,"key":"SMITH"},{"data":"Spot Weakness","floor":8,"key":"SMITH"},{"data":"Bash","floor":15,"key":"SMITH"},{"data":"Double Tap","floor":23,"key":"SMITH"},{"data":"Seeing Red","floor":25,"key":"SMITH"},{"data":"Cleave","floor":28,"key":"SMITH"},{"data":"Power Through","floor":32,"key":"SMITH"},{"data":"Sentinel","floor":40,"key":"SMITH"},{"data":"Seeing Red","floor":42,"key":"SMITH"},{"floor":49,"key":"REST"},{"data":"Sentinel","floor":52,"key":"SMITH"}],"circlet_count":0,"master_deck":["Strike_R","Strike_R","Strike_R","Strike_R","Defend_R","Defend_R","Defend_R","Defend_R","Bash+1","Rage+1","Cleave+1","Spot Weakness+1","Warcry","Whirlwind+1","Headbutt","Seeing Red+1","Double Tap+1","Havoc+1","True Grit+1","Power Through+1","Corruption+1","Rage+1","Seeing Red+1","Sentinel+1","Sentinel+1","Shrug It Off+1","Dark Embrace+1"],"relics":["Burning Blood","Orichalcum","Kunai","Pantograph","Mark of Pain","Happy Flower","Frozen Egg 2","Bronze Scales","Dead Branch","SlaversCollar","Membership Card","Dream Catcher","Bag of Preparation","FossilizedHelix","Calipers","Red Mask","Turnip"],"acts_visited":["Exordium","TheCity","TheBeyond","TheEnding"],"potions_floor_usage":[7,10,16,16,27,31,39,50,55],"damage_taken":[{"damage":0.0,"enemies":"Small Slimes","floor":1.0,"turns":3.0},{"damage":3.0,"enemies":"Jaw Worm","floor":2.0,"turns":3.0},{"damage":0.0,"enemies":"2 Louse","floor":4.0,"turns":3.0},{"damage":0,"enemies":"Exordium Wildlife","floor":7,"turns":1},{"damage":11,"enemies":"3 Sentries","floor":10,"turns":5},{"damage":2,"enemies":"Lots of Slimes","floor":11,"turns":2},{"damage":2,"enemies":"Blue Slaver","floor":13,"turns":2},{"damage":7,"enemies":"Slime Boss","floor":16,"turns":7},{"damage":14,"enemies":"Spheric Guardian","floor":18,"turns":4},{"damage":7,"enemies":"Shell Parasite","floor":22,"turns":3},{"damage":14,"enemies":"Centurion and Healer","floor":24,"turns":4},{"damage":13,"enemies":"Shelled Parasite and Fungi","floor":27,"turns":2},{"damage":2,"enemies":"Gremlin Leader","floor":29,"turns":6},{"damage":11,"enemies":"Snake Plant","floor":31,"turns":4},{"damage":39,"enemies":"Automaton","floor":33,"turns":10},{"damage":11,"enemies":"Orb Walker","floor":35,"turns":4},{"damage":0,"enemies":"3 Darklings","floor":37,"turns":3},{"damage":9,"enemies":"Transient","floor":39,"turns":4},{"damage":3,"enemies":"Nemesis","floor":44,"turns":5},{"damage":17,"enemies":"2 Orb Walkers","floor":45,"turns":3},{"damage":30,"enemies":"Mind Bloom Boss Battle","floor":46,"turns":4},{"damage":0,"enemies":"Jaw Worm Horde","floor":48,"turns":2},{"damage":83,"enemies":"Time Eater","floor":50,"turns":11},{"damage":42,"enemies":"Shield and Spear","floor":54,"turns":3},{"damage":0,"enemies":"The Heart","floor":55,"turns":6}],"seed_played":"-587051418019482682","potions_obtained":[{"floor":1.0,"key":"Strength Potion"},{"floor":2.0,"key":"Swift Potion"},{"floor":10,"key":"ElixirPotion"},{"floor":11,"key":"Slimebound:ThreeZeroPotion"},{"floor":13,"key":"Fire Potion"},{"floor":18,"key":"Ancient Potion"},{"floor":24,"key":"champ:CounterPotion"},{"floor":27,"key":"sneckomod:MuddlingPotion"},{"floor":29,"key":"SkillPotion"},{"floor":33,"key":"Weak Potion"},{"floor":39,"key":"SneckoOil"},{"floor":44,"key":"BloodPotion"}],"is_trial":false,"path_per_floor":["M","M","?","M","$","R","M","R","T","?","M","?","M","?","R","B",null,"M","$","?","?","M","R","M","R","T","M","R","E","$","M","R","B",null,"M","?","M","$","M","R","$","R","T","E","?","?","?","M","R","B",null,"R","$","E","B",null],"character_chosen":"IRONCLAD","items_purchased":["Orichalcum","Rage","Whirlwind","Happy Flower","Dead Branch","Membership Card","Seeing Red"],"campfire_rested":1,"item_purchase_floors":[0,0,5,19,30,38,38],"current_hp_per_floor":[79,80,85,85,85,85,85,85,85,80,84,84,85,85,85,84,85,77,77,85,85,84,84,76,76,76,69,69,73,73,68,68,52,85,80,80,85,85,82,82,82,82,82,85,74,61,61,67,85,25,85,85,85,49,80],"gold":40,"neow_bonus":"","is_daily":false,"chose_seed":false,"campfire_upgraded":10,"win_rate":0.0,"timestamp":1610033790,"path_taken":["M","M","?","M","$","R","M","R","T","?","M","?","M","?","R","BOSS","M","$","?","?","M","R","?","R","T","M","R","E","$","M","R","BOSS","M","?","?","$","M","R","?","R","T","E","?","?","?","M","R","BOSS","R","$","E","BOSS"],"items_purchased_type":["Relic","Card","Card","Relic","Relic","Relic","Card"],"build_version":"2020-12-22","purchased_purges":0,"victory":true,"max_hp_per_floor":[80,80,85,85,85,85,85,85,85,85,85,85,85,85,85,85,85,85,85,85,85,85,85,85,85,85,85,85,85,85,85,85,85,85,85,85,85,85,85,85,85,85,85,85,85,85,85,85,85,85,85,85,85,85,85],"relic_stats":{"Dream Catcher":1,"Happy Flower":[52],"counters":[116,549],"Pantograph":53,"Bronze Scales":[207],"Dead Branch":[267],"Turnip":[2],"Bag of Preparation":[12],"Kunai":[33],"Orichalcum":[126],"obtain_stats":[{"Ice Cream":48,"Calipers":46,"Gremlin Horn":52,"Vajra":23,"Ginger":39,"Bottled Tornado":45,"Boot":54,"Lizard Tail":48,"MealTicket":0,"Fusion Hammer":17,"Kunai":0,"Toxic Egg 2":47,"Girya":37,"MerchantsRug":0,"Happy Flower":7,"Dead Branch":30,"Eternal Feather":9,"Pen Nib":7,"Letter Opener":8,"Question Card":0,"Akabeko":36,"SlaversCollar":17,"Bronze Scales":54,"Molten Egg 2":26,"Pandora\u0027s Box":34,"Mark of Pain":17,"Unceasing Top":0,"Meat on the Bone":10,"Regal Pillow":14,"Lantern":44,"Torii":0,"Singing Bowl":43,"Snake Skull":43,"Bag of Preparation":44,"Empty Cage":34,"Cursed Key":17,"Burning Blood":0,"Emotion Chip":0,"Nunchaku":49,"Dream Catcher":43,"Shovel":14,"Gambling Chip":54,"Pantograph":10,"Tiny Chest":27,"Red Mask":20,"Cracked Core":0,"InkBottle":43,"Ring of the Snake":0,"Potion Belt":28,"Lee\u0027s Waffle":0,"Golden Idol":11,"PreservedInsect":0,"The Courier":9,"Frozen Egg 2":9,"Orichalcum":0,"White Beast Statue":7,"Nuclear Battery":17,"Anchor":42,"Ornamental Fan":0,"Bloody Idol":28,"Turnip":54,"Art of War":26,"Bag of Marbles":53,"Membership Card":38,"FossilizedHelix":45},{"Ice Cream":30,"Calipers":112,"Gremlin Horn":64,"Vajra":50,"Ginger":60,"Bottled Tornado":28,"Boot":90,"Lizard Tail":88,"MealTicket":66,"Fusion Hammer":46,"Kunai":37,"Toxic Egg 2":62,"Girya":27,"MerchantsRug":33,"Happy Flower":4,"Dead Branch":104,"Eternal Feather":4,"Pen Nib":69,"Letter Opener":43,"Question Card":66,"Akabeko":82,"SlaversCollar":7,"Bronze Scales":32,"Molten Egg 2":51,"Pandora\u0027s Box":55,"Mark of Pain":99,"Unceasing Top":33,"Meat on the Bone":5,"Regal Pillow":45,"Lantern":85,"Torii":37,"Singing Bowl":60,"Snake Skull":85,"Bag of Preparation":110,"Empty Cage":25,"Cursed Key":72,"Burning Blood":0,"Emotion Chip":0,"Nunchaku":63,"Dream Catcher":109,"Shovel":45,"Gambling Chip":65,"Pantograph":96,"Tiny Chest":51,"Red Mask":48,"Cracked Core":0,"InkBottle":27,"Ring of the Snake":0,"Potion Belt":80,"Lee\u0027s Waffle":66,"Golden Idol":5,"PreservedInsect":0,"The Courier":43,"Frozen Egg 2":15,"Orichalcum":91,"White Beast Statue":42,"Nuclear Battery":19,"Anchor":60,"Ornamental Fan":0,"Bloody Idol":23,"Turnip":115,"Art of War":22,"Bag of Marbles":64,"Membership Card":108,"FossilizedHelix":111},{"Ice Cream":146,"Calipers":527,"Gremlin Horn":310,"Vajra":253,"Ginger":297,"Bottled Tornado":134,"Boot":434,"Lizard Tail":422,"MealTicket":324,"Fusion Hammer":235,"Kunai":197,"Toxic Egg 2":302,"Girya":121,"MerchantsRug":176,"Happy Flower":12,"Dead Branch":490,"Eternal Feather":12,"Pen Nib":334,"Letter Opener":221,"Question Card":324,"Akabeko":393,"SlaversCollar":26,"Bronze Scales":170,"Molten Egg 2":258,"Pandora\u0027s Box":275,"Mark of Pain":471,"Unceasing Top":176,"Meat on the Bone":15,"Regal Pillow":227,"Lantern":407,"Torii":197,"Singing Bowl":297,"Snake Skull":407,"Bag of Preparation":520,"Empty Cage":106,"Cursed Key":351,"Burning Blood":0,"Emotion Chip":0,"Nunchaku":305,"Dream Catcher":515,"Shovel":227,"Gambling Chip":316,"Pantograph":460,"Tiny Chest":258,"Red Mask":244,"Cracked Core":0,"InkBottle":121,"Ring of the Snake":0,"Potion Belt":378,"Lee\u0027s Waffle":324,"Golden Idol":15,"PreservedInsect":0,"The Courier":221,"Frozen Egg 2":51,"Orichalcum":445,"White Beast Statue":214,"Nuclear Battery":66,"Anchor":297,"Ornamental Fan":0,"Bloody Idol":91,"Turnip":543,"Art of War":85,"Bag of Marbles":310,"Membership Card":511,"FossilizedHelix":523}],"Burning Blood":132},"card_choices":[{"not_picked":["Disarm","Twin Strike"],"picked":"Cleave","floor":1.0},{"not_picked":["Flex","Iron Wave"],"picked":"Spot Weakness","floor":2.0},{"not_picked":["Cleave","Fire Breathing"],"picked":"Warcry","floor":4.0},{"not_picked":["Body Slam","Combust","Dark Embrace"],"picked":"SKIP","floor":7},{"not_picked":["Berserk","Twin Strike"],"picked":"Headbutt","floor":10},{"not_picked":["Twin Strike","Heavy Blade"],"picked":"Seeing Red","floor":11},{"not_picked":["Pommel Strike","Clash","Fire Breathing"],"picked":"SKIP","floor":13},{"not_picked":["Immolate","Impervious"],"picked":"Double Tap","floor":16},{"not_picked":["Pummel","Burning Pact+1","True Grit"],"picked":"SKIP","floor":18},{"not_picked":["Shrug It Off","True Grit"],"picked":"Havoc+1","floor":22},{"not_picked":["Rampage","Perfected Strike+1"],"picked":"True Grit+1","floor":24},{"not_picked":["Sword Boomerang","Twin Strike","Intimidate+1"],"picked":"SKIP","floor":27},{"not_picked":["Dropkick","Rupture+1"],"picked":"Power Through","floor":29},{"not_picked":["Hemokinesis","Pommel Strike","Combust+1"],"picked":"SKIP","floor":31},{"not_picked":["Brutality+1","Impervious"],"picked":"Corruption+1","floor":33},{"not_picked":["Sword Boomerang+1","Heavy Blade+1","Pummel"],"picked":"SKIP","floor":35},{"not_picked":["Sword Boomerang+1","Dual Wield","True Grit+1"],"picked":"SKIP","floor":37},{"not_picked":["True Grit+1","Cleave"],"picked":"Sentinel","floor":39},{"not_picked":["Heavy Blade+1","Cleave","Twin Strike"],"picked":"SKIP","floor":44},{"not_picked":["Iron Wave+1","Anger"],"picked":"Sentinel","floor":45},{"not_picked":["Clothesline","Pommel Strike"],"picked":"Shrug It Off+1","floor":46},{"not_picked":["Heavy Blade+1","Intimidate"],"picked":"Dark Embrace+1","floor":48},{"not_picked":["Burning Pact","Thunderclap","Dropkick"],"picked":"SKIP","floor":54}],"player_experience":3603177,"relics_obtained":[{"floor":9,"key":"Kunai"},{"floor":10,"key":"Pantograph"},{"floor":26,"key":"Frozen Egg 2"},{"floor":29,"key":"Bronze Scales"},{"floor":43,"key":"Dream Catcher"},{"floor":44,"key":"Bag of Preparation"},{"floor":45,"key":"FossilizedHelix"},{"floor":46,"key":"Calipers"},{"floor":54,"key":"Turnip"}],"event_choices":[{"damage_healed":0.0,"max_hp_gain":5.0,"max_hp_loss":0.0,"gold_gain":0.0,"event_name":"Big Fish","player_choice":"Donut","floor":3.0,"gold_loss":0.0,"damage_taken":0.0},{"damage_healed":0,"gold_gain":0,"player_choice":"Searched \u00271\u0027 times","damage_taken":0,"max_hp_gain":0,"max_hp_loss":0,"event_name":"Dead Adventurer","floor":10,"gold_loss":0},{"damage_healed":0,"gold_gain":0,"player_choice":"Grow","damage_taken":0,"max_hp_gain":0,"max_hp_loss":0,"event_name":"Living Wall","floor":12,"gold_loss":0,"cards_upgraded":["Rage"]},{"cards_removed":["Strike_R"],"damage_healed":0,"gold_gain":0,"player_choice":"Card Removal","damage_taken":0,"max_hp_gain":0,"max_hp_loss":0,"event_name":"The Cleric","floor":14,"gold_loss":50},{"damage_healed":8,"gold_gain":0,"player_choice":"Full Heal","damage_taken":0,"max_hp_gain":0,"max_hp_loss":0,"event_name":"Wheel of Change","floor":20,"gold_loss":0},{"cards_removed":["Strike_R"],"damage_healed":0,"gold_gain":0,"player_choice":"Give","damage_taken":0,"max_hp_gain":0,"max_hp_loss":0,"event_name":"betterNote:BetterNote","floor":21,"gold_loss":0,"cards_obtained":["Strike_G"]},{"damage_healed":0,"gold_gain":0,"player_choice":"Copied","damage_taken":0,"max_hp_gain":0,"max_hp_loss":0,"event_name":"Duplicator","floor":36,"gold_loss":0,"cards_obtained":["Rage"]},{"damage_healed":0,"gold_gain":0,"player_choice":"Fight","damage_taken":0,"max_hp_gain":0,"max_hp_loss":0,"event_name":"Mysterious Sphere","floor":45,"gold_loss":0},{"damage_healed":0,"gold_gain":0,"player_choice":"Fight","damage_taken":0,"max_hp_gain":0,"max_hp_loss":0,"event_name":"MindBloom","floor":46,"gold_loss":0},{"damage_healed":0,"gold_gain":0,"player_choice":"Paid","damage_taken":0,"relics_obtained":["Red Mask"],"max_hp_gain":0,"max_hp_loss":0,"event_name":"Tomb of Lord Red Mask","floor":47,"gold_loss":190}],"is_beta":false,"boss_relics":[{"not_picked":["Pandora\u0027s Box","Sozu"],"picked":"Mark of Pain"},{"not_picked":["Empty Cage","Astrolabe"],"picked":"SlaversCollar"}],"items_purged_floors":[],"is_endless":false,"potions_floor_spawned":[1,2,10,11,13,18,24,27,29,33,39,44,48],"ascension_level":0}}