{"host":"iy58fyt9wsbv4cf1","time":1610029789,"event":{"mods":["BaseMod","Better Altar","Better Match","Better Skull","Better Third Choice","BetterRewards","Conspire","Custom Start","Defuse TimeMaze Blight","Hubris","Infinite Spire","Minty Spire (QoL Compilation)","Permanent Neow","Quick Restart","Spicy Shops","StSLib"],"gold_per_floor":[114,130,130,150,167,200,48,81,161,161,193,211,28,58,58,160,160,174,174,7,7,24,24,39,54,80,80,179,206,206,239,239,344,344,354,354,354,206,217,217,248,266,293,293,326,326,326,170,170,170],"floor_reached":51,"playtime":1315,"items_purged":["Strike_B","Strike_B","Strike_B"],"score":1144,"play_id":"b9e625cf-b4bc-4b4b-98a0-b1c2258541ae","local_time":"20210107092949","is_ascension_mode":false,"campfire_choices":[{"floor":10.0,"key":"DIG"},{"floor":15,"key":"DIG"},{"floor":23,"key":"DIG"},{"data":"Static Discharge","floor":30,"key":"SMITH"},{"floor":32,"key":"DIG"},{"floor":40,"key":"RECALL"},{"floor":44,"key":"DIG"},{"floor":49,"key":"REST"}],"circlet_count":0,"master_deck":["Strike_B+1","Defend_B","Defend_B","Defend_B","Defend_B","Zap","Dualcast+1","Ball Lightning+1","BootSequence","Self Repair","Cold Snap","Steam","Ball Lightning","Static Discharge+1","hubris:PowerSurge","Genetic Algorithm","Chill","Capacitor","hubris:PowerSurge","Rainbow","Consume+1","Steam","Ball Lightning+1","Biased Cognition+1","Biased Cognition+1","Barrage+1","Force Field+1","Tempest+1","Creative AI+1","White Noise","CurseOfTheBell"],"relics":["Cracked Core","Whetstone","Anchor","hubris:RunicObelisk","PureWater","Calling Bell","Nloth\u0027s Gift","SsserpentHead","Ring of the Snake","hubris:TenFootPole","Du-Vu Doll","Shuriken","hubris:FruitBowl","betterAltar:BloodRelic","infinitespire:CursedDice","hubris:Macrotransations","Sling","Self Forming Clay","Bottled Flame","infinitespire:PuzzleCube","Potion Belt","Lantern","betterThird:NestCultRelic","conspire:TopHat","hubris:BlackHole","infinitespire:Chaos","hubris:BallOfYels","Sundial","hubris:FunFungus","Unceasing Top"],"acts_visited":["Exordium","TheCity","TheBeyond","TheEnding"],"potions_floor_usage":[],"damage_taken":[{"damage":0.0,"enemies":"Cultist","floor":1.0,"turns":3.0},{"damage":0.0,"enemies":"2 Louse","floor":2.0,"turns":2.0},{"damage":0.0,"enemies":"Small Slimes","floor":4.0,"turns":3.0},{"damage":0.0,"enemies":"Looter","floor":5.0,"turns":2.0},{"damage":17.0,"enemies":"Lagavulin","floor":6.0,"turns":4.0},{"damage":0.0,"enemies":"Gremlin Nob","floor":8.0,"turns":3.0},{"damage":3,"enemies":"3 Sentries","floor":11,"turns":5},{"damage":0,"enemies":"3 Louse","floor":12,"turns":3},{"damage":9,"enemies":"Gremlin Nob","floor":14,"turns":3},{"damage":12,"enemies":"The Guardian","floor":16,"turns":5},{"damage":0,"enemies":"Chosen","floor":18,"turns":3},{"damage":0,"enemies":"Shell Parasite","floor":22,"turns":3},{"damage":8,"enemies":"Shelled Parasite and Fungi","floor":24,"turns":3},{"damage":4,"enemies":"conspire:HollyBat","floor":25,"turns":6},{"damage":0,"enemies":"Slavers","floor":29,"turns":7},{"damage":0,"enemies":"Gremlin Leader","floor":31,"turns":5},{"damage":50,"enemies":"hubris:MusketHawk","floor":33,"turns":7},{"damage":6,"enemies":"3 Shapes","floor":35,"turns":4},{"damage":0,"enemies":"Orb Walker","floor":39,"turns":2},{"damage":5,"enemies":"Nemesis","floor":41,"turns":5},{"damage":8,"enemies":"3 Darklings","floor":42,"turns":3},{"damage":40,"enemies":"Giant Head","floor":45,"turns":5},{"damage":77,"enemies":"Time Eater","floor":50,"turns":9}],"seed_played":"-5521032879601967160","potions_obtained":[{"floor":2.0,"key":"Weak Potion"},{"floor":4.0,"key":"Dexterity Potion"},{"floor":5.0,"key":"DuplicationPotion"},{"floor":12,"key":"FairyPotion"},{"floor":14,"key":"Swift Potion"},{"floor":45,"key":"Weak Potion"}],"is_trial":false,"path_per_floor":["M","M","?","M","M","E","$","E","T","R","E","M","$","E","R","B",null,"M","?","$","?","M","R","M","M","T","?","?","E","R","E","R","B",null,"M","?","?","$","M","R","E","M","T","R","E","AVR","M","$","R","B",null],"character_chosen":"DEFECT","items_purchased":["Mummified Hand","Ball Lightning","BootSequence","Self Repair","Cold Snap","Steam","Shovel","hubris:PowerSurge","Capacitor","Steam","Barrage+1","Unceasing Top"],"campfire_rested":1,"item_purchase_floors":[0,0,0,0,0,0,7,7,13,20,38,48],"current_hp_per_floor":[47,47,47,54,61,51,51,58,58,58,62,69,69,67,67,62,72,72,72,72,72,75,75,74,75,75,75,75,75,75,75,75,32,64,58,58,58,58,58,58,60,59,59,59,38,38,38,38,60,26],"gold":170,"neow_bonus":"","is_daily":false,"chose_seed":false,"campfire_upgraded":1,"win_rate":0.0,"timestamp":1610029789,"path_taken":["M","?","?","M","M","E","?","E","T","R","E","M","$","E","R","BOSS","M","?","$","?","M","R","M","M","T","?","?","E","R","E","R","BOSS","M","?","?","$","M","R","E","M","T","R","E","AVR","M","$","R","BOSS"],"items_purchased_type":["Relic","Card","Card","Card","Card","Card","Relic","Card","Card","Card","Card","Relic"],"build_version":"2020-12-22","purchased_purges":3,"victory":true,"max_hp_per_floor":[75,75,75,75,75,75,75,75,75,75,75,75,75,75,75,75,75,75,75,75,75,75,75,75,75,75,75,75,75,75,75,75,75,75,75,75,75,75,75,75,75,75,75,75,75,75,75,75,75,75],"card_choices":[{"not_picked":["Hologram","Barrage","Go for the Eyes"],"picked":"SKIP","floor":1.0},{"not_picked":["Doom and Gloom","Beam Cell"],"picked":"Ball Lightning","floor":2.0},{"not_picked":["Scrape","Cold Snap","Streamline"],"picked":"SKIP","floor":4.0},{"not_picked":["Coolheaded","Leap"],"picked":"Static Discharge","floor":5.0},{"not_picked":["Redo","Beam Cell","All For One"],"picked":"SKIP","floor":6.0},{"not_picked":["Leap","All For One","Lockon"],"picked":"SKIP","floor":8.0},{"not_picked":["Leap","All For One","Lockon"],"picked":"SKIP","floor":8.0},{"not_picked":["Redo","Coolheaded","Streamline"],"picked":"Genetic Algorithm","floor":11},{"not_picked":["Leap","Conserve Battery","Beam Cell"],"picked":"Chill","floor":12},{"not_picked":["Leap","Hyperbeam","Force Field"],"picked":"hubris:PowerSurge","floor":14},{"not_picked":["Fission","hubris:DoWhile","Core Surge"],"picked":"Rainbow","floor":16},{"not_picked":["Beam Cell","Stack","Sunder"],"picked":"Consume+1","floor":18},{"not_picked":["Hologram+1","Sweeping Beam","Aggregate","Go for the Eyes"],"picked":"SKIP","floor":22},{"not_picked":["Stack","Hologram","Ball Lightning","Conserve Battery"],"picked":"SKIP","floor":24},{"not_picked":["hubris:Ukulele","Force Field+1","Cold Snap","Lockon"],"picked":"SKIP","floor":25},{"not_picked":["Conserve Battery","Doom and Gloom","Rip and Tear"],"picked":"Ball Lightning+1","floor":29},{"not_picked":["Genetic Algorithm","Conserve Battery","Amplify","Force Field"],"picked":"SKIP","floor":31},{"not_picked":["Buffer+1","All For One+1","Echo Form+1"],"picked":"Biased Cognition+1","floor":33},{"not_picked":["Beam Cell+1","Glacier+1","conspire:Rain+1","Coolheaded"],"picked":"SKIP","floor":35},{"not_picked":["Turbo","Sunder+1","Compile Driver+1"],"picked":"Force Field+1","floor":39},{"not_picked":["Redo","Blizzard+1","Conserve Battery"],"picked":"Tempest+1","floor":41},{"not_picked":["Auto Shields+1","Redo","Reinforced Body"],"picked":"Creative AI+1","floor":42},{"not_picked":["Multi-Cast","Coolheaded+1","Recycle"],"picked":"White Noise","floor":45}],"player_experience":39987,"relics_obtained":[{"floor":6.0,"key":"Darkstone Periapt"},{"floor":8.0,"key":"StoneCalendar"},{"floor":9.0,"key":"infinitespire:BottledMercury"},{"floor":10.0,"key":"Question Card"},{"floor":11,"key":"Ancient Tea Set"},{"floor":14,"key":"infinitespire:CheckeredPen"},{"floor":15,"key":"White Beast Statue"},{"floor":23,"key":"Symbiotic Virus"},{"floor":26,"key":"infinitespire:Freezer"},{"floor":29,"key":"Frozen Egg 2"},{"floor":31,"key":"Molten Egg 2"},{"floor":32,"key":"DataDisk"},{"floor":41,"key":"Juzu Bracelet"},{"floor":41,"key":"Meat on the Bone"},{"floor":44,"key":"Bag of Preparation"},{"floor":45,"key":"Potion Belt"},{"floor":45,"key":"hubris:TenFootPole"},{"floor":46,"key":"hubris:BallOfYels"},{"floor":46,"key":"Sundial"},{"floor":46,"key":"hubris:FunFungus"}],"event_choices":[{"damage_healed":0.0,"max_hp_gain":0.0,"max_hp_loss":0.0,"gold_gain":0.0,"event_name":"Upgrade Shrine","player_choice":"Upgraded","floor":3.0,"gold_loss":0.0,"damage_taken":0.0,"cards_upgraded":["Dualcast"]},{"damage_healed":0,"gold_gain":0,"player_choice":"Leave","damage_taken":0,"max_hp_gain":0,"max_hp_loss":0,"event_name":"conspire:Investor","floor":19,"gold_loss":0},{"damage_healed":0,"gold_gain":0,"player_choice":"Ignored","damage_taken":0,"max_hp_gain":0,"max_hp_loss":0,"event_name":"Ghosts","floor":21,"gold_loss":0},{"damage_healed":0,"gold_gain":99,"player_choice":"Steal","damage_taken":0,"max_hp_gain":0,"max_hp_loss":0,"event_name":"betterThird:BetterNest","floor":28,"gold_loss":0},{"damage_healed":0,"gold_gain":0,"player_choice":"Copied","damage_taken":0,"max_hp_gain":0,"max_hp_loss":0,"event_name":"Duplicator","floor":37,"gold_loss":0,"cards_obtained":["Biased Cognition"]}],"is_beta":false,"boss_relics":[{"not_picked":["Velvet Choker","FrozenCore"],"picked":"hubris:TerracottaHorce"},{"not_picked":["conspire:RoyalGoblet","Runic Pyramid"],"picked":"Black Star"}],"items_purged_floors":[13,20,38],"is_endless":false,"potions_floor_spawned":[2,4,5,11,12,14,16,18,22,24,25,29,31,33,35,39,41,42,45],"ascension_level":0}}