{"host":"Ceyx","time":1610001848,"event":{"mods":["BaseMod","Beaked The Cultist","Better Third Choice","BetterRewards","Conspire","Downfall","Hermit","Hubris","Infinite Spire","Lobotomy","Minty Spire (QoL Compilation)","Replay The Spire","Shop Mod","StSLib","The Jungle","The Poker Player"],"gold_per_floor":[15,15,15,28,47,85,106,22,22,22,40,40,40,63,63,187,187,202,132,132],"floor_reached":19,"playtime":1397,"items_purged":[],"score":169,"play_id":"ebf98364-6ef9-4659-b7f9-a81c7744fee9","local_time":"20210107134407","is_ascension_mode":false,"campfire_choices":[{"data":"hermit:Dive","floor":10.0,"key":"SMITH"},{"data":"hermit:GoldenBullet","floor":12.0,"key":"SMITH"},{"data":"Mayhem","floor":15.0,"key":"SMITH"}],"circlet_count":0,"master_deck":["hermit:Strike_Hermit","hermit:Strike_Hermit","hermit:Strike_Hermit","hermit:Strike_Hermit","hermit:Defend_Hermit","hermit:Defend_Hermit","hermit:Defend_Hermit","hermit:Defend_Hermit","hermit:Snapshot","hermit:Covet","Mayhem+1","Injury","hermit:Malice","hermit:Vantage","hermit:GoldenBullet+1","hermit:Dive+1","Replay:SS_forest_6","hermit:BigShot","hermit:Manifest","hermit:BlackWind","hermit:Spite+1","hermit:Dive","hermit:Coalescence"],"relics":["hermit:Momento","Golden Idol","Pen Nib","Ancient Tea Set","Matryoshka","hubris:Backtick","Kunai"],"acts_visited":["Exordium","TheCity"],"potions_floor_usage":[],"damage_taken":[{"damage":0.0,"enemies":"Small Slimes","floor":1.0,"turns":3.0},{"damage":2.0,"enemies":"Jaw Worm","floor":4.0,"turns":4.0},{"damage":1.0,"enemies":"Cultist","floor":5.0,"turns":3.0},{"damage":13.0,"enemies":"3 Sentries","floor":6.0,"turns":8.0},{"damage":11.0,"enemies":"Exordium Thugs","floor":7.0,"turns":8.0},{"damage":2.0,"enemies":"Blue Slaver","floor":11.0,"turns":4.0},{"damage":7.0,"enemies":"Exordium Wildlife","floor":14.0,"turns":4.0},{"damage":23.0,"enemies":"Slime Boss","floor":16.0,"turns":7.0},{"damage":25.0,"enemies":"Spheric Guardian","floor":18.0,"turns":4.0},{"damage":2,"enemies":"hubris:Merchant","floor":19,"turns":5}],"seed_played":"-5715031832435709941","potions_obtained":[{"floor":1.0,"key":"Block Potion"},{"floor":3.0,"key":"ColorlessPotion"},{"floor":3.0,"key":"Adrenaline Potion"},{"floor":11.0,"key":"PowerPotion"},{"floor":14.0,"key":"Fire Potion"}],"is_trial":false,"path_per_floor":["M","?","?","M","M","E","M","$","T","R","M","R","T","M","R","B",null,"M","$"],"character_chosen":"HERMIT","items_purchased":["Replay:SS_forest_6","hermit:Dive","hermit:Coalescence"],"campfire_rested":0,"item_purchase_floors":[8,19,19],"current_hp_per_floor":[75,75,75,73,72,59,48,48,48,48,46,46,46,39,39,16,75,50,48,48],"gold":132,"neow_bonus":"RANDOM_COLORLESS_2","is_daily":false,"chose_seed":false,"campfire_upgraded":3,"win_rate":0.0,"timestamp":1610001847,"path_taken":["M","?","?","M","M","E","?","?","T","R","M","R","?","M","R","BOSS","M","?"],"items_purchased_type":["Card","Card","Card"],"build_version":"2020-12-18","purchased_purges":0,"victory":false,"max_hp_per_floor":[75,75,75,75,75,75,75,75,75,75,75,75,75,75,75,75,75,75,75,75],"card_choices":[{"not_picked":["hubris:EnhanceAbility","expansioncontent:QuickStudy"],"picked":"Mayhem","floor":0.0},{"not_picked":["hermit:Desperado","hermit:Deadeye","hermit:Horror"],"picked":"SKIP","floor":1.0},{"not_picked":["hermit:Snipe","hermit:LuckOfTheDraw"],"picked":"hermit:Malice","floor":4.0},{"not_picked":["hermit:Snipe","hermit:Dive"],"picked":"hermit:Vantage","floor":5.0},{"not_picked":["hermit:Reprieve","hermit:TrackingShot"],"picked":"hermit:GoldenBullet","floor":6.0},{"not_picked":["hermit:ItchyTrigger","hermit:HoleUp"],"picked":"hermit:Dive","floor":7.0},{"not_picked":["hermit:Feint","hermit:LuckOfTheDraw","hermit:BigShot"],"picked":"SKIP","floor":11.0},{"not_picked":["hermit:Feint","hermit:LuckOfTheDraw"],"picked":"hermit:BigShot","floor":11.0},{"not_picked":["hermit:Feint","hermit:Spite"],"picked":"hermit:Manifest","floor":14.0},{"not_picked":["hermit:Purgatory","hermit:FatalDesire"],"picked":"hermit:BlackWind","floor":16.0},{"not_picked":["hermit:Enervate+1","hermit:TrackingShot"],"picked":"hermit:Spite+1","floor":18.0}],"player_experience":547586,"relics_obtained":[{"floor":6.0,"key":"Pen Nib"},{"floor":9.0,"key":"Ancient Tea Set"},{"floor":13.0,"key":"Matryoshka"}],"event_choices":[{"damage_healed":0.0,"max_hp_gain":0.0,"max_hp_loss":0.0,"gold_gain":0.0,"event_name":"Golden Idol","player_choice":"Take Wound","floor":2.0,"gold_loss":0.0,"damage_taken":0.0,"relics_obtained":["Golden Idol"],"cards_obtained":["Injury"]},{"damage_healed":0.0,"max_hp_gain":0.0,"max_hp_loss":0.0,"gold_gain":0.0,"event_name":"Lab","player_choice":"Got Potions","floor":3.0,"gold_loss":0.0,"damage_taken":0.0}],"is_beta":true,"boss_relics":[{"not_picked":["Astrolabe","Runic Pyramid"],"picked":"hubris:Backtick"}],"items_purged_floors":[],"is_endless":false,"potions_floor_spawned":[1,5,11,14],"killed_by":"hubris:Merchant","ascension_level":0}}