{"host":"y2qjvfum100bh0ui","time":1610022953,"event":{"mods":["AchievementEnabler","BaseMod","Hermit","Marked Mod","Minty Spire (QoL Compilation)","StSLib","The Servant 0.9.4"],"gold_per_floor":[115,135,135,210,385,385,397,397,476,476,54,73,87,99,99,205,205,225,240,240,12,23,59,78,3,75,75,94,94,94,146,146,252,252,270,270,292,312,17,17,48,48,48,64,71,71],"floor_reached":45,"playtime":2731,"items_purged":[],"score":455,"play_id":"c1dc65d9-12fe-4c8d-8f79-3f6fff5d0ab6","local_time":"20210107203553","is_ascension_mode":false,"campfire_choices":[{"data":"hermit:Dive","floor":6.0,"key":"SMITH"},{"data":"hermit:Malice","floor":8.0,"key":"SMITH"},{"data":"hermit:Misfire","floor":10.0,"key":"SMITH"},{"data":"hermit:Maintenance","floor":15.0,"key":"SMITH"},{"floor":27,"key":"REST"},{"floor":29,"key":"REST"},{"data":"hermit:ShadowCloak","floor":32,"key":"SMITH"},{"floor":40,"key":"REST"}],"circlet_count":0,"master_deck":["hermit:Strike_Hermit","hermit:Strike_Hermit","hermit:Strike_Hermit","hermit:Strike_Hermit","hermit:Defend_Hermit","hermit:Defend_Hermit","hermit:Defend_Hermit","hermit:Defend_Hermit","hermit:Snapshot","hermit:Covet","hermit:Dive+1","hermit:Malice+1","hermit:Determination","hermit:BodyArmor","hermit:Maintenance+1","hermit:Scavenge","hermit:Reprieve","hermit:ShadowCloak+1","hermit:HoleUp","hermit:FlashPowder+1","hermit:Headshot+1","hermit:Maintenance+1","hermit:DeadMansHand","hermit:FlashPowder"],"relics":["hermit:ClaspedLocket","StoneCalendar","HornCleat","Molten Egg 2","Lantern","PreservedInsect","Letter Opener","White Beast Statue","Pen Nib","Fusion Hammer","Bag of Preparation","Regal Pillow","Thread and Needle","Shuriken"],"acts_visited":["Exordium","TheCity","TheBeyond"],"potions_floor_usage":[23,24,33,33,38,41,41,45,45],"damage_taken":[{"damage":2.0,"enemies":"2 Louse","floor":1.0,"turns":3.0},{"damage":0.0,"enemies":"Small Slimes","floor":2.0,"turns":3.0},{"damage":1.0,"enemies":"Jaw Worm","floor":7.0,"turns":3.0},{"damage":0.0,"enemies":"3 Louse","floor":12.0,"turns":2.0},{"damage":7.0,"enemies":"Blue Slaver","floor":13.0,"turns":4.0},{"damage":7.0,"enemies":"Exordium Wildlife","floor":14.0,"turns":4.0},{"damage":20.0,"enemies":"The Guardian","floor":16.0,"turns":11.0},{"damage":26.0,"enemies":"Spheric Guardian","floor":18.0,"turns":6.0},{"damage":13,"enemies":"3 Byrds","floor":19,"turns":7},{"damage":8,"enemies":"Centurion and Healer","floor":22,"turns":8},{"damage":24,"enemies":"Slavers","floor":23,"turns":6},{"damage":15,"enemies":"Snecko","floor":24,"turns":7},{"damage":12,"enemies":"Snake Plant","floor":28,"turns":6},{"damage":31,"enemies":"Champ","floor":33,"turns":15},{"damage":13,"enemies":"Orb Walker","floor":35,"turns":5},{"damage":7,"enemies":"3 Shapes","floor":37,"turns":7},{"damage":23,"enemies":"Jaw Worm Horde","floor":38,"turns":7},{"damage":9,"enemies":"Nemesis","floor":41,"turns":7},{"damage":5,"enemies":"Maw","floor":44,"turns":10},{"damage":112,"enemies":"2 Orb Walkers","floor":45,"turns":7}],"seed_played":"-3873103205448692871","potions_obtained":[{"floor":1.0,"key":"EssenceOfSteel"},{"floor":7.0,"key":"ColorlessPotion"},{"floor":19,"key":"DuplicationPotion"},{"floor":22,"key":"SneckoOil"},{"floor":24,"key":"PowerPotion"},{"floor":28,"key":"hermit:Tonic"},{"floor":33,"key":"Strength Potion"},{"floor":35,"key":"Fire Potion"},{"floor":37,"key":"Fire Potion"},{"floor":38,"key":"GamblersBrew"},{"floor":41,"key":"BlessingOfTheForge"},{"floor":42,"key":"FairyPotion"}],"is_trial":false,"path_per_floor":["M","M","?","?","?","R","M","R","T","R","$","M","M","M","R","B",null,"M","M","?","$","M","E","M","?","T","R","M","R","$","T","R","B",null,"M","?","M","M","$","R","E","?","T","M","?"],"character_chosen":"HERMIT","items_purchased":["Molten Egg 2","hermit:Determination","Lantern","PreservedInsect","hermit:ShadowCloak","Bag of Preparation","Regal Pillow"],"campfire_rested":3,"item_purchase_floors":[11,11,11,21,21,39,39],"current_hp_per_floor":[80,80,68,57,57,57,56,56,56,56,56,56,49,42,42,22,82,56,43,43,43,39,19,4,4,4,28,20,44,44,44,44,17,82,69,69,62,39,39,78,69,69,69,64,0,0],"gold":71,"neow_bonus":"TEN_PERCENT_HP_BONUS","is_daily":false,"chose_seed":false,"campfire_upgraded":5,"win_rate":0.0,"timestamp":1610022953,"path_taken":["M","M","?","?","?","R","M","R","T","R","?","?","M","M","R","BOSS","M","M","?","$","M","E","M","?","T","R","M","R","?","?","R","BOSS","M","?","M","M","$","R","E","?","T","?","?"],"items_purchased_type":["Relic","Card","Relic","Relic","Card","Relic","Relic"],"build_version":"2020-12-22","purchased_purges":0,"victory":false,"max_hp_per_floor":[82,82,82,82,82,82,82,82,82,82,82,82,82,82,82,82,82,82,82,82,82,82,82,82,82,82,82,82,82,82,82,82,82,82,82,82,82,82,82,82,82,82,82,82,82,82],"card_choices":[{"not_picked":["hermit:Gestalt","hermit:CalledShot"],"picked":"hermit:Misfire","floor":1.0},{"not_picked":["hermit:TakeAim","hermit:GhostlyPresence"],"picked":"hermit:Dive","floor":2.0},{"not_picked":["hermit:Dive","hermit:Desperado"],"picked":"hermit:Malice","floor":7.0},{"not_picked":["hermit:Snipe","hermit:Adapt"],"picked":"hermit:BodyArmor","floor":12.0},{"not_picked":["hermit:Snipe","hermit:Feint"],"picked":"hermit:Maintenance","floor":13.0},{"not_picked":["hermit:Determination","hermit:WideOpen+1"],"picked":"hermit:Scavenge","floor":14.0},{"not_picked":["hermit:HighNoon","hermit:Magnum+1"],"picked":"hermit:Reprieve","floor":16.0},{"not_picked":["hermit:Desperado+1","hermit:PistolWhip+1","hermit:Glare"],"picked":"SKIP","floor":18.0},{"not_picked":["hermit:Roulette+1","hermit:WideOpen+1","hermit:NoHoldsBarred+1"],"picked":"SKIP","floor":19},{"not_picked":["hermit:Coalescence","hermit:Horror"],"picked":"hermit:HoleUp","floor":22},{"not_picked":["hermit:Reprieve","hermit:Combo"],"picked":"hermit:FlashPowder+1","floor":23},{"not_picked":["hermit:WideOpen+1","hermit:GhostlyPresence","hermit:Malice+1"],"picked":"SKIP","floor":24},{"not_picked":["hermit:SprayPray+1","hermit:CalledShot+1"],"picked":"hermit:Headshot+1","floor":28},{"not_picked":["hermit:Desperado+1","hermit:Coalescence+1"],"picked":"hermit:Maintenance+1","floor":35},{"not_picked":["hermit:FullyLoaded","hermit:NoHoldsBarred+1","hermit:CursedWeapon+1"],"picked":"SKIP","floor":37},{"not_picked":["hermit:Roulette+1","hermit:Vantage+1"],"picked":"hermit:DeadMansHand","floor":38},{"not_picked":["hermit:BigShot+1","hermit:Headshot+1"],"picked":"hermit:FlashPowder","floor":41},{"not_picked":["hermit:CalledShot+1","hermit:TakeAim+1","hermit:Gambit"],"picked":"SKIP","floor":44}],"player_experience":13837,"relics_obtained":[{"floor":9.0,"key":"HornCleat"},{"floor":23,"key":"Letter Opener"},{"floor":26,"key":"White Beast Statue"},{"floor":31,"key":"Pen Nib"},{"floor":41,"key":"Thread and Needle"},{"floor":43,"key":"Shuriken"}],"event_choices":[{"damage_healed":0.0,"max_hp_gain":0.0,"max_hp_loss":0.0,"gold_gain":0.0,"event_name":"Scrap Ooze","player_choice":"Success","floor":3.0,"gold_loss":0.0,"damage_taken":12.0,"relics_obtained":["StoneCalendar"]},{"damage_healed":0.0,"max_hp_gain":0.0,"max_hp_loss":0.0,"gold_gain":75.0,"event_name":"World of Goop","player_choice":"Gather Gold","floor":4.0,"gold_loss":0.0,"damage_taken":11.0},{"damage_healed":0.0,"max_hp_gain":0.0,"max_hp_loss":0.0,"gold_gain":175.0,"event_name":"Liars Game","player_choice":"AGREE","floor":5.0,"gold_loss":0.0,"damage_taken":0.0,"cards_obtained":["Doubt"]},{"damage_healed":0,"gold_gain":0,"player_choice":"Ignored","damage_taken":0,"max_hp_gain":0,"max_hp_loss":0,"event_name":"Ghosts","floor":20,"gold_loss":0},{"cards_removed":["Doubt"],"damage_healed":0,"gold_gain":0,"player_choice":"Gave Gold","damage_taken":0,"max_hp_gain":0,"max_hp_loss":0,"event_name":"Beggar","floor":25,"gold_loss":75},{"cards_removed":["hermit:Misfire"],"damage_healed":0,"gold_gain":0,"player_choice":"Removed Attack","damage_taken":0,"max_hp_gain":0,"max_hp_loss":0,"event_name":"Falling","floor":36,"gold_loss":0},{"damage_healed":0,"gold_gain":0,"player_choice":"Got Potions","damage_taken":0,"max_hp_gain":0,"max_hp_loss":0,"event_name":"Lab","floor":42,"gold_loss":0},{"damage_healed":0,"gold_gain":0,"player_choice":"Fight","damage_taken":0,"max_hp_gain":0,"max_hp_loss":0,"event_name":"Mysterious Sphere","floor":45,"gold_loss":0}],"is_beta":false,"boss_relics":[{"not_picked":["Coffee Dripper","Black Star"],"picked":"hermit:ClaspedLocket"},{"not_picked":["Snecko Eye","Velvet Choker"],"picked":"Fusion Hammer"}],"items_purged_floors":[],"is_endless":false,"potions_floor_spawned":[1,7,19,22,24,28,33,35,37,38,41,44],"killed_by":"2 Orb Walkers","ascension_level":0}}