{"host":"s9dep4x43c14s74h","time":1610011582,"event":{"mods":["BaseMod","Downfall","Gremlin Mod","Hermit","HololiveMod","Jorbs\u0027s Wanderer Trilogy","Lobotomy","Marisa????????","Minty Spire (QoL Compilation)","Replay The Spire","StSLib","The Animator","The Bug Knight","The Construct","The Cursed","The Necromancer","The Runesmith","The Servant 0.9.4"],"gold_per_floor":[99,115,165,193,205,217,256,278,305,327,354,385,322,31,49,33,33,33],"floor_reached":16,"playtime":1657,"items_purged":["Sickly"],"score":135,"play_id":"17c69910-1c4a-4069-8e9c-1a28add54385","local_time":"20210107122622","is_ascension_mode":true,"campfire_choices":[{"data":"Guardian:TemporalStrike","floor":6.0,"key":"SMITH"},{"data":"Guardian:Harden","floor":13.0,"key":"SMITH"}],"circlet_count":0,"master_deck":["Guardian:Strike_Guardian","Guardian:Strike_Guardian","Guardian:Strike_Guardian","Guardian:Defend_Guardian","Guardian:Defend_Guardian","Guardian:Defend_Guardian","Guardian:Defend_Guardian","Guardian:CurlUp","Guardian:TwinSlam","Guardian:Clone","Guardian:Harden+1","Amnesia","Guardian:TemporalStrike+1","Guardian:Recover","Guardian:RollAttack","Guardian:TemporalShield","Guardian:DonusPower","Guardian:TemporalStrike","Guardian:Gem_Synthetic","Guardian:FuturePlans+1","Hololive_RevenueRecovery","Guardian:Gem_Blue"],"relics":["Guardian:ModeShifter","ReplayTheSpireMod:Ring of Collecting","Ring of Greed","Golden Egg","MawBank","Guardian:PickAxe","Ring of Hypnosis","downfall:HeartBlessingBlue","Blood Vial"],"acts_visited":["Exordium"],"potions_floor_usage":[],"damage_taken":[{"damage":0.0,"enemies":"2 Louse","floor":2.0,"turns":4.0},{"damage":11.0,"enemies":"Small Slimes","floor":4.0,"turns":4.0},{"damage":2.0,"enemies":"Small Slimes","floor":5.0,"turns":10.0},{"damage":10.0,"enemies":"Jaw Worm","floor":8.0,"turns":3.0},{"damage":0.0,"enemies":"2 Fungi Beasts","floor":9.0,"turns":4.0},{"damage":25.0,"enemies":"Large Slime","floor":10.0,"turns":7.0},{"damage":0.0,"enemies":"Red Slaver","floor":11.0,"turns":3.0},{"damage":2.0,"enemies":"Gremlin Gang","floor":12.0,"turns":4.0},{"damage":1.0,"enemies":"downfall:FleeingMerchant","floor":14.0,"turns":4.0},{"damage":20.0,"enemies":"Large Slime","floor":15.0,"turns":5.0},{"damage":27,"enemies":"downfall:Defect","floor":16,"turns":6}],"seed_played":"7852952061737378618","potions_obtained":[{"floor":2.0,"key":"Flashbang"},{"floor":12.0,"key":"Slimebound:ThreeZeroPotion"}],"is_trial":false,"path_per_floor":["R","M","?","M","?","R","T","M","M","M","M","M","R","$","M","B"],"character_chosen":"GUARDIAN","items_purchased":["Blood Vial","Guardian:FuturePlans"],"campfire_rested":0,"item_purchase_floors":[14,14],"current_hp_per_floor":[88,88,88,77,69,69,69,59,59,34,34,32,42,41,23,0,0,0],"gold":33,"neow_bonus":"TEN_PERCENT_HP_BONUS","is_daily":false,"chose_seed":false,"campfire_upgraded":2,"win_rate":0.0,"timestamp":1610011582,"path_taken":["R","M","?","M","?","R","T","M","M","M","M","M","R","$","M","BOSS"],"items_purchased_type":["Relic","Card"],"build_version":"2020-12-22","purchased_purges":1,"victory":false,"max_hp_per_floor":[88,88,88,88,88,88,88,88,88,88,88,88,98,98,98,98,98,98],"card_choices":[{"not_picked":["Guardian:MultiBeam","Guardian:Gem_Cyan"],"picked":"Guardian:Harden","floor":2.0},{"not_picked":["Guardian:Gem_Cyan","Guardian:Incinerate"],"picked":"Guardian:TemporalStrike","floor":4.0},{"not_picked":["Guardian:PrimingBeam","Guardian:Clone"],"picked":"Guardian:Recover","floor":8.0},{"not_picked":["Guardian:Recover","Guardian:FuturePlans"],"picked":"Guardian:RollAttack","floor":9.0},{"not_picked":["Guardian:Gem_Red","Guardian:Gem_Cyan"],"picked":"Guardian:TemporalShield","floor":10.0},{"not_picked":["Guardian:VentSteam","Guardian:PiercingHide"],"picked":"Guardian:DonusPower","floor":11.0},{"not_picked":["Guardian:CrystalBeam","Guardian:Gem_Cyan"],"picked":"Guardian:TemporalStrike","floor":12.0},{"not_picked":["Guardian:Gem_White","Guardian:Gem_Blue"],"picked":"Guardian:Gem_Synthetic","floor":14.0},{"not_picked":["Guardian:Gem_Blue","Guardian:CrystalBeam","Guardian:WalkerClaw"],"picked":"SKIP","floor":15.0},{"not_picked":["Guardian:CrystalBeam","Guardian:WalkerClaw"],"picked":"Guardian:Gem_Blue","floor":15.0}],"player_experience":835456,"relics_obtained":[{"floor":3.0,"key":"ReplayTheSpireMod:Ring of Collecting"},{"floor":3.0,"key":"Ring of Greed"},{"floor":3.0,"key":"Golden Egg"},{"floor":3.0,"key":"MawBank"},{"floor":7.0,"key":"Ring of Hypnosis"}],"event_choices":[],"is_beta":false,"boss_relics":[],"items_purged_floors":[14],"is_endless":false,"potions_floor_spawned":[2,5,12],"killed_by":"downfall:Defect","ascension_level":3}}