{"host":"9l4mw5jqza9qz9hr","time":1610017201,"event":{"mods":["AchievementEnabler","Always Whale","BaseMod","Colored Map","Minty Spire (QoL Compilation)","StSLib","SuperFastMode"],"gold_per_floor":[116,116,136,156,156,156,47,72,146,126,146,164,164,174,174,271,321,333,404,205,224,99,133,223,223,223,223,223],"floor_reached":27,"playtime":1100,"items_purged":["Strike_B","Strike_B","Strike_B+1"],"score":320,"play_id":"7877c00c-d7f3-4743-b027-9fddbc72ccc4","local_time":"20210107200001","is_ascension_mode":true,"campfire_choices":[{"data":"White Noise","floor":6,"key":"SMITH"},{"data":"White Noise","floor":13,"key":"SMITH"},{"data":"Defragment","floor":15,"key":"SMITH"},{"floor":25,"key":"REST"}],"circlet_count":0,"master_deck":["Defend_B","Defend_B","Defend_B+1","Defend_B","Zap+1","Dualcast","Sunder","White Noise+1","Defragment+1","Force Field","White Noise+1","Tempest+1","Machine Learning","Cold Snap","Conserve Battery","Storm","Cold Snap","Compile Driver","Turbo","Discovery"],"relics":["Cracked Core","Odd Mushroom","Meat on the Bone","Tiny House","InkBottle","Blue Candle","Shuriken"],"acts_visited":["Exordium","TheCity"],"potions_floor_usage":[16,23],"damage_taken":[{"damage":10,"enemies":"2 Louse","floor":1,"turns":2},{"damage":0,"enemies":"Small Slimes","floor":3,"turns":2},{"damage":1,"enemies":"Cultist","floor":4,"turns":3},{"damage":18,"enemies":"The Mushroom Lair","floor":8,"turns":4},{"damage":11,"enemies":"Blue Slaver","floor":11,"turns":3},{"damage":10,"enemies":"Gremlin Gang","floor":12,"turns":3},{"damage":14,"enemies":"Large Slime","floor":14,"turns":4},{"damage":13,"enemies":"Hexaghost","floor":16,"turns":7},{"damage":0,"enemies":"Spheric Guardian","floor":18,"turns":3},{"damage":8,"enemies":"Shell Parasite","floor":21,"turns":6},{"damage":13,"enemies":"Gremlin Leader","floor":23,"turns":10},{"damage":0,"enemies":"Book of Stabbing","floor":27,"turns":1}],"seed_played":"6973641039807546809","potions_obtained":[{"floor":1,"key":"Strength Potion"},{"floor":4,"key":"PotionOfCapacity"},{"floor":10,"key":"DuplicationPotion"},{"floor":16,"key":"Dexterity Potion"},{"floor":17,"key":"EssenceOfDarkness"}],"is_trial":false,"path_per_floor":["M","?","M","M","?","R","$","?","T","?","M","M","R","M","R","B",null,"M","T","$","M","$","E","?","R","T","E"],"character_chosen":"DEFECT","items_purchased":["Defragment","Storm","Cold Snap"],"campfire_rested":1,"item_purchase_floors":[7,20,20],"current_hp_per_floor":[58,58,58,57,42,42,42,24,24,24,25,27,27,25,25,24,67,67,67,67,59,59,46,28,52,52,52,52],"gold":223,"neow_bonus":"UPGRADE_CARD","is_daily":false,"chose_seed":false,"campfire_upgraded":3,"win_rate":0.0,"timestamp":1610017201,"path_taken":["M","?","M","M","?","R","$","?","T","?","M","M","R","M","R","BOSS","M","?","$","M","$","E","?","R","T","E"],"items_purchased_type":["Card","Card","Card"],"build_version":"2020-12-22","purchased_purges":3,"victory":false,"max_hp_per_floor":[75,75,75,75,75,75,75,75,75,75,75,75,75,75,75,75,80,80,80,80,80,80,80,80,80,80,80,80],"card_choices":[{"not_picked":["Gash","Undo","Melter"],"picked":"SKIP","floor":1},{"not_picked":["Undo","Auto Shields"],"picked":"Sunder","floor":3},{"not_picked":["Conserve Battery","Leap"],"picked":"White Noise","floor":4},{"not_picked":["Redo","Undo"],"picked":"Force Field","floor":11},{"not_picked":["Rebound","Barrage"],"picked":"White Noise","floor":12},{"not_picked":["Steam","Gash"],"picked":"Tempest","floor":14},{"not_picked":["Fission","Meteor Strike"],"picked":"Machine Learning","floor":16},{"not_picked":["Tempest","Streamline"],"picked":"Cold Snap","floor":17},{"not_picked":["Steam","Sunder"],"picked":"Conserve Battery","floor":18},{"not_picked":["Melter","All For One"],"picked":"Compile Driver","floor":21},{"not_picked":["Stack","Melter"],"picked":"Turbo","floor":23}],"player_experience":192137,"relics_obtained":[{"floor":8,"key":"Odd Mushroom"},{"floor":9,"key":"Meat on the Bone"},{"floor":19,"key":"InkBottle"},{"floor":23,"key":"Blue Candle"},{"floor":26,"key":"Shuriken"}],"event_choices":[{"cards_removed":["Strike_B"],"damage_healed":0,"gold_gain":0,"player_choice":"Forget","damage_taken":0,"max_hp_gain":0,"max_hp_loss":0,"event_name":"Living Wall","floor":2,"gold_loss":0},{"damage_healed":0,"gold_gain":0,"player_choice":"Entered Light","damage_taken":15,"max_hp_gain":0,"max_hp_loss":0,"event_name":"Shining Light","floor":5,"gold_loss":0,"cards_upgraded":["Strike_B","Defend_B"]},{"damage_healed":0,"gold_gain":0,"player_choice":"Fought Mushrooms","damage_taken":0,"max_hp_gain":0,"max_hp_loss":0,"event_name":"Mushrooms","floor":8,"gold_loss":0},{"damage_healed":0,"gold_gain":0,"player_choice":"Bought 1 Potion","damage_taken":0,"max_hp_gain":0,"max_hp_loss":0,"event_name":"The Woman in Blue","floor":10,"gold_loss":0},{"damage_healed":0,"gold_gain":90,"player_choice":"GOLD CARD ","damage_taken":18,"max_hp_gain":0,"max_hp_loss":0,"event_name":"Knowing Skull","floor":24,"potions_obtained":[],"gold_loss":0,"cards_obtained":["Discovery"]}],"is_beta":false,"boss_relics":[{"not_picked":["Ectoplasm","Runic Dome"],"picked":"Tiny House"}],"items_purged_floors":[7,20,22],"is_endless":false,"potions_floor_spawned":[1,4,11,16,21],"killed_by":"Book of Stabbing","ascension_level":9}}