{"host":"ig7tc0uedzltt2sr","time":1610059777,"event":{"mods":["BaseMod","Better Twitch Integration","Block Reminder","Colored Map","Colored Powertips","Communication Mod","Current Relic Mod","GifTheSpireLib","HexUI Lib","Minty Spire (QoL Compilation)","Quick Restart","Random Character Button","Rare Cards Sparkle","Relic Sorter","Relic Stats","Slay the Relics Exporter","StSLib","SuperFastMode","Synergy Search","Twitch Decklist","Twitch Utils","everything is the same but u backflip on backflip","slay the spire mod where everything is the same but ironclad has a cowboy hat"],"gold_per_floor":[116,116,116,132,132,163,178,148,148,168,180,180,180],"floor_reached":12,"playtime":76,"items_purged":[],"score":105,"play_id":"ac61d5b0-e8a7-40b7-b57b-09b5b6ed5c86","local_time":"20210107144937","is_ascension_mode":false,"campfire_choices":[],"circlet_count":0,"master_deck":["Strike_R","Strike_R","Strike_R","Strike_R","Strike_R","Defend_R","Defend_R","Defend_R","Bash","Second Wind","Hemokinesis","Defend_R","Spot Weakness","Wild Strike","Armaments","Entrench","Rampage"],"relics":["Burning Blood","NeowsBlessing","Bottled Lightning"],"acts_visited":["Exordium"],"potions_floor_usage":[],"damage_taken":[{"damage":0,"enemies":"2 Louse","floor":1,"turns":2},{"damage":0,"enemies":"Small Slimes","floor":4,"turns":1},{"damage":0,"enemies":"3 Sentries","floor":6,"turns":2},{"damage":11,"enemies":"Cultist","floor":7,"turns":5},{"damage":5,"enemies":"Looter","floor":8,"turns":4},{"damage":13,"enemies":"Blue Slaver","floor":10,"turns":5},{"damage":16,"enemies":"Exordium Wildlife","floor":11,"turns":6},{"damage":64,"enemies":"Lagavulin","floor":12,"turns":9}],"seed_played":"-2859105986151409851","potions_obtained":[{"floor":10,"key":"FearPotion"}],"is_trial":false,"path_per_floor":["M","?","?","M","?","E","M","M","T","M","M","E"],"character_chosen":"IRONCLAD","items_purchased":[],"campfire_rested":0,"item_purchase_floors":[],"current_hp_per_floor":[80,80,85,85,85,85,80,81,81,74,64,0,0],"gold":180,"neow_bonus":"THREE_ENEMY_KILL","is_daily":false,"chose_seed":false,"campfire_upgraded":0,"win_rate":0.0,"timestamp":1610059777,"path_taken":["M","?","?","M","?","E","M","M","T","?","M","E"],"items_purchased_type":[],"build_version":"2020-12-22","purchased_purges":0,"victory":false,"max_hp_per_floor":[80,80,85,85,85,85,85,85,85,85,85,85,85],"relic_stats":{"counters":[8,34],"obtain_stats":[{"NeowsBlessing":0,"Bottled Lightning":6,"Burning Blood":0},{"NeowsBlessing":0,"Bottled Lightning":3,"Burning Blood":0},{"NeowsBlessing":0,"Bottled Lightning":5,"Burning Blood":0}],"Burning Blood":24},"card_choices":[{"not_picked":["True Grit","Wild Strike"],"picked":"Second Wind","floor":1},{"not_picked":["Sword Boomerang","Havoc"],"picked":"Metallicize","floor":4},{"not_picked":["Rupture","Iron Wave"],"picked":"Spot Weakness","floor":6},{"not_picked":["Iron Wave","Anger"],"picked":"Wild Strike","floor":7},{"not_picked":["Heavy Blade","Havoc"],"picked":"Armaments","floor":8},{"not_picked":["Clothesline","Clash"],"picked":"Entrench","floor":10},{"not_picked":["Burning Pact","Sever Soul"],"picked":"Rampage","floor":11}],"player_experience":1459128,"relics_obtained":[{"floor":6,"key":"Bottled Lightning"}],"event_choices":[{"damage_healed":0,"gold_gain":0,"cards_transformed":["Defend_R"],"player_choice":"Change","damage_taken":0,"max_hp_gain":0,"max_hp_loss":0,"event_name":"Living Wall","floor":2,"gold_loss":0,"cards_obtained":["Hemokinesis"]},{"damage_healed":0,"gold_gain":0,"player_choice":"Donut","damage_taken":0,"max_hp_gain":5,"max_hp_loss":0,"event_name":"Big Fish","floor":3,"gold_loss":0},{"cards_removed":["Metallicize"],"damage_healed":0,"gold_gain":0,"player_choice":"Took Card","damage_taken":0,"max_hp_gain":0,"max_hp_loss":0,"event_name":"NoteForYourself","floor":5,"gold_loss":0,"cards_obtained":["Defend_R"]}],"is_beta":false,"boss_relics":[],"items_purged_floors":[],"is_endless":false,"potions_floor_spawned":[10],"killed_by":"Lagavulin","ascension_level":0}}