{"host":"e5j9gsw9gssw3h6t","time":1610035109,"event":{"mods":["BaseMod","Colored Powertips","Minty Spire (QoL Compilation)","Relic Stats","Replay The Spire","StSLib"],"gold_per_floor":[117,117,47,59,79,113,113,132,132,60,85,85,85,100,100,203,203,222,222,142,57,73,103,103,134,134,134,152,152,172,254,254,359,359,375,389,404,404,420,420,420],"floor_reached":40,"playtime":1368,"items_purged":[],"score":875,"play_id":"e19bc8d2-6050-42d6-a508-118679227bd2","local_time":"20210107105829","is_ascension_mode":true,"campfire_choices":[{"data":"Feed","floor":7.0,"key":"SMITH"},{"floor":13.0,"key":"REST"},{"data":"Inflame","floor":15.0,"key":"SMITH"},{"floor":24,"key":"REST"}],"circlet_count":0,"master_deck":["Strike_R","Strike_R","Strike_R","Strike_R","Strike_R","Defend_R","Defend_R","Defend_R","Defend_R","Bash","Feed+1","Armaments+1","Inflame+1","Heavy Blade","Battle Trance","Flex","Delirium","Demon Form","Inflame","Replay:Undeath\u0027s Touch","Run Through","Demon Form","ReplayTheSpireMod:Stacked","Life Link+1"],"relics":["Burning Blood","Ornamental Fan","Singing Bowl","Question Card","Busted Crown","Ring of Peace","ReplayTheSpireMod:Ring of Addiction","Toy Ornithopter","Chameleon Ring","The Courier","Self Forming Clay","Matryoshka","Centennial Puzzle","Kunai","Letter Opener","Pantograph","Cursed Key"],"acts_visited":["TheCity","TheBeyond"],"potions_floor_usage":[22,25,28,28,30,33,37,40,40,40],"damage_taken":[{"damage":13.0,"enemies":"Jaw Worm","floor":1.0,"turns":4.0},{"damage":2.0,"enemies":"Cultist","floor":4.0,"turns":4.0},{"damage":0.0,"enemies":"2 Louse","floor":5.0,"turns":2.0},{"damage":28.0,"enemies":"Lagavulin","floor":6.0,"turns":7.0},{"damage":12.0,"enemies":"Looter","floor":8.0,"turns":3.0},{"damage":31.0,"enemies":"Gremlin Nob","floor":11.0,"turns":4.0},{"damage":2.0,"enemies":"2 Fungi Beasts","floor":14.0,"turns":4.0},{"damage":44.0,"enemies":"Hexaghost","floor":16.0,"turns":7.0},{"damage":27,"enemies":"2 Thieves","floor":18,"turns":4},{"damage":10,"enemies":"Shell Parasite","floor":22,"turns":4},{"damage":30,"enemies":"Replay:Snechameleon","floor":23,"turns":4},{"damage":53,"enemies":"Book of Stabbing","floor":25,"turns":6},{"damage":7,"enemies":"3 Cultists","floor":28,"turns":4},{"damage":0,"enemies":"Centurion and Healer","floor":30,"turns":7},{"damage":29,"enemies":"Pondfish","floor":33,"turns":8},{"damage":21,"enemies":"Orb Walker","floor":35,"turns":4},{"damage":17,"enemies":"3 Shapes","floor":36,"turns":5},{"damage":12,"enemies":"Sphere and 2 Shapes","floor":37,"turns":4},{"damage":29,"enemies":"Transient","floor":39,"turns":5},{"damage":91,"enemies":"Reptomancer","floor":40,"turns":4}],"seed_played":"-1890673559361635222","potions_obtained":[{"floor":4.0,"key":"LiquidMemories"},{"floor":6.0,"key":"LiquidMemories"},{"floor":14.0,"key":"Swift Potion"},{"floor":16.0,"key":"AttackPotion"},{"floor":18,"key":"BloodPotion"},{"floor":19,"key":"EntropicBrew"},{"floor":23,"key":"Regen Potion"},{"floor":27,"key":"CultistPotion"},{"floor":27,"key":"GamblersBrew"},{"floor":29,"key":"DistilledChaos"},{"floor":29,"key":"EssenceOfSteel"},{"floor":32,"key":"CultistPotion"},{"floor":32,"key":"FearPotion"},{"floor":36,"key":"Death Potion"},{"floor":37,"key":"Adrenaline Potion"},{"floor":39,"key":"Block Potion"}],"is_trial":false,"path_per_floor":["M","?","$","M","M","E","R","M","T","$","E","$","R","M","R","B",null,"M","?","$","?","M","E","R","E","T","R","M","R","M","?","R","B",null,"M","M","M","?","M","E"],"character_chosen":"IRONCLAD","items_purchased":["Inflame","Battle Trance","Demon Form"],"campfire_rested":2,"item_purchase_floors":[3,10,20],"current_hp_per_floor":[68,68,68,75,82,63,63,57,57,57,34,34,60,70,70,38,84,63,63,63,63,95,73,103,61,61,61,72,72,85,43,43,82,104,93,88,87,87,66,0,0],"gold":420,"neow_bonus":"THREE_RARE_CARDS","is_daily":false,"chose_seed":false,"campfire_upgraded":2,"win_rate":0.0,"timestamp":1610035109,"path_taken":["M","?","?","?","M","E","R","M","T","$","E","?","R","M","R","BOSS","M","?","$","?","M","E","R","E","T","R","M","R","M","?","R","BOSS","M","M","M","?","M","E"],"items_purchased_type":["Card","Card","Card"],"build_version":"2020-12-22","purchased_purges":0,"victory":false,"max_hp_per_floor":[75,75,75,78,82,85,85,85,85,85,87,87,87,93,93,99,99,99,99,99,99,101,103,103,103,103,103,105,105,107,107,107,111,111,115,121,119,119,121,121,121],"relic_stats":{"Singing Bowl":12,"counters":[12,59],"Self Forming Clay":[102],"Letter Opener":[40],"Question Card":15,"Cursed Key":0,"Burning Blood":66,"Centennial Puzzle":[18],"Busted Crown":30,"Ornamental Fan":[48],"Pantograph":25,"Kunai":[9],"obtain_stats":[{"Singing Bowl":0,"Self Forming Clay":23,"ReplayTheSpireMod:Ring of Addiction":19,"The Courier":21,"Letter Opener":31,"Question Card":0,"Cursed Key":34,"Burning Blood":0,"Centennial Puzzle":26,"Busted Crown":17,"Chameleon Ring":19,"Matryoshka":25,"Ornamental Fan":0,"Ring of Peace":19,"Pantograph":31,"Kunai":26,"Toy Ornithopter":19},{"Singing Bowl":0,"Self Forming Clay":3,"ReplayTheSpireMod:Ring of Addiction":1,"The Courier":1,"Letter Opener":6,"Question Card":0,"Cursed Key":7,"Burning Blood":0,"Centennial Puzzle":4,"Busted Crown":0,"Chameleon Ring":1,"Matryoshka":4,"Ornamental Fan":0,"Ring of Peace":1,"Pantograph":6,"Kunai":4,"Toy Ornithopter":1},{"Singing Bowl":0,"Self Forming Clay":12,"ReplayTheSpireMod:Ring of Addiction":4,"The Courier":4,"Letter Opener":29,"Question Card":0,"Cursed Key":37,"Burning Blood":0,"Centennial Puzzle":18,"Busted Crown":0,"Chameleon Ring":4,"Matryoshka":18,"Ornamental Fan":0,"Ring of Peace":4,"Pantograph":29,"Kunai":18,"Toy Ornithopter":4}],"Toy Ornithopter":50},"card_choices":[{"not_picked":["Offering","Brutality"],"picked":"Feed","floor":0.0},{"not_picked":["Sever Soul","Perfected Strike"],"picked":"Armaments","floor":1.0},{"not_picked":["Havoc","Clothesline","Iron Wave"],"picked":"SKIP","floor":4.0},{"not_picked":["Pummel","Inflame"],"picked":"Heavy Blade","floor":5.0},{"not_picked":["Thunderclap","Metallicize","Bludgeon"],"picked":"SKIP","floor":6.0},{"not_picked":["Havoc","Clothesline","Thunderclap"],"picked":"SKIP","floor":8.0},{"not_picked":["Uppercut","Heavy Blade","Infernal Blade"],"picked":"Singing Bowl","floor":11.0},{"not_picked":["Clash","Power Through","Shrug It Off","Wild Strike"],"picked":"Singing Bowl","floor":14.0},{"not_picked":["Impervious","Fiend Fire","Immolate","Corruption"],"picked":"Singing Bowl","floor":16.0},{"not_picked":["Flame Barrier"],"picked":"Flex","floor":18},{"not_picked":["Dual Wield","Life Link"],"picked":"Singing Bowl","floor":22},{"not_picked":["True Grit","Shrug It Off"],"picked":"Singing Bowl","floor":23},{"not_picked":["Rampage"],"picked":"Inflame","floor":25},{"not_picked":["Body Slam","Clothesline"],"picked":"Singing Bowl","floor":28},{"not_picked":["Blood for Blood+1","Body Slam"],"picked":"Singing Bowl","floor":30},{"not_picked":["Warcry"],"picked":"Replay:Undeath\u0027s Touch","floor":31},{"not_picked":["Headbutt"],"picked":"Run Through","floor":31},{"not_picked":["Barricade"],"picked":"Spot Weakness","floor":31},{"not_picked":["Offering"],"picked":"Demon Form","floor":33},{"not_picked":["Dark Embrace"],"picked":"ReplayTheSpireMod:Stacked","floor":35},{"not_picked":["Thunderclap+1","Armaments"],"picked":"Singing Bowl","floor":36},{"not_picked":["ReplayTheSpireMod:Stacked+1"],"picked":"Life Link+1","floor":37},{"not_picked":["Havoc+1","Heavy Blade"],"picked":"Singing Bowl","floor":39}],"player_experience":134793,"relics_obtained":[{"floor":6.0,"key":"Ornamental Fan"},{"floor":9.0,"key":"Singing Bowl"},{"floor":11.0,"key":"Question Card"},{"floor":19,"key":"Ring of Peace"},{"floor":19,"key":"ReplayTheSpireMod:Ring of Addiction"},{"floor":19,"key":"Toy Ornithopter"},{"floor":19,"key":"Chameleon Ring"},{"floor":23,"key":"Self Forming Clay"},{"floor":25,"key":"Matryoshka"},{"floor":26,"key":"Centennial Puzzle"},{"floor":26,"key":"Kunai"},{"floor":31,"key":"Letter Opener"},{"floor":31,"key":"Pantograph"}],"event_choices":[{"damage_healed":0.0,"max_hp_gain":0.0,"max_hp_loss":0.0,"gold_gain":0.0,"event_name":"Upgrade Shrine","player_choice":"Upgraded","floor":2.0,"gold_loss":0.0,"damage_taken":0.0,"cards_upgraded":["Armaments"]},{"damage_healed":0,"gold_gain":0,"player_choice":"Obtained Relic","damage_taken":0,"relics_obtained":["The Courier"],"max_hp_gain":0,"max_hp_loss":0,"event_name":"Addict","floor":21,"gold_loss":85},{"cards_removed":["Spot Weakness"],"damage_healed":0,"gold_gain":0,"player_choice":"Removed Skill","damage_taken":0,"max_hp_gain":0,"max_hp_loss":0,"event_name":"Falling","floor":38,"gold_loss":0}],"is_beta":false,"boss_relics":[{"not_picked":["Calling Bell","Black Blood"],"picked":"Busted Crown"},{"not_picked":["Runic Pyramid","Black Star"],"picked":"Cursed Key"}],"items_purged_floors":[],"is_endless":false,"potions_floor_spawned":[4,6,14,16,18,23,25,36,37,39],"killed_by":"Reptomancer","ascension_level":7}}