{"host":"ct28ocsd8g8yr2ah","time":1610044631,"event":{"mods":["BaseMod","Better Third Choice","Hermit","Marisa????????","Minty Spire (QoL Compilation)","Remilia??????","StSLib","The Animator","The Gatherer","The Servant 0.9.4","Waifu the Spire"],"gold_per_floor":[116,134,25,41,41,41,74,88,115,0,11,27,53,3,3,103,103,122,122,122,122,140,173,9,35,61,96,96,96,96,115,115,219,219,234,234,194,211,231,231,231],"floor_reached":40,"playtime":1233,"items_purged":["Strike_RM","Strike_RM"],"score":474,"play_id":"8987f807-7980-44e6-9755-5eaf9a62c459","local_time":"20210107233711","is_ascension_mode":false,"campfire_choices":[{"data":"KillingBlow","floor":6,"key":"SMITH"},{"floor":15,"key":"REST"},{"data":"Sadistic Nature","floor":28,"key":"SMITH"},{"data":"QueenOfMidnight","floor":30,"key":"SMITH"},{"data":"UltimateOffering","floor":32,"key":"SMITH"}],"circlet_count":0,"master_deck":["Defend_RM+1","Defend_RM","Defend_RM+1","RedMoon","ScarletShoot","RedRainbow","StarOfDavid","ScarletDevilSign","KillingBlow+1","VampireKiss","UltimateOffering+1","Enlightenment","NightDance","LeisurelyOfLord","QueenOfMidnight+1","VampireKiss+1","Envy_TH","HunterOfTheNight","Sadistic Nature+1","VampireKiss","DevilSight+1","KillingBlow","ForbiddenFruit","BloodHunter+1"],"relics":["ScarletHat","NeowsBlessing","Nunchaku","Smiling Mask","MealTicket","SacredBark","Happy Flower","Omamori","Orichalcum","Red Mask","Sozu"],"acts_visited":["Exordium","TheCity","TheBeyond"],"potions_floor_usage":[12,16,22],"damage_taken":[{"damage":0,"enemies":"Cultist","floor":1,"turns":1},{"damage":0,"enemies":"Jaw Worm","floor":2,"turns":1},{"damage":0,"enemies":"2 Louse","floor":4,"turns":1},{"damage":7,"enemies":"3 Sentries","floor":7,"turns":4},{"damage":6,"enemies":"Blue Slaver","floor":8,"turns":1},{"damage":34,"enemies":"Exordium Wildlife","floor":11,"turns":3},{"damage":0,"enemies":"3 Louse","floor":12,"turns":1},{"damage":64,"enemies":"The Guardian","floor":16,"turns":9},{"damage":17,"enemies":"Chosen","floor":18,"turns":2},{"damage":7,"enemies":"Shell Parasite","floor":22,"turns":3},{"damage":37,"enemies":"Slavers","floor":23,"turns":1},{"damage":28,"enemies":"Book of Stabbing","floor":25,"turns":2},{"damage":34,"enemies":"Masked Bandits","floor":27,"turns":2},{"damage":41,"enemies":"Sentry and Sphere","floor":31,"turns":2},{"damage":50,"enemies":"Collector","floor":33,"turns":3},{"damage":41,"enemies":"3 Darklings","floor":35,"turns":2},{"damage":10,"enemies":"3 Shapes","floor":38,"turns":8},{"damage":70,"enemies":"Maw","floor":39,"turns":6},{"damage":30,"enemies":"Transient","floor":40,"turns":3}],"seed_played":"8740800930908609468","potions_obtained":[{"floor":7,"key":"Explosive Potion"},{"floor":8,"key":"Energy Potion"},{"floor":11,"key":"Swift Potion"},{"floor":16,"key":"AttackPotion"},{"floor":18,"key":"Energy Potion"},{"floor":27,"key":"Energy Potion"}],"is_trial":false,"path_per_floor":["M","M","$","M","?","R","E","M","T","?","M","M","T","$","R","B",null,"M","?","?","?","M","E","$","E","T","?","R","$","R","M","R","B",null,"M","?","?","M","M","M"],"character_chosen":"REMILIA","items_purchased":["ScarletDevilSign","Sadistic Nature"],"campfire_rested":1,"item_purchase_floors":[3,24],"current_hp_per_floor":[75,75,75,75,75,75,68,65,65,71,40,40,40,55,79,31,81,81,81,81,81,77,77,81,74,74,77,77,81,81,81,81,81,81,81,81,81,81,22,0,0],"gold":231,"neow_bonus":"THREE_ENEMY_KILL","is_daily":false,"chose_seed":false,"campfire_upgraded":4,"win_rate":0.0,"timestamp":1610044631,"path_taken":["M","?","$","M","?","R","E","M","T","?","M","M","?","$","R","BOSS","M","?","?","?","M","E","$","E","T","?","R","$","R","M","R","BOSS","M","?","?","M","?","M"],"items_purchased_type":["Card","Card"],"build_version":"2020-12-22","purchased_purges":2,"victory":false,"max_hp_per_floor":[75,75,75,75,75,75,75,75,75,81,81,81,81,81,81,81,81,81,81,81,81,81,81,81,81,81,81,81,81,81,81,81,81,81,81,81,81,81,81,81,81],"card_choices":[{"not_picked":["Ultimatum","DiffusionOfMisfortune"],"picked":"RedRainbow","floor":1},{"not_picked":["MastersStateliness","UnstableMagic"],"picked":"StarOfDavid","floor":2},{"not_picked":["BombardNight","VampirishNight"],"picked":"KillingBlow","floor":4},{"not_picked":["FavorOfDestiny","BlasphemousPunishment"],"picked":"VampireKiss","floor":7},{"not_picked":["Stigmanizer","UnderTheZenith"],"picked":"UltimateOffering","floor":8},{"not_picked":["FitfulNightmare","UnstableMagic"],"picked":"NightDance","floor":11},{"not_picked":["BombardNight","RedMagic"],"picked":"LeisurelyOfLord","floor":12},{"not_picked":["ForecastOfChange","BloodRain"],"picked":"QueenOfMidnight","floor":16},{"not_picked":["StarOfDavid","CharismaGuard+1"],"picked":"VampireKiss+1","floor":18},{"not_picked":["Stigmanizer","RedRainbow+1"],"picked":"BlasphemousPunishment+1","floor":22},{"not_picked":["BloodyTrap","MastersStateliness"],"picked":"HunterOfTheNight","floor":23},{"not_picked":["Stigmanizer","UnstableMagic+1","UltimateOffering+1"],"picked":"SKIP","floor":25},{"not_picked":["RedRainbow","BloodHunter"],"picked":"VampireKiss","floor":27},{"not_picked":["BombardNight","DiffusionOfMisfortune"],"picked":"DevilSight+1","floor":31},{"not_picked":["TransientEternity","EquivalentExchange"],"picked":"KillingBlow","floor":33},{"not_picked":["ScarletGensokyo+1","StarOfDavid"],"picked":"ForbiddenFruit","floor":35},{"not_picked":["DevilSight","ScarletImprint+1"],"picked":"BloodHunter+1","floor":38},{"not_picked":["NightDance","UnstableMagic+1","BombardNight+1"],"picked":"SKIP","floor":39}],"player_experience":478765,"relics_obtained":[{"floor":7,"key":"Nunchaku"},{"floor":9,"key":"Smiling Mask"},{"floor":13,"key":"MealTicket"},{"floor":23,"key":"Happy Flower"},{"floor":25,"key":"Omamori"},{"floor":26,"key":"Orichalcum"},{"floor":27,"key":"Red Mask"}],"event_choices":[{"damage_healed":0,"gold_gain":0,"player_choice":"Leave","damage_taken":0,"max_hp_gain":0,"max_hp_loss":0,"event_name":"The Cleric","floor":5,"gold_loss":0},{"damage_healed":0,"gold_gain":0,"player_choice":"RENOUNCE","damage_taken":115,"max_hp_gain":0,"max_hp_loss":0,"event_name":"betterThird:BetterSerpent","floor":10,"gold_loss":115,"cards_obtained":["Enlightenment"]},{"cards_removed":["Defend_RM"],"damage_healed":0,"gold_gain":0,"player_choice":"Elegance","damage_taken":0,"max_hp_gain":0,"max_hp_loss":0,"event_name":"betterThird:BetterWriting","floor":20,"gold_loss":0},{"damage_healed":0,"gold_gain":0,"player_choice":"Ignored","damage_taken":0,"max_hp_gain":0,"max_hp_loss":0,"event_name":"Beggar","floor":21,"gold_loss":0},{"damage_healed":0,"gold_gain":0,"player_choice":"Fought Bandits","damage_taken":0,"max_hp_gain":0,"max_hp_loss":0,"event_name":"Masked Bandits","floor":27,"gold_loss":0},{"cards_removed":["BlasphemousPunishment"],"damage_healed":0,"gold_gain":0,"player_choice":"Removed Skill","damage_taken":0,"max_hp_gain":0,"max_hp_loss":0,"event_name":"Falling","floor":36,"gold_loss":0},{"damage_healed":0,"gold_gain":0,"player_choice":"Upgraded Two","damage_taken":0,"max_hp_gain":0,"max_hp_loss":0,"event_name":"Designer","floor":37,"gold_loss":40,"cards_upgraded":["Defend_RM","Defend_RM"]}],"is_beta":false,"boss_relics":[{"not_picked":["Empty Cage","Runic Pyramid"],"picked":"SacredBark"},{"not_picked":["ScarletEmblem","Pandora\u0027s Box"],"picked":"Sozu"}],"items_purged_floors":[3,14],"is_endless":false,"potions_floor_spawned":[7,8,11,16,18,27,38,39],"killed_by":"Transient","ascension_level":0}}