{"host":"kg61lsvem4dxoat8","time":1610025312,"event":{"mods":["BaseMod","Colored Powertips","Minty Spire (QoL Compilation)","Quick Restart","Rare Cards Sparkle","Relic Stats","slay the spire mod where everything is the same but ironclad has a cowboy hat"],"gold_per_floor":[117,135,148,148,168,168,201,201,201,201,201,217,229,245,245,346,346,361,378,134,49,68,100,100,100,100,100,114,148,165,178,178,178,178],"floor_reached":33,"playtime":981,"items_purged":["Decay"],"score":291,"play_id":"e4f2b028-d1ec-4c7a-9c46-47a46ddc13d5","local_time":"20210107211512","is_ascension_mode":false,"campfire_choices":[{"data":"WindmillStrike","floor":6,"key":"SMITH"},{"data":"Eruption","floor":8,"key":"SMITH"},{"data":"TalkToTheHand","floor":10,"key":"SMITH"},{"data":"Vigilance","floor":15,"key":"SMITH"},{"floor":25,"key":"REST"},{"data":"Protect","floor":32,"key":"SMITH"}],"circlet_count":0,"master_deck":["Strike_P+1","Strike_P+1","Strike_P","Defend_P","Defend_P","Defend_P","Defend_P","Eruption+1","Vigilance+1","WindmillStrike+1","TalkToTheHand+1","BowlingBash","Protect+1","Wallop+1","CurseOfTheBell","FlurryOfBlows+1","FlurryOfBlows+1","FlurryOfBlows+1","EmptyMind","Protect"],"relics":["PureWater","Blood Vial","Molten Egg 2","Unceasing Top","Calling Bell","Boot","Eternal Feather","Thread and Needle","Incense Burner","Potion Belt","Ice Cream","Darkstone Periapt","Whetstone"],"acts_visited":["Exordium","TheCity"],"potions_floor_usage":[7,18,18,23,28,29],"damage_taken":[{"damage":1,"enemies":"Cultist","floor":1,"turns":4},{"damage":3,"enemies":"Jaw Worm","floor":2,"turns":4},{"damage":0,"enemies":"Small Slimes","floor":3,"turns":3},{"damage":15,"enemies":"Blue Slaver","floor":5,"turns":4},{"damage":30,"enemies":"Lagavulin","floor":7,"turns":6},{"damage":12,"enemies":"Exordium Wildlife","floor":12,"turns":5},{"damage":0,"enemies":"Large Slime","floor":13,"turns":2},{"damage":0,"enemies":"Blue Slaver","floor":14,"turns":3},{"damage":2,"enemies":"Slime Boss","floor":16,"turns":5},{"damage":0,"enemies":"3 Byrds","floor":18,"turns":5},{"damage":0,"enemies":"Chosen","floor":19,"turns":5},{"damage":4,"enemies":"Centurion and Healer","floor":22,"turns":6},{"damage":49,"enemies":"Slavers","floor":23,"turns":4},{"damage":0,"enemies":"Snake Plant","floor":28,"turns":3},{"damage":4,"enemies":"Gremlin Leader","floor":29,"turns":4},{"damage":0,"enemies":"3 Cultists","floor":30,"turns":5},{"damage":0,"enemies":"Sentry and Sphere","floor":31,"turns":3},{"damage":72,"enemies":"Collector","floor":33,"turns":9}],"seed_played":"8608310230984376046","potions_obtained":[{"floor":2,"key":"Strength Potion"},{"floor":7,"key":"Explosive Potion"},{"floor":13,"key":"Energy Potion"},{"floor":16,"key":"Ancient Potion"},{"floor":23,"key":"SpeedPotion"},{"floor":28,"key":"Explosive Potion"}],"is_trial":false,"path_per_floor":["M","M","M","?","M","R","E","R","T","R","?","M","M","M","R","B",null,"M","M","$","?","M","E","T","R","T","?","M","E","M","M","R","B"],"character_chosen":"WATCHER","items_purchased":["FlurryOfBlows+1","EmptyMind","LiquidBronze"],"campfire_rested":1,"item_purchase_floors":[20,20,20],"current_hp_per_floor":[71,69,71,64,51,51,23,23,23,23,23,13,15,17,17,17,72,72,72,72,72,68,21,21,51,51,51,53,51,53,55,67,0,0],"gold":178,"neow_bonus":"RANDOM_COMMON_RELIC","is_daily":false,"chose_seed":false,"campfire_upgraded":5,"win_rate":0.0,"timestamp":1610025312,"path_taken":["M","?","M","?","M","R","E","R","T","R","?","M","M","?","R","BOSS","M","M","$","?","M","E","?","R","T","?","M","E","M","M","R","BOSS"],"items_purchased_type":["Card","Card","Potion"],"build_version":"2020-12-22","purchased_purges":1,"victory":false,"max_hp_per_floor":[72,72,72,72,72,72,72,72,72,72,72,72,72,72,72,72,72,72,72,72,72,72,72,72,72,72,72,72,72,72,72,72,72,72],"relic_stats":{"Blood Vial":27,"Darkstone Periapt":0,"counters":[18,80],"Eternal Feather":21,"Whetstone":["Strike_P","Strike_P"],"Boot":[16],"obtain_stats":[{"Potion Belt":23,"Ice Cream":24,"Darkstone Periapt":26,"Eternal Feather":17,"Thread and Needle":17,"Incense Burner":21,"Whetstone":29,"Boot":17,"Blood Vial":0,"Calling Bell":17,"Molten Egg 2":7,"PureWater":0,"Unceasing Top":9},{"Potion Belt":13,"Ice Cream":13,"Darkstone Periapt":13,"Eternal Feather":9,"Thread and Needle":9,"Incense Burner":11,"Whetstone":15,"Boot":9,"Blood Vial":0,"Calling Bell":9,"Molten Egg 2":5,"PureWater":0,"Unceasing Top":5},{"Potion Belt":56,"Ice Cream":56,"Darkstone Periapt":56,"Eternal Feather":36,"Thread and Needle":36,"Incense Burner":46,"Whetstone":63,"Boot":36,"Blood Vial":0,"Calling Bell":36,"Molten Egg 2":21,"PureWater":0,"Unceasing Top":21}],"Unceasing Top":[1]},"card_choices":[{"not_picked":["JustLucky","WaveOfTheHand"],"picked":"WindmillStrike","floor":1},{"not_picked":["Halt","Study"],"picked":"TalkToTheHand","floor":2},{"not_picked":["Wireheading","MentalFortress"],"picked":"BowlingBash","floor":3},{"not_picked":["PathToVictory","FollowUp","FlyingSleeves"],"picked":"SKIP","floor":5},{"not_picked":["CrushJoints+1","FollowUp+1"],"picked":"Protect","floor":7},{"not_picked":["CutThroughFate+1","DeceiveReality","WheelKick+1"],"picked":"SKIP","floor":12},{"not_picked":["EmptyBody","Consecrate+1","Meditate"],"picked":"SKIP","floor":13},{"not_picked":["Indignation","CrushJoints+1"],"picked":"Wallop+1","floor":14},{"not_picked":["EmptyFist+1","Worship+1"],"picked":"FlurryOfBlows+1","floor":18},{"not_picked":["DeceiveReality+1","MentalFortress"],"picked":"FlurryOfBlows+1","floor":19},{"not_picked":["Wireheading","Study+1","FlurryOfBlows+1"],"picked":"SKIP","floor":22},{"not_picked":["WreathOfFlame+1","Consecrate+1","Blasphemy"],"picked":"SKIP","floor":23},{"not_picked":["FollowUp+1","CutThroughFate+1"],"picked":"Protect","floor":28},{"not_picked":["Crescendo","DeusExMachina","PathToVictory"],"picked":"SKIP","floor":29},{"not_picked":["PathToVictory","SashWhip+1","Weave+1"],"picked":"SKIP","floor":30},{"not_picked":["Crescendo","Study+1","FlyingSleeves+1"],"picked":"SKIP","floor":31}],"player_experience":1317326,"relics_obtained":[{"floor":7,"key":"Molten Egg 2"},{"floor":9,"key":"Unceasing Top"},{"floor":17,"key":"Boot"},{"floor":17,"key":"Eternal Feather"},{"floor":17,"key":"Thread and Needle"},{"floor":23,"key":"Potion Belt"},{"floor":24,"key":"Ice Cream"},{"floor":26,"key":"Darkstone Periapt"},{"floor":29,"key":"Whetstone"}],"event_choices":[{"cards_removed":["Strike_P"],"damage_healed":0,"gold_gain":0,"player_choice":"Card Removal","damage_taken":7,"max_hp_gain":0,"max_hp_loss":0,"event_name":"Golden Wing","floor":4,"gold_loss":0},{"damage_healed":0,"gold_gain":0,"player_choice":"Cursed","damage_taken":0,"max_hp_gain":0,"max_hp_loss":0,"event_name":"Wheel of Change","floor":11,"gold_loss":0,"cards_obtained":["Decay"]},{"damage_healed":0,"gold_gain":0,"player_choice":"Obtained Relic","damage_taken":0,"relics_obtained":["Incense Burner"],"max_hp_gain":0,"max_hp_loss":0,"event_name":"Addict","floor":21,"gold_loss":85},{"damage_healed":0,"gold_gain":0,"player_choice":"Ignored","damage_taken":0,"max_hp_gain":0,"max_hp_loss":0,"event_name":"Cursed Tome","floor":27,"gold_loss":0}],"is_beta":false,"boss_relics":[{"not_picked":["Cursed Key","Black Star"],"picked":"Calling Bell"}],"items_purged_floors":[20],"is_endless":false,"potions_floor_spawned":[2,7,13,16,23,28],"killed_by":"Collector","ascension_level":0}}