{"host":"aaqofma31c3gm2hj","time":1610006884,"event":{"mods":["BaseMod","Minty Spire (QoL Compilation)","Replay The Spire","Spicy Shops","StSLib"],"gold_per_floor":[109,109,34,54,54,88,100,122,182,208,120,131,143,178,178,178,178],"floor_reached":16,"playtime":363,"items_purged":["Strike_G","Defend_G"],"score":254,"play_id":"428b94d9-a35d-44f6-86fb-9b0a1acdc2e3","local_time":"20210107160804","is_ascension_mode":true,"campfire_choices":[{"data":"Prepared","floor":15,"key":"SMITH"}],"circlet_count":0,"master_deck":["AscendersBane","Strike_G","Strike_G","Strike_G","Defend_G","Defend_G","Defend_G","Survivor","Neutralize","Footwork","Hidden Blade","Malaise","Reflex","Prepared+1","Acrobatics","ReplayTheSpireMod:The Works"],"relics":["Ring of the Snake","NeowsBlessing","MawBank","Replay:Mystery Machine","Question Card"],"acts_visited":["Exordium"],"potions_floor_usage":[],"damage_taken":[{"damage":0.0,"enemies":"Small Slimes","floor":1.0,"turns":1.0},{"damage":0.0,"enemies":"Cultist","floor":4.0,"turns":1.0},{"damage":0.0,"enemies":"3 Sentries","floor":6.0,"turns":2.0},{"damage":0.0,"enemies":"2 Louse","floor":8.0,"turns":5.0},{"damage":18.0,"enemies":"Large Slime","floor":10.0,"turns":12.0},{"damage":0.0,"enemies":"Exordium Wildlife","floor":12.0,"turns":3.0},{"damage":8.0,"enemies":"3 Louse","floor":13.0,"turns":5.0},{"damage":0,"enemies":"Slime Boss","floor":16,"turns":3}],"seed_played":"1679057685450387933","potions_obtained":[{"floor":1.0,"key":"Venom Potion"},{"floor":6.0,"key":"LiquidBronze"}],"is_trial":false,"path_per_floor":["M","?","$","M","?","E","?","M","T","M","$","M","M","?","R","B"],"character_chosen":"THE_SILENT","items_purchased":[],"campfire_rested":0,"item_purchase_floors":[],"current_hp_per_floor":[59,59,59,59,59,59,59,59,59,41,41,41,33,12,12,12,12],"gold":178,"neow_bonus":"THREE_ENEMY_KILL","is_daily":false,"chose_seed":false,"campfire_upgraded":1,"win_rate":0.0,"timestamp":1610006884,"path_taken":["M","?","$","?","?","E","?","M","T","M","$","?","M","?","R","BOSS"],"items_purchased_type":[],"build_version":"2020-12-22","purchased_purges":2,"victory":false,"max_hp_per_floor":[66,66,66,66,66,66,66,66,66,66,66,66,66,66,66,66,66],"card_choices":[{"not_picked":["Deadly Poison","Quick Slash"],"picked":"Footwork","floor":1.0},{"not_picked":["Flying Knee","Dash","Bane"],"picked":"SKIP","floor":4.0},{"not_picked":["Endless Agony","Deadly Poison"],"picked":"Hidden Blade","floor":6.0},{"not_picked":["Escape Plan","Prepared"],"picked":"Reflex","floor":8.0},{"not_picked":["Bane","Well Laid Plans"],"picked":"Prepared","floor":10.0},{"not_picked":["PiercingWail","Sucker Punch","Slice"],"picked":"SKIP","floor":12.0},{"not_picked":["Cloak And Dagger","Prepared"],"picked":"Acrobatics","floor":13.0},{"not_picked":["Masterful Stab","Blade Dance"],"picked":"ReplayTheSpireMod:The Works","floor":14}],"player_experience":565952,"relics_obtained":[{"floor":6.0,"key":"MawBank"},{"floor":9.0,"key":"Replay:Mystery Machine"},{"floor":14,"key":"Question Card"}],"event_choices":[{"cards_removed":["Strike_G"],"damage_healed":0.0,"max_hp_gain":0.0,"max_hp_loss":0.0,"gold_gain":0.0,"event_name":"Bonfire Elementals","player_choice":"Offered Basic","floor":2.0,"gold_loss":0.0,"damage_taken":0.0},{"damage_healed":0.0,"max_hp_gain":0.0,"max_hp_loss":0.0,"gold_gain":0.0,"event_name":"Liars Game","player_choice":"Ignored","floor":5.0,"gold_loss":0.0,"damage_taken":0.0},{"damage_healed":0.0,"max_hp_gain":0.0,"max_hp_loss":0.0,"gold_gain":0.0,"cards_transformed":["Defend_G"],"event_name":"Living Wall","player_choice":"Change","floor":7.0,"gold_loss":0.0,"damage_taken":0.0,"cards_obtained":["Malaise"]}],"is_beta":false,"boss_relics":[],"items_purged_floors":[3,11],"is_endless":false,"potions_floor_spawned":[1,6],"killed_by":"Slime Boss","ascension_level":20}}