{"host":"Ceyx","time":1610025354,"event":{"mods":["BaseMod","Beaked The Cultist","Better Third Choice","BetterRewards","Conspire","Downfall","Hermit","Hubris","Infinite Spire","Lobotomy","Minty Spire (QoL Compilation)","Replay The Spire","Shop Mod","StSLib","The Jungle","The Poker Player"],"gold_per_floor":[109,119,169,186,24,54,65,75,75,75,87,101,101,101],"floor_reached":13,"playtime":759,"items_purged":[],"score":160,"play_id":"8a657100-d3ac-4669-a29a-7224dd24abf4","local_time":"20210107201554","is_ascension_mode":true,"campfire_choices":[{"data":"Whirlwind","floor":10,"key":"SMITH"}],"circlet_count":0,"master_deck":["AscendersBane","Strike_R","Strike_R","Strike_R","Strike_R","Defend_R","Defend_R","Defend_R","Defend_R","Bash","Whirlwind+1","hubris:ReadiedAction","Second Wind","Pommel Strike","Warcry","infinitespire:OneForAll","Clothesline","Barricade"],"relics":["Burning Blood","Brimstone","InkBottle","conspire:InfiniteJournal"],"acts_visited":["Exordium"],"potions_floor_usage":[11,13],"damage_taken":[{"damage":10,"enemies":"Cultist","floor":1,"turns":5},{"damage":7,"enemies":"2 Louse","floor":2,"turns":2},{"damage":0,"enemies":"conspire:RoseBush","floor":4,"turns":6},{"damage":44,"enemies":"Lagavulin","floor":6,"turns":6},{"damage":14,"enemies":"Lots of Slimes","floor":7,"turns":2},{"damage":5,"enemies":"Blue Slaver","floor":8,"turns":3},{"damage":15,"enemies":"Exordium Wildlife","floor":11,"turns":2},{"damage":0,"enemies":"Large Slime","floor":12,"turns":3},{"damage":6,"enemies":"Gremlin Nob","floor":13,"turns":3}],"seed_played":"130336147521376028","potions_obtained":[{"floor":6,"key":"Dexterity Potion"},{"floor":7,"key":"SpeedPotion"},{"floor":8,"key":"infinitespire:BlackPotion"}],"is_trial":false,"path_per_floor":["M","M","?","M","$","E","M","M","T","R","M","M","E"],"character_chosen":"IRONCLAD","items_purchased":["Brimstone"],"campfire_rested":0,"item_purchase_floors":[5],"current_hp_per_floor":[64,63,63,69,69,31,23,24,24,24,15,21,15,15],"gold":101,"neow_bonus":"REMOVE_CARD","is_daily":false,"chose_seed":false,"campfire_upgraded":1,"win_rate":0.0,"timestamp":1610025354,"path_taken":["M","?","?","?","?","E","M","M","T","R","M","M","E"],"items_purchased_type":["Relic"],"build_version":"2020-12-18","purchased_purges":0,"victory":false,"max_hp_per_floor":[75,75,75,75,75,75,75,75,75,75,75,75,75,75],"card_choices":[{"not_picked":["Ghostly Armor","Sword Boomerang"],"picked":"Whirlwind","floor":1},{"not_picked":["Run Through","Thunderclap"],"picked":"hubris:ReadiedAction","floor":2},{"not_picked":["Replay:Undeath\u0027s Touch","Burning Pact"],"picked":"Second Wind","floor":4},{"not_picked":["Entrench","Spot Weakness"],"picked":"Pommel Strike","floor":6},{"not_picked":["Metallicize","Anger"],"picked":"Warcry","floor":7},{"not_picked":["Headbutt","Perfected Strike"],"picked":"infinitespire:OneForAll","floor":8},{"not_picked":["Uppercut","Wild Strike"],"picked":"Clothesline","floor":11},{"not_picked":["True Grit","Flex"],"picked":"Barricade","floor":12}],"player_experience":554172,"relics_obtained":[{"floor":6,"key":"InkBottle"},{"floor":9,"key":"conspire:InfiniteJournal"}],"event_choices":[{"damage_healed":0,"gold_gain":50,"player_choice":"Pray","damage_taken":0,"max_hp_gain":0,"max_hp_loss":0,"event_name":"Golden Shrine","floor":3,"gold_loss":0}],"is_beta":true,"boss_relics":[],"items_purged_floors":[],"is_endless":false,"potions_floor_spawned":[6,7,8],"killed_by":"Gremlin Nob","ascension_level":16}}