{"host":"os9owiyb0rak6c8n","time":1610038391,"event":{"mods":["AchievementEnabler","Astrologer","BaseMod","Beaked The Cultist","Better Third Choice","Block Reminder","Colored Map","Colored Powertips","Dio Mod","Minty Spire (QoL Compilation)","Robot Space Explorer","Spicy Shops","StSLib","The Death Knight","The Necromancer"],"gold_per_floor":[114,114,114,137,137,137,168,168,191,191,229,252,291,291,291,416,416,431,454,35,58,73,108,108,443,492,492,492,492,506,542,542,672,672,687,588,604,157,173,206,206,226,273,309,372,396,437,319,319,319],"floor_reached":51,"playtime":1607,"items_purged":["Strike_G","Defend_G","Defend_G"],"score":1408,"play_id":"d1332d4a-a20a-4c61-9b80-b36e8cb6b4f7","local_time":"20210107175311","is_ascension_mode":true,"campfire_choices":[{"data":"Sucker Punch","floor":6,"key":"SMITH"},{"data":"Survivor","floor":8,"key":"SMITH"},{"floor":15,"key":"REST"},{"floor":24,"key":"REST"},{"floor":27,"key":"REST"},{"data":"A Thousand Cuts","floor":29,"key":"SMITH"},{"data":"Cloak And Dagger","floor":32,"key":"SMITH"},{"data":"Footwork","floor":41,"key":"SMITH"},{"data":"Accuracy","floor":49,"key":"SMITH"}],"circlet_count":0,"master_deck":["AscendersBane","Defend_G+1","Defend_G","Defend_G","Survivor+1","Neutralize+1","Sucker Punch+1","Poisoned Stab","Cloak And Dagger+1","Blade Dance","Backflip+1","Catalyst+1","A Thousand Cuts+1","Dagger Spray+1","Blade Dance","Infinite Blades","Dodge and Roll","Leg Sweep","Acrobatics","Choke","Bite+1","Bite","Bite","Bite","Bite","Corpse Explosion","Prepared+1","Footwork+1","Accuracy+1","Adrenaline","Terror+1"],"relics":["Ring of the Snake","NeowsBlessing","Golden Idol","Mercury Hourglass","Anchor","beaked:ShinyBauble","The Courier","WristBlade","Membership Card","Ninja Scroll","Matryoshka","Eternal Feather","Old Coin","Toy Ornithopter","Meat on the Bone","Sozu","Shuriken","Whetstone","Bag of Preparation","Paper Crane","Pantograph","Vajra","War Paint","Toxic Egg 2","Tough Bandages","Snake Skull","Blue Candle"],"acts_visited":["Exordium","TheCity","TheBeyond"],"potions_floor_usage":[21,23,23,31,33,45],"damage_taken":[{"damage":0,"enemies":"Small Slimes","floor":1,"turns":1},{"damage":0,"enemies":"Jaw Worm","floor":4,"turns":1},{"damage":0,"enemies":"Lagavulin","floor":7,"turns":1},{"damage":12,"enemies":"Gremlin Nob","floor":11,"turns":5},{"damage":0,"enemies":"Cultist","floor":12,"turns":3},{"damage":29,"enemies":"Lagavulin","floor":13,"turns":6},{"damage":25,"enemies":"Hexaghost","floor":16,"turns":8},{"damage":7,"enemies":"Chosen","floor":18,"turns":5},{"damage":27,"enemies":"Spheric Guardian","floor":19,"turns":4},{"damage":14,"enemies":"Snake Plant","floor":21,"turns":4},{"damage":0,"enemies":"3 Cultists","floor":22,"turns":3},{"damage":4,"enemies":"Gremlin Leader","floor":23,"turns":4},{"damage":13,"enemies":"Slavers","floor":25,"turns":4},{"damage":0,"enemies":"Centurion and Healer","floor":30,"turns":3},{"damage":26,"enemies":"Gremlin Leader","floor":31,"turns":6},{"damage":61,"enemies":"Automaton","floor":33,"turns":8},{"damage":12,"enemies":"3 Shapes","floor":35,"turns":5},{"damage":6,"enemies":"Orb Walker","floor":37,"turns":2},{"damage":0,"enemies":"3 Darklings","floor":39,"turns":4},{"damage":10,"enemies":"beaked:SuperParasite","floor":40,"turns":5},{"damage":0,"enemies":"4 Shapes","floor":42,"turns":1},{"damage":33,"enemies":"Giant Head","floor":44,"turns":8},{"damage":11,"enemies":"2 Orb Walkers","floor":45,"turns":2},{"damage":19,"enemies":"Maw","floor":46,"turns":5},{"damage":5,"enemies":"Reptomancer","floor":47,"turns":3},{"damage":11,"enemies":"Jotaro","floor":50,"turns":5}],"seed_played":"-5974044773727687351","potions_obtained":[{"floor":7,"key":"Fire Potion"},{"floor":16,"key":"DeathKnight:RimePotion"},{"floor":21,"key":"Fire Potion"},{"floor":23,"key":"Fire Potion"},{"floor":31,"key":"Swift Potion"},{"floor":33,"key":"PowerPotion"}],"is_trial":false,"path_per_floor":["M","?","?","M","?","R","E","R","T","?","E","M","E","?","R","B",null,"M","M","$","M","M","E","R","E","T","R","?","R","M","E","R","B",null,"M","$","M","$","M","E","R","M","T","E","?","M","E","?","R","B",null],"character_chosen":"THE_SILENT","items_purchased":["Membership Card","Ninja Scroll","Blade Dance","Infinite Blades","Matryoshka","Dodge and Roll","Shuriken","Footwork","Accuracy","Whetstone","Bag of Preparation","Paper Crane"],"campfire_rested":3,"item_purchase_floors":[20,20,20,20,20,20,36,38,38,38,38,38],"current_hp_per_floor":[63,63,63,63,56,56,56,56,56,56,44,44,15,15,36,11,55,48,21,21,7,7,3,36,23,23,59,59,70,70,51,66,33,61,53,53,53,53,55,49,67,67,67,44,40,42,42,42,60,59],"gold":319,"neow_bonus":"THREE_ENEMY_KILL","is_daily":false,"chose_seed":false,"campfire_upgraded":6,"win_rate":0.0,"timestamp":1610038391,"path_taken":["M","?","?","?","?","R","E","R","T","?","E","?","E","?","R","BOSS","M","M","$","M","M","E","R","E","T","R","?","R","M","E","R","BOSS","M","$","M","$","M","E","R","M","T","E","?","M","E","?","R","BOSS"],"items_purchased_type":["Relic","Relic","Card","Card","Relic","Card","Relic","Card","Card","Relic","Relic","Relic"],"build_version":"2020-12-22","purchased_purges":3,"victory":true,"max_hp_per_floor":[70,70,70,70,70,70,70,70,70,70,70,70,70,70,70,70,70,70,70,70,70,70,70,70,70,70,70,70,70,70,70,70,70,70,70,70,70,70,70,70,70,70,70,70,70,70,70,70,70,70],"card_choices":[{"not_picked":["Prepared","Outmaneuver"],"picked":"Sucker Punch","floor":1},{"not_picked":["Underhanded Strike","Outmaneuver"],"picked":"Poisoned Stab","floor":4},{"not_picked":["Acrobatics","Outmaneuver"],"picked":"Cloak And Dagger","floor":7},{"not_picked":["Escape Plan","Predator"],"picked":"Blade Dance","floor":11},{"not_picked":["Deflect","Dash"],"picked":"Backflip","floor":12},{"not_picked":["Sucker Punch","Venomology"],"picked":"Catalyst","floor":13},{"not_picked":["Storm of Steel","Adrenaline"],"picked":"A Thousand Cuts","floor":16},{"not_picked":["Masterful Stab","Riddle With Holes","Dagger Throw"],"picked":"SKIP","floor":18},{"not_picked":["Bane","Calculated Gamble"],"picked":"Dagger Spray","floor":19},{"not_picked":["Prepared","Heel Hook","Outmaneuver"],"picked":"SKIP","floor":21},{"not_picked":["PiercingWail","Reflex"],"picked":"Leg Sweep","floor":22},{"not_picked":["Outmaneuver+1","Setup"],"picked":"Acrobatics","floor":23},{"not_picked":["Masterful Stab","Setup"],"picked":"Choke","floor":25},{"not_picked":["Deflect","Flying Knee","Sucker Punch+1"],"picked":"SKIP","floor":30},{"not_picked":["Leg Sweep+1","Venomology","Finisher"],"picked":"SKIP","floor":31},{"not_picked":["Wraith Form v2","Night Terror"],"picked":"Corpse Explosion","floor":33},{"not_picked":["Masterful Stab","Deflect"],"picked":"Prepared+1","floor":35},{"not_picked":["PiercingWail","Dagger Spray","Backstab"],"picked":"SKIP","floor":37},{"not_picked":["Riddle With Holes","Cloak And Dagger+1"],"picked":"Adrenaline","floor":39},{"not_picked":["Flying Knee","Backflip","Quick Slash+1"],"picked":"SKIP","floor":40},{"not_picked":["Backflip","Acrobatics","Expertise"],"picked":"SKIP","floor":42},{"not_picked":["Eviscerate","Underhanded Strike","Predator"],"picked":"SKIP","floor":44},{"not_picked":["Catalyst+1","All Out Attack"],"picked":"Terror+1","floor":45},{"not_picked":["Corpse Explosion+1","Well Laid Plans","Outmaneuver+1"],"picked":"SKIP","floor":46},{"not_picked":["Deflect+1","Terror+1","Dodge and Roll+1"],"picked":"SKIP","floor":47}],"player_experience":597929,"relics_obtained":[{"floor":7,"key":"Mercury Hourglass"},{"floor":9,"key":"Anchor"},{"floor":11,"key":"beaked:ShinyBauble"},{"floor":13,"key":"The Courier"},{"floor":23,"key":"Eternal Feather"},{"floor":25,"key":"Old Coin"},{"floor":26,"key":"Blood Vial"},{"floor":26,"key":"Toy Ornithopter"},{"floor":31,"key":"Meat on the Bone"},{"floor":40,"key":"Pantograph"},{"floor":43,"key":"Vajra"},{"floor":43,"key":"War Paint"},{"floor":44,"key":"Toxic Egg 2"},{"floor":45,"key":"Tough Bandages"},{"floor":47,"key":"Snake Skull"}],"event_choices":[{"damage_healed":0,"gold_gain":0,"player_choice":"Take Wound","damage_taken":0,"relics_obtained":["Golden Idol"],"max_hp_gain":0,"max_hp_loss":0,"event_name":"Golden Idol","floor":2,"gold_loss":0,"cards_obtained":["Injury"]},{"cards_removed":["Injury"],"damage_healed":0,"gold_gain":0,"player_choice":"Purged","damage_taken":0,"max_hp_gain":0,"max_hp_loss":0,"event_name":"Purifier","floor":3,"gold_loss":0},{"cards_removed":["Strike_G"],"damage_healed":0,"gold_gain":0,"player_choice":"Card Removal","damage_taken":7,"max_hp_gain":0,"max_hp_loss":0,"event_name":"Golden Wing","floor":5,"gold_loss":0},{"damage_healed":0,"gold_gain":0,"player_choice":"Forge","damage_taken":0,"max_hp_gain":0,"max_hp_loss":0,"event_name":"Accursed Blacksmith","floor":10,"gold_loss":0,"cards_upgraded":["Neutralize"]},{"damage_healed":0,"gold_gain":0,"player_choice":"Grow","damage_taken":0,"max_hp_gain":0,"max_hp_loss":0,"event_name":"Living Wall","floor":14,"gold_loss":0,"cards_upgraded":["Backflip"]},{"damage_healed":0,"gold_gain":0,"player_choice":"Became a vampire (Vial)","damage_taken":0,"max_hp_gain":0,"max_hp_loss":0,"event_name":"Vampires","floor":28,"relics_lost":["Blood Vial"],"gold_loss":0,"cards_obtained":["Bite","Bite","Bite","Bite","Bite"]},{"damage_healed":0,"gold_gain":0,"player_choice":"Fight","damage_taken":0,"max_hp_gain":0,"max_hp_loss":0,"event_name":"Mysterious Sphere","floor":45,"gold_loss":0},{"damage_healed":0,"gold_gain":0,"player_choice":"Paid Gold","damage_taken":0,"relics_obtained":["Blue Candle"],"max_hp_gain":0,"max_hp_loss":0,"event_name":"WeMeetAgain","floor":48,"gold_loss":118}],"is_beta":false,"boss_relics":[{"not_picked":["Tiny House","Ectoplasm"],"picked":"WristBlade"},{"not_picked":["Snecko Eye","Pandora\u0027s Box"],"picked":"Sozu"}],"items_purged_floors":[20,38,38],"is_endless":false,"potions_floor_spawned":[7,16,18,21,22,23,31,33,37,40,42,44],"ascension_level":12}}