{"host":"y087t2reloz9bi43","time":1610026239,"event":{"mods":["2.2 Compatiblity","AchievementEnabler","Aspiration","BaseMod","Beaked The Cultist","Bestiary","Better Note","Better Vampires","BetterRewards","ChefMod","Colored Map","Colored Powertips","Conspire","Downfall","Ekko","Fireblade Mod","Friendly Minions","GifTheSpireLib","Halation","Hermit","Hubris","Infinite Spire","Jedi Mod","JesterMod","Jorbs\u0027s Wanderer Trilogy","Mad Scientist","Marisa????????","Mimic Mod","Minty Spire (QoL Compilation)","Permanent Neow","Rare Cards Sparkle","Relic Stats","Replay The Spire","Robot Space Explorer","Shade Mod","Shop Mod","StSLib","The Blackbeard","The Bug Knight","The Construct","The Cursed","The Hierophant","The Jungle","The Marked","The Mystic","The Necromancer","The Runesmith","The Servant 0.9.4","TheHeartMod","TheHero","TheVacant","Uncapped","everything is the same but u backflip on backflip","vexMod"],"gold_per_floor":[119,134,144,144,157,157,169,196,196,196,208,78,78,92,92,92,92],"floor_reached":16,"playtime":1381,"items_purged":["Pain"],"score":104,"play_id":"1ef30ad6-4f51-48c7-a8ae-1474b24ea60c","local_time":"20210107133039","is_ascension_mode":false,"campfire_choices":[{"data":"Adrenaline","floor":6,"key":"SMITH"},{"data":"Tools of the Trade","floor":13,"key":"SMITH"},{"data":"Atom Bomb","floor":15,"key":"SMITH"}],"circlet_count":0,"master_deck":["Strike_G","Strike_G","Strike_G","Strike_G","Defend_G","Defend_G","Defend_G","Defend_G","Defend_G","Survivor","Neutralize","Atom Bomb+1","hubris:SlightOfHand","ReplayTheSpireMod:Speed Training","Adrenaline+1","PiercingWail","Tools of the Trade+1","Acrobatics","conspire:DoublingDagger+1"],"relics":["Ring of the Snake","Snake Skull","Ninja Scroll","WarpedTongs"],"acts_visited":["Exordium"],"potions_floor_usage":[7,8,16],"damage_taken":[{"damage":2,"enemies":"2 Louse","floor":1,"turns":3},{"damage":0,"enemies":"Cultist","floor":2,"turns":4},{"damage":0,"enemies":"conspire:RoseBush","floor":3,"turns":3},{"damage":2,"enemies":"Exordium Thugs","floor":5,"turns":5},{"damage":4,"enemies":"3 Louse","floor":7,"turns":2},{"damage":14,"enemies":"Gremlin Nob","floor":8,"turns":3},{"damage":10,"enemies":"Blue Slaver","floor":11,"turns":3},{"damage":13,"enemies":"2 Fungi Beasts","floor":14,"turns":2},{"damage":27,"enemies":"Hexaghost","floor":16,"turns":16}],"seed_played":"-5967464723742403830","potions_obtained":[{"floor":2,"key":"jedi:StrikingPotion"},{"floor":7,"key":"Adrenaline Potion"},{"floor":14,"key":"Poison Potion"}],"is_trial":false,"path_per_floor":["M","M","M","?","M","R","M","E","T","?","M","$","R","M","R","B"],"character_chosen":"THE_SILENT","items_purchased":["conspire:DoublingDagger+1"],"campfire_rested":0,"item_purchase_floors":[12],"current_hp_per_floor":[68,68,68,68,66,66,62,48,48,48,38,38,38,25,25,0,0],"gold":92,"neow_bonus":"ONE_RANDOM_RARE_CARD","is_daily":false,"chose_seed":false,"campfire_upgraded":3,"win_rate":0.0,"timestamp":1610026239,"path_taken":["M","M","M","?","M","R","M","E","T","?","?","$","R","M","R","BOSS"],"items_purchased_type":["Card"],"build_version":"2020-12-22","purchased_purges":1,"victory":false,"max_hp_per_floor":[70,70,70,70,70,70,70,70,70,70,70,70,70,70,70,70,70],"relic_stats":{"counters":[9,41],"Snake Skull":[4],"obtain_stats":[{"Ninja Scroll":9,"Snake Skull":8,"Ring of the Snake":0,"WarpedTongs":10},{"Ninja Scroll":6,"Snake Skull":6,"Ring of the Snake":0,"WarpedTongs":6},{"Ninja Scroll":20,"Snake Skull":20,"Ring of the Snake":0,"WarpedTongs":20}],"Ring of the Snake":[18],"WarpedTongs":[19]},"card_choices":[{"not_picked":["Blade Dance","Acrobatics"],"picked":"hubris:SlightOfHand","floor":1},{"not_picked":["PiercingWail","Bane"],"picked":"ReplayTheSpireMod:Speed Training","floor":2},{"not_picked":["ReplayTheSpireMod:Exploit Weakness","Terror"],"picked":"Adrenaline","floor":3},{"not_picked":["ReplayTheSpireMod:Scrap Shanks","conspire:PoisonWeapons","Deflect"],"picked":"SKIP","floor":5},{"not_picked":["Sucker Punch","ReplayTheSpireMod:Scrap Shanks"],"picked":"PiercingWail","floor":7},{"not_picked":["Poisoned Stab","Dagger Spray"],"picked":"Tools of the Trade","floor":8},{"not_picked":["ReplayTheSpireMod:The Works","Replay:Poison Smokescreen"],"picked":"Acrobatics","floor":11},{"not_picked":["Toxin Wave","Deflect","Heel Hook"],"picked":"SKIP","floor":14}],"player_experience":370084,"relics_obtained":[{"floor":8,"key":"Snake Skull"},{"floor":9,"key":"Ninja Scroll"}],"event_choices":[{"damage_healed":0,"gold_gain":0,"player_choice":"Rummage","damage_taken":0,"relics_obtained":["WarpedTongs"],"max_hp_gain":0,"max_hp_loss":0,"event_name":"Accursed Blacksmith","floor":10,"gold_loss":0,"cards_obtained":["Pain"]}],"is_beta":false,"boss_relics":[],"items_purged_floors":[12],"is_endless":false,"potions_floor_spawned":[2,7,14],"killed_by":"Hexaghost","ascension_level":0}}