{"host":"uua02xqorlefedoe","time":1610009577,"event":{"mods":["AchievementEnabler","BaseMod","Bestiary","Colored Map","DeckTracker","Googly Eyes","Minty Spire (QoL Compilation)","Quick Restart","StSLib"],"gold_per_floor":[14,34,50,50,66,93,110,144,168,180,191,219,240,18,18,122,122,134,134,149,161,171,171,171],"floor_reached":23,"playtime":1903,"items_purged":["Strike_B"],"score":388,"play_id":"2e134469-4a1a-47f6-bc8c-5c28a1e466ee","local_time":"20210107085257","is_ascension_mode":true,"campfire_choices":[{"floor":15,"key":"REST"}],"circlet_count":0,"master_deck":["AscendersBane","Strike_B","Strike_B","Defend_B","Defend_B","Defend_B","Zap","Dualcast","Ball Lightning","Go for the Eyes","Ball Lightning","Streamline","Ball Lightning","Ball Lightning","Darkness","Seek","Darkness","Redo","Steam","Core Surge","Fusion","Glacier","Coolheaded","Doom and Gloom"],"relics":["Cracked Core","Bag of Preparation","Darkstone Periapt","Anchor","Vajra","Odd Mushroom","Regal Pillow","Snecko Eye"],"acts_visited":["Exordium","TheCity"],"potions_floor_usage":[12,13,23],"damage_taken":[{"damage":7.0,"enemies":"Small Slimes","floor":1.0,"turns":4.0},{"damage":2.0,"enemies":"2 Louse","floor":2.0,"turns":2.0},{"damage":7.0,"enemies":"Jaw Worm","floor":3.0,"turns":3.0},{"damage":6.0,"enemies":"Blue Slaver","floor":5.0,"turns":3.0},{"damage":35.0,"enemies":"3 Sentries","floor":6.0,"turns":5.0},{"damage":0.0,"enemies":"2 Fungi Beasts","floor":7.0,"turns":2.0},{"damage":6.0,"enemies":"Gremlin Nob","floor":8.0,"turns":3.0},{"damage":12.0,"enemies":"Lots of Slimes","floor":10.0,"turns":3.0},{"damage":0.0,"enemies":"Exordium Wildlife","floor":11.0,"turns":2.0},{"damage":0,"enemies":"Lagavulin","floor":12,"turns":4},{"damage":0,"enemies":"The Mushroom Lair","floor":13,"turns":3},{"damage":33,"enemies":"The Guardian","floor":16,"turns":8},{"damage":7,"enemies":"Chosen","floor":18,"turns":4},{"damage":14,"enemies":"Shell Parasite","floor":20,"turns":6},{"damage":15,"enemies":"Sentry and Sphere","floor":21,"turns":4},{"damage":7,"enemies":"Chosen and Byrds","floor":22,"turns":5},{"damage":25,"enemies":"Gremlin Leader","floor":23,"turns":2}],"seed_played":"5401919930372485298","potions_obtained":[{"floor":6.0,"key":"PowerPotion"},{"floor":10.0,"key":"Dexterity Potion"},{"floor":11.0,"key":"Dexterity Potion"},{"floor":12,"key":"Block Potion"},{"floor":13,"key":"SkillPotion"}],"is_trial":false,"path_per_floor":["M","M","M","?","M","E","M","E","T","M","M","E","?","$","R","B",null,"M","?","M","M","M","E"],"character_chosen":"DEFECT","items_purchased":["Regal Pillow"],"campfire_rested":1,"item_purchase_floors":[14],"current_hp_per_floor":[61,59,52,75,69,34,34,28,28,16,16,16,16,16,53,20,61,54,54,40,25,18,0,0],"gold":171,"neow_bonus":"REMOVE_TWO","is_daily":false,"chose_seed":false,"campfire_upgraded":0,"win_rate":0.0,"timestamp":1610009577,"path_taken":["M","M","M","?","M","E","M","E","T","M","M","E","?","$","R","BOSS","M","?","M","M","M","E"],"items_purchased_type":["Relic"],"build_version":"2020-12-22","purchased_purges":1,"victory":false,"max_hp_per_floor":[75,75,75,75,75,75,75,75,75,75,75,75,75,75,75,75,75,75,75,75,75,75,75,75],"card_choices":[{"not_picked":["Rebound","Hello World"],"picked":"Ball Lightning","floor":1.0},{"not_picked":["Redo","Auto Shields"],"picked":"Go for the Eyes","floor":2.0},{"not_picked":["Force Field","Coolheaded"],"picked":"Ball Lightning","floor":3.0},{"not_picked":["Redo","Storm"],"picked":"Streamline","floor":5.0},{"not_picked":["Gash","Auto Shields"],"picked":"Ball Lightning","floor":6.0},{"not_picked":["Redo","Turbo"],"picked":"Ball Lightning","floor":7.0},{"not_picked":["Lockon","Leap"],"picked":"Darkness","floor":8.0},{"not_picked":["Scrape","White Noise"],"picked":"Seek","floor":10.0},{"not_picked":["Beam Cell","Streamline"],"picked":"Darkness","floor":11.0},{"not_picked":["Compile Driver","Streamline"],"picked":"Redo","floor":12},{"not_picked":["Barrage","Compile Driver"],"picked":"Steam","floor":13},{"not_picked":["Buffer","All For One"],"picked":"Core Surge","floor":16},{"not_picked":["Recycle","Leap"],"picked":"Fusion","floor":18},{"not_picked":["Conserve Battery","Hello World"],"picked":"Coolheaded","floor":20},{"not_picked":["Rebound","Barrage","Conserve Battery"],"picked":"SKIP","floor":21},{"not_picked":["Hologram","Fission"],"picked":"Doom and Gloom","floor":22}],"player_experience":515572,"relics_obtained":[{"floor":6.0,"key":"Bag of Preparation"},{"floor":8.0,"key":"Darkstone Periapt"},{"floor":9.0,"key":"Anchor"},{"floor":12,"key":"Vajra"},{"floor":13,"key":"Odd Mushroom"}],"event_choices":[{"damage_healed":25.0,"max_hp_gain":0.0,"max_hp_loss":0.0,"gold_gain":0.0,"event_name":"Big Fish","player_choice":"Banana","floor":4.0,"gold_loss":0.0,"damage_taken":0.0},{"damage_healed":0,"gold_gain":0,"player_choice":"Fought Mushrooms","damage_taken":0,"max_hp_gain":0,"max_hp_loss":0,"event_name":"Mushrooms","floor":13,"gold_loss":0},{"damage_healed":0,"gold_gain":0,"player_choice":"Read","damage_taken":0,"max_hp_gain":0,"max_hp_loss":0,"event_name":"The Library","floor":19,"gold_loss":0,"cards_obtained":["Glacier"]}],"is_beta":false,"boss_relics":[{"not_picked":["Coffee Dripper","Philosopher\u0027s Stone"],"picked":"Snecko Eye"}],"items_purged_floors":[14],"is_endless":false,"potions_floor_spawned":[6,10,11,12,13,20],"killed_by":"Gremlin Leader","ascension_level":10}}