{"host":"md5qp1egf7y3t60k","time":1610054611,"event":{"mods":["BaseMod","Colored Powertips","Downfall","Minty Spire (QoL Compilation)","Quick Restart","StSLib","The Cursed"],"gold_per_floor":[99,116,291,307,325,339,339,339,359,209,237,263,263,263,279,374,374,374,374,387,399,411,421,445,460,490,509,509,524,540,540,554,655,655,655,34,49,65,75,60,86,86,20,49,60,60,60,70,86,86],"floor_reached":51,"playtime":4590,"items_purged":[],"score":757,"play_id":"71e41f57-dee4-4795-b116-f8549f4731ae","local_time":"20210107232331","is_ascension_mode":false,"campfire_choices":[{"floor":1,"key":"RECALL"},{"data":"Slimebound:LeechingTouch","floor":10,"key":"SMITH"},{"data":"1","floor":13,"key":"LIFT"},{"data":"2","floor":18,"key":"LIFT"},{"data":"3","floor":28,"key":"LIFT"},{"data":"Slimebound:Nibble","floor":35,"key":"SMITH"},{"data":"Slimebound:GoopTackle","floor":42,"key":"SMITH"},{"data":"Slimebound:AcidTongue","floor":47,"key":"SMITH"}],"circlet_count":0,"master_deck":["Slimebound:Strike_Slimebound","Slimebound:Strike_Slimebound","Slimebound:Strike_Slimebound","Slimebound:Tackle","Slimebound:Defend_Slimebound","Slimebound:Defend_Slimebound","Slimebound:Defend_Slimebound","Slimebound:Defend_Slimebound","Slimebound:Split","Slimebound:CorrosiveSpit","Slimebound:PressTheAttack","Slimebound:LeechingTouch+1","Slimebound:GoopSpray","Slimebound:SplitBruiser","Slimebound:SlimeBarrage+1","Slimebound:SplitLeeching","Slimebound:SlimeSpikes","Slimebound:LeechLife","Slimebound:LevelUp","Slimebound:LeadByExample+1","Slimebound:FlameTackle","Slimebound:FinishingTackle","Slimebound:RainOfGoop+1","Slimebound:Nibble+1","Slimebound:PressTheAttack","Slimebound:GrowthPunch","Slimebound:LeechingTouch","Slimebound:LeechLife","Slimebound:SplitLeeching+1","Slimebound:Overexert","Slimebound:SplitMire+1","Slimebound:GoopTackle+1","Slimebound:AcidTongue+1","Slimebound:LivingWall","Finesse+1","expansioncontent:DashGenerateEvil","Slimebound:SlimeBarrage","Slimebound:PressTheAttack+1","Slimebound:Equalize+1","Slimebound:ComboTackle+1","Slimebound:Nibble","Slimebound:SplitAcid","Slimebound:ProtectTheBoss","Slimebound:SamplingLick","Slimebound:PressTheAttack","Slimebound:GoopTackle","Mayhem","Slimebound:ViciousTackle+1","Slimebound:LeechEnergy","Slimebound:PressTheAttack","Slimebound:Nibble+1"],"relics":["Slimebound:AbsorbEndCombatUpgraded","TungstenRod","downfall:HeartBlessingRed","downfall:HeartBlessingBlue","Girya","Strawberry","Bag of Preparation","Coffee Dripper","Membership Card","Pen Nib","Gremlin Horn","War Paint","Ginger","Blood Vial"],"acts_visited":["Exordium","TheCity","TheBeyond"],"potions_floor_usage":[16,23,26,26,33,50],"damage_taken":[{"damage":4,"enemies":"2 Louse","floor":2,"turns":2},{"damage":13,"enemies":"Jaw Worm","floor":4,"turns":4},{"damage":4,"enemies":"Small Slimes","floor":5,"turns":3},{"damage":22,"enemies":"Red Slaver","floor":6,"turns":4},{"damage":21,"enemies":"Large Slime","floor":9,"turns":5},{"damage":20,"enemies":"Lagavulin","floor":11,"turns":5},{"damage":16,"enemies":"Lots of Slimes","floor":15,"turns":4},{"damage":36,"enemies":"downfall:Silent","floor":16,"turns":8},{"damage":11,"enemies":"Chosen","floor":20,"turns":4},{"damage":25,"enemies":"Shell Parasite","floor":21,"turns":5},{"damage":49,"enemies":"Centurion and Healer","floor":22,"turns":7},{"damage":20,"enemies":"Snecko","floor":23,"turns":3},{"damage":39,"enemies":"Sentry and Sphere","floor":25,"turns":6},{"damage":64,"enemies":"Slavers","floor":26,"turns":6},{"damage":23,"enemies":"Cultist and Chosen","floor":27,"turns":4},{"damage":11,"enemies":"Snecko","floor":29,"turns":3},{"damage":21,"enemies":"Snake Plant","floor":30,"turns":3},{"damage":19,"enemies":"Centurion and Healer","floor":32,"turns":4},{"damage":67,"enemies":"downfall:Watcher","floor":33,"turns":9},{"damage":9,"enemies":"downfall:FleeingMerchant","floor":36,"turns":4},{"damage":12,"enemies":"3 Shapes","floor":37,"turns":2},{"damage":23,"enemies":"Orb Walker","floor":38,"turns":2},{"damage":33,"enemies":"Maw","floor":39,"turns":6},{"damage":8,"enemies":"downfall:FleeingMerchant","floor":40,"turns":4},{"damage":6,"enemies":"downfall:FleeingMerchant","floor":43,"turns":4},{"damage":67,"enemies":"Giant Head","floor":44,"turns":7},{"damage":42,"enemies":"3 Darklings","floor":45,"turns":3},{"damage":25,"enemies":"Sphere and 2 Shapes","floor":48,"turns":4},{"damage":22,"enemies":"Jaw Worm Horde","floor":49,"turns":4},{"damage":68,"enemies":"downfall:Ironclad","floor":50,"turns":10}],"seed_played":"-5590203132957325519","potions_obtained":[{"floor":6,"key":"FairyPotion"},{"floor":9,"key":"EntropicBrew"},{"floor":15,"key":"Slimebound:SlimedPotion"},{"floor":20,"key":"GamblersBrew"},{"floor":22,"key":"champ:CounterPotion"},{"floor":26,"key":"BlessingOfTheForge"},{"floor":48,"key":"FairyPotion"}],"is_trial":false,"path_per_floor":["R","M","?","M","M","M","T","?","M","R","E","T","R","?","M","B",null,"R","?","M","M","M","M","T","M","E","M","R","M","M","?","M","B",null,"R","$","M","M","M","$","T","R","$","E","M","?","R","M","M","B",null],"character_chosen":"SLIMEBOUND","items_purchased":["Membership Card","Slimebound:GoopTackle","Slimebound:AcidTongue","Slimebound:LivingWall","Finesse","expansioncontent:DashGenerateEvil","Pen Nib","Gremlin Horn","Block Potion","Ginger","Energy Potion","Slimebound:SplitAcid","Slimebound:ProtectTheBoss","Slimebound:SamplingLick","Slimebound:PressTheAttack","Slimebound:GoopTackle","Mayhem"],"campfire_rested":0,"item_purchase_floors":[36,36,36,36,36,36,36,36,36,43,43,43,43,43,43,43,43],"current_hp_per_floor":[66,66,66,60,62,48,48,45,36,46,40,40,40,40,42,34,76,76,69,76,70,63,62,69,46,43,54,54,55,58,58,73,64,83,83,83,81,74,61,65,65,65,83,55,39,73,73,63,71,71],"gold":86,"neow_bonus":"TEN_PERCENT_HP_BONUS","is_daily":false,"chose_seed":false,"campfire_upgraded":4,"win_rate":0.0,"timestamp":1610054611,"path_taken":["R","M","?","M","M","M","T","?","M","R","E","?","R","?","M","BOSS","R","?","M","M","M","M","T","M","E","M","R","?","M","?","M","BOSS","R","$","M","?","M","$","T","R","$","E","M","?","R","M","M","BOSS"],"items_purchased_type":["Relic","Card","Card","Card","Card","Card","Relic","Relic","Potion","Relic","Potion","Card","Card","Card","Card","Card","Card"],"build_version":"2020-12-22","purchased_purges":0,"victory":true,"max_hp_per_floor":[66,66,66,66,66,66,66,66,66,76,76,76,76,76,76,76,76,76,76,76,76,76,76,83,83,83,83,83,83,83,83,83,83,83,83,83,83,83,83,83,83,83,83,83,83,73,73,73,73,73],"card_choices":[{"not_picked":["Slimebound:SplitAcid","Slimebound:ViciousTackle"],"picked":"Slimebound:PressTheAttack","floor":2},{"not_picked":["Slimebound:BestDefense","Slimebound:Repurpose"],"picked":"Slimebound:LeechingTouch","floor":4},{"not_picked":["Slimebound:LeechingTouch","Slimebound:MegaLick"],"picked":"Slimebound:GoopSpray","floor":5},{"not_picked":["Slimebound:Prepare","Slimebound:Schlurp"],"picked":"Slimebound:SplitBruiser","floor":6},{"not_picked":["Slimebound:SlimeTap","Slimebound:Prepare"],"picked":"Slimebound:SlimeBarrage","floor":9},{"not_picked":["Slimebound:ForwardTackle","Slimebound:MassRepurpose"],"picked":"Slimebound:SplitLeeching","floor":11},{"not_picked":["Slimebound:MegaLick","Slimebound:BestDefense"],"picked":"Slimebound:SlimeSpikes","floor":15},{"not_picked":["Slimebound:OozeBath","Slimebound:SlimeSlap"],"picked":"Slimebound:LeechLife","floor":16},{"not_picked":["Slimebound:FirmFortitude","Slimebound:SplitBruiser+1"],"picked":"Slimebound:LevelUp","floor":20},{"not_picked":["Slimebound:FinishingTackle","Slimebound:SplitBruiser"],"picked":"Slimebound:LeadByExample+1","floor":21},{"not_picked":["Slimebound:LeadByExample","Slimebound:FormOfPuddle"],"picked":"Slimebound:FlameTackle","floor":22},{"not_picked":["Slimebound:SamplingLick","Slimebound:SplitAcid"],"picked":"Slimebound:FinishingTackle","floor":23},{"not_picked":["Slimebound:ItLooksTasty+1","Slimebound:SamplingLick"],"picked":"Slimebound:RainOfGoop+1","floor":25},{"not_picked":["Slimebound:DouseInSlime","Slimebound:SlimeSpikes"],"picked":"Slimebound:Nibble","floor":26},{"not_picked":["Slimebound:GoopSpray","Slimebound:ComboTackle"],"picked":"Slimebound:PressTheAttack","floor":27},{"not_picked":["Slimebound:RainOfGoop","Slimebound:ViciousTackle"],"picked":"Slimebound:GrowthPunch","floor":29},{"not_picked":["Slimebound:FinishingTackle","Slimebound:PressTheAttack"],"picked":"Slimebound:LeechingTouch","floor":30},{"not_picked":["Slimebound:ComboTackle+1","Slimebound:ProtectTheBoss+1"],"picked":"Slimebound:SplitLeeching","floor":32},{"not_picked":["Slimebound:SelfFormingGoo","Slimebound:Teamwork"],"picked":"Slimebound:Overexert","floor":33},{"not_picked":["Slimebound:SplitAcid","Slimebound:ComboTackle+1"],"picked":"Slimebound:SplitMire+1","floor":36},{"not_picked":["Slimebound:SplitLeeching","Slimebound:ComboTackle+1"],"picked":"Slimebound:SlimeBarrage","floor":37},{"not_picked":["Slimebound:FlameTackle+1","Slimebound:SlimeBarrage"],"picked":"Slimebound:PressTheAttack+1","floor":38},{"not_picked":["Slimebound:SplitAcid","Slimebound:RollThrough+1"],"picked":"Slimebound:Equalize+1","floor":39},{"not_picked":["Slimebound:MassFeed","Slimebound:SelfFormingGoo"],"picked":"Slimebound:ComboTackle+1","floor":40},{"not_picked":["Slimebound:GoopTackle","Slimebound:MinionMaster"],"picked":"Slimebound:Nibble","floor":43},{"not_picked":["Slimebound:SplitLeeching","Slimebound:ForwardTackle"],"picked":"Slimebound:ViciousTackle+1","floor":44},{"not_picked":["Slimebound:SplitLeeching+1","Slimebound:PressTheAttack"],"picked":"Slimebound:LeechEnergy","floor":45},{"not_picked":["Slimebound:GoopTackle","Slimebound:BestDefense"],"picked":"Slimebound:PressTheAttack","floor":48},{"not_picked":["Slimebound:SlimeSpikes","Slimebound:PressTheAttack"],"picked":"Slimebound:Nibble+1","floor":49}],"player_experience":15994,"relics_obtained":[{"floor":11,"key":"Girya"},{"floor":12,"key":"Bag of Marbles"},{"floor":24,"key":"Strawberry"},{"floor":26,"key":"Bag of Preparation"},{"floor":41,"key":"War Paint"},{"floor":44,"key":"Blood Vial"}],"event_choices":[{"damage_healed":0,"gold_gain":0,"player_choice":"Success","damage_taken":3,"relics_obtained":["TungstenRod"],"max_hp_gain":0,"max_hp_loss":0,"event_name":"Scrap Ooze","floor":8,"gold_loss":0},{"cards_removed":["Doubt"],"damage_healed":0,"gold_gain":0,"player_choice":"Card Removal","damage_taken":0,"max_hp_gain":0,"max_hp_loss":0,"event_name":"The Cleric","floor":14,"gold_loss":0}],"is_beta":false,"boss_relics":[{"not_picked":["Cursed Key","Black Star"],"picked":"Slimebound:AbsorbEndCombatUpgraded"},{"not_picked":["Snecko Eye","SacredBark"],"picked":"Coffee Dripper"}],"items_purged_floors":[],"is_endless":false,"potions_floor_spawned":[6,9,15,20,22,26,27,30,32,37,45,48,49],"ascension_level":0}}