{"host":"7bk0nh6mmhjhl1n8","time":1610047950,"event":{"mods":["AchievementEnabler","BaseMod","Colored Powertips","Minty Spire (QoL Compilation)","Permanent Neow","Quick Restart","The IronCluck"],"gold_per_floor":[115,65,80,80,100,135,135,162,162,162,162,162,194,206,206,311,311,321,321,344,294,311,346,271,302,302,317,317,332,431,463,463,564,564,580,240,257,101,119,151,151,166,166,166,196,206,206,231,231,231,231,231,31,57,57],"floor_reached":56,"playtime":4016,"items_purged":["Strike_P","Strike_P"],"score":1415,"play_id":"ea2fba32-884a-40a8-8c50-3ab3310e6cff","local_time":"20210107143230","is_ascension_mode":true,"campfire_choices":[{"data":"Vigilance","floor":7.0,"key":"SMITH"},{"data":"Protect","floor":10.0,"key":"SMITH"},{"data":"EmptyFist","floor":12.0,"key":"SMITH"},{"floor":15.0,"key":"RECALL"},{"data":"Devotion","floor":28.0,"key":"SMITH"},{"data":"Judgement","floor":32.0,"key":"SMITH"},{"data":"Ragnarok","floor":47.0,"key":"SMITH"},{"data":"1","floor":49.0,"key":"LIFT"},{"data":"2","floor":52.0,"key":"LIFT"}],"circlet_count":0,"master_deck":["Strike_P","Strike_P","Defend_P","Defend_P","Defend_P","Eruption","Vigilance+1","CrushJoints+1","Protect+1","ThirdEye","EmptyFist+1","BowlingBash","Devotion+1","CutThroughFate","Nirvana+1","CutThroughFate","Judgement+1","Ragnarok+1","CurseOfTheBell","DeusExMachina","Apotheosis","Adaptation+1","DevaForm","Ragnarok"],"relics":["Snecko Eye","Singing Bowl","Mummified Hand","Pen Nib","Philosopher\u0027s Stone","Toy Ornithopter","Bronze Scales","Lantern","HornCleat","Tiny Chest","Calling Bell","Damaru","Girya","Question Card","Membership Card","Turnip","Dream Catcher","Shuriken","MealTicket","Centennial Puzzle","Dead Branch","Pocketwatch"],"acts_visited":["Exordium","TheCity","TheBeyond","TheEnding"],"potions_floor_usage":[55,55],"damage_taken":[{"damage":0.0,"enemies":"2 Louse","floor":1.0,"turns":2.0},{"damage":0.0,"enemies":"Small Slimes","floor":3.0,"turns":2.0},{"damage":1.0,"enemies":"Jaw Worm","floor":5.0,"turns":2.0},{"damage":6.0,"enemies":"Lagavulin","floor":6.0,"turns":7.0},{"damage":10.0,"enemies":"Gremlin Nob","floor":8.0,"turns":4.0},{"damage":0.0,"enemies":"Lagavulin","floor":13.0,"turns":3.0},{"damage":0.0,"enemies":"Looter","floor":14.0,"turns":2.0},{"damage":13.0,"enemies":"The Guardian","floor":16.0,"turns":9.0},{"damage":1.0,"enemies":"Shell Parasite","floor":18.0,"turns":5.0},{"damage":0.0,"enemies":"Spheric Guardian","floor":22.0,"turns":3.0},{"damage":24.0,"enemies":"Book of Stabbing","floor":23.0,"turns":5.0},{"damage":14.0,"enemies":"Slavers","floor":25.0,"turns":5.0},{"damage":7.0,"enemies":"3 Cultists","floor":27.0,"turns":5.0},{"damage":0.0,"enemies":"Snecko","floor":29.0,"turns":3.0},{"damage":0.0,"enemies":"Book of Stabbing","floor":31.0,"turns":4.0},{"damage":11.0,"enemies":"Champ","floor":33.0,"turns":8.0},{"damage":0.0,"enemies":"3 Shapes","floor":35.0,"turns":3.0},{"damage":0.0,"enemies":"Orb Walker","floor":37.0,"turns":3.0},{"damage":5.0,"enemies":"4 Shapes","floor":39.0,"turns":4.0},{"damage":7.0,"enemies":"Reptomancer","floor":40.0,"turns":5.0},{"damage":0.0,"enemies":"3 Darklings","floor":42.0,"turns":4.0},{"damage":0.0,"enemies":"Nemesis","floor":45.0,"turns":3.0},{"damage":0.0,"enemies":"Sphere and 2 Shapes","floor":46.0,"turns":4.0},{"damage":0.0,"enemies":"Giant Head","floor":48.0,"turns":4.0},{"damage":31.0,"enemies":"Time Eater","floor":50.0,"turns":8.0},{"damage":21.0,"enemies":"Shield and Spear","floor":54.0,"turns":3.0},{"damage":34,"enemies":"The Heart","floor":55,"turns":7}],"seed_played":"1234319671737244931","potions_obtained":[{"floor":5.0,"key":"Ancient Potion"},{"floor":6.0,"key":"BlessingOfTheForge"},{"floor":13.0,"key":"Dexterity Potion"},{"floor":16.0,"key":"EssenceOfSteel"},{"floor":25.0,"key":"Weak Potion"},{"floor":27.0,"key":"Weak Potion"},{"floor":29.0,"key":"BlessingOfTheForge"},{"floor":31.0,"key":"AttackPotion"},{"floor":35.0,"key":"Fire Potion"},{"floor":37.0,"key":"StancePotion"},{"floor":42.0,"key":"FearPotion"},{"floor":45.0,"key":"LiquidBronze"},{"floor":46.0,"key":"SkillPotion"},{"floor":54.0,"key":"BottledMiracle"}],"is_trial":false,"path_per_floor":["M","?","M","?","M","E","R","E","T","R","?","R","E","M","R","B",null,"M","?","T","?","M","E","$","E","T","M","R","M","?","E","R","B",null,"M","$","M","$","M","E","?","M","T","?","E","M","R","E","R","B",null,"R","$","E","B",null],"character_chosen":"WATCHER","items_purchased":["Membership Card","Apotheosis","Turnip","PowerPotion","ColorlessPotion","Dead Branch"],"campfire_rested":0,"item_purchase_floors":[36,36,38,53,53,53],"current_hp_per_floor":[72,72,72,72,71,65,65,55,55,55,55,55,57,57,57,44,74,75,75,75,75,77,60,60,56,56,49,49,51,51,51,51,45,82,82,82,84,84,81,79,79,81,81,81,81,83,83,85,85,64,88,88,88,68,44],"gold":57,"neow_bonus":"BOSS_RELIC","is_daily":false,"chose_seed":false,"campfire_upgraded":6,"win_rate":0.0,"timestamp":1610047950,"path_taken":["M","?","M","?","M","E","R","E","T","R","?","R","E","M","R","BOSS","M","?","?","?","?","E","$","E","T","M","R","M","?","E","R","BOSS","M","$","M","$","M","E","?","M","T","?","E","M","R","E","R","BOSS","R","$","E","BOSS"],"items_purchased_type":["Relic","Card","Relic","Potion","Potion","Relic"],"build_version":"2020-12-22","purchased_purges":2,"victory":true,"max_hp_per_floor":[72,72,72,72,72,72,72,72,72,72,72,72,74,74,74,74,74,76,76,76,76,78,80,80,80,80,80,80,82,82,82,82,82,82,82,82,84,84,86,86,82,84,84,84,84,86,86,88,88,88,88,88,88,88,88],"card_choices":[{"not_picked":["Halt","Weave","Conclude"],"picked":"SKIP","floor":1.0},{"not_picked":["Vengeance","FlyingSleeves"],"picked":"CrushJoints","floor":3.0},{"not_picked":["Tantrum","CrushJoints"],"picked":"Protect","floor":5.0},{"not_picked":["InnerPeace","SignatureMove"],"picked":"ThirdEye","floor":6.0},{"not_picked":["Indignation","Crescendo"],"picked":"EmptyFist","floor":8.0},{"not_picked":["Indignation","Meditate","EmptyBody"],"picked":"Singing Bowl","floor":13.0},{"not_picked":["SashWhip","PathToVictory"],"picked":"BowlingBash","floor":14.0},{"not_picked":["Omniscience","Vault"],"picked":"Devotion","floor":16.0},{"not_picked":["Evaluate+1","ThirdEye","FlurryOfBlows"],"picked":"Singing Bowl","floor":18.0},{"not_picked":["Weave+1","Sanctity","ClearTheMind"],"picked":"Singing Bowl","floor":22.0},{"not_picked":["ClearTheMind","WaveOfTheHand","Crescendo+1"],"picked":"Singing Bowl","floor":23.0},{"not_picked":["CutThroughFate","Evaluate"],"picked":"Nirvana+1","floor":25.0},{"not_picked":["SashWhip+1","JustLucky"],"picked":"CutThroughFate","floor":27.0},{"not_picked":["CarveReality+1","FollowUp+1","Consecrate"],"picked":"Singing Bowl","floor":29.0},{"not_picked":["SignatureMove","JustLucky"],"picked":"Judgement","floor":31.0},{"not_picked":["Vault","Scrawl"],"picked":"Ragnarok","floor":33.0},{"not_picked":["EmptyBody+1","BattleHymn","Consecrate"],"picked":"DeusExMachina","floor":35.0},{"not_picked":["ReachHeaven","Halt","Meditate+1","Evaluate"],"picked":"Singing Bowl","floor":37.0},{"not_picked":["EmptyMind","WreathOfFlame+1","ClearTheMind","EmptyBody+1"],"picked":"Singing Bowl","floor":39.0},{"not_picked":["FollowUp","Sanctity+1","Collect+1"],"picked":"Adaptation+1","floor":40.0},{"not_picked":["SashWhip+1","WaveOfTheHand","ThirdEye","CutThroughFate"],"picked":"Singing Bowl","floor":42.0},{"not_picked":["EmptyFist+1","WheelKick+1","SandsOfTime+1"],"picked":"DevaForm","floor":45.0},{"not_picked":["ThirdEye+1","BowlingBash","FollowUp+1","Study"],"picked":"Singing Bowl","floor":46.0},{"not_picked":["Worship+1","Consecrate","FlyingSleeves","Judgement"],"picked":"Singing Bowl","floor":48.0},{"not_picked":["Sanctity","Nirvana","Establishment"],"picked":"Ragnarok","floor":54.0}],"player_experience":171571,"relics_obtained":[{"floor":6.0,"key":"Singing Bowl"},{"floor":8.0,"key":"Mummified Hand"},{"floor":13.0,"key":"Pen Nib"},{"floor":20.0,"key":"Toy Ornithopter"},{"floor":23.0,"key":"Bronze Scales"},{"floor":25.0,"key":"Lantern"},{"floor":26.0,"key":"HornCleat"},{"floor":31.0,"key":"Tiny Chest"},{"floor":34.0,"key":"Damaru"},{"floor":34.0,"key":"Girya"},{"floor":34.0,"key":"Question Card"},{"floor":40.0,"key":"Dream Catcher"},{"floor":43.0,"key":"Shuriken"},{"floor":45.0,"key":"MealTicket"},{"floor":48.0,"key":"Centennial Puzzle"},{"floor":54.0,"key":"Pocketwatch"}],"event_choices":[{"cards_removed":["Defend_P"],"damage_healed":0.0,"max_hp_gain":0.0,"max_hp_loss":0.0,"gold_gain":0.0,"event_name":"The Cleric","player_choice":"Card Removal","floor":2.0,"gold_loss":50.0,"damage_taken":0.0},{"damage_healed":0.0,"max_hp_gain":0.0,"max_hp_loss":0.0,"gold_gain":0.0,"event_name":"Living Wall","player_choice":"Grow","floor":4.0,"gold_loss":0.0,"damage_taken":0.0,"cards_upgraded":["CrushJoints"]},{"damage_healed":0.0,"max_hp_gain":0.0,"max_hp_loss":0.0,"gold_gain":0.0,"event_name":"Liars Game","player_choice":"Ignored","floor":11.0,"gold_loss":0.0,"damage_taken":0.0},{"damage_healed":0.0,"max_hp_gain":0.0,"max_hp_loss":0.0,"gold_gain":0.0,"event_name":"The Library","player_choice":"Read","floor":19.0,"gold_loss":0.0,"damage_taken":0.0,"cards_obtained":["CutThroughFate"]},{"damage_healed":0.0,"max_hp_gain":0.0,"max_hp_loss":0.0,"gold_gain":0.0,"event_name":"The Joust","player_choice":"Bet on Murderer","floor":21.0,"gold_loss":50.0,"damage_taken":0.0},{"damage_healed":0.0,"max_hp_gain":0.0,"max_hp_loss":0.0,"gold_gain":99.0,"event_name":"Nest","player_choice":"Stole From Cult","floor":30.0,"gold_loss":0.0,"damage_taken":0.0},{"damage_healed":0.0,"max_hp_gain":0.0,"max_hp_loss":4.0,"gold_gain":0.0,"event_name":"Winding Halls","player_choice":"Max HP","floor":41.0,"gold_loss":0.0,"damage_taken":0.0},{"damage_healed":0.0,"max_hp_gain":0.0,"max_hp_loss":0.0,"gold_gain":0.0,"event_name":"Tomb of Lord Red Mask","player_choice":"Ignored","floor":44.0,"gold_loss":0.0,"damage_taken":0.0}],"is_beta":false,"boss_relics":[{"not_picked":["Ectoplasm","Astrolabe"],"picked":"Philosopher\u0027s Stone"},{"not_picked":["Sozu","Pandora\u0027s Box"],"picked":"Calling Bell"}],"items_purged_floors":[24,36],"is_endless":false,"potions_floor_spawned":[5,6,13,16,18,25,27,29,31,35,37,42,45,46,54],"ascension_level":1}}