{"host":"sav7uxregyirlf69","time":1610003265,"event":{"mods":["AchievementEnabler","BaseMod","Colored Map","DeckTracker","Keyboard Shortcuts","Minty Spire (QoL Compilation)","READ ME - Guardian Mod","StSLib","SuperFastMode"],"gold_per_floor":[109,122,197,197,207,207,221,221,244,263,277,293,57,67,67,67,67],"floor_reached":16,"playtime":252,"items_purged":["Strike_G"],"score":192,"play_id":"2fb6ade3-a9c8-4539-88d7-f6f64e25c70a","local_time":"20210107160745","is_ascension_mode":true,"campfire_choices":[{"data":"Crippling Poison","floor":6,"key":"SMITH"},{"data":"Tactician","floor":8,"key":"SMITH"},{"data":"Malaise","floor":15,"key":"SMITH"}],"circlet_count":0,"master_deck":["AscendersBane","Strike_G","Strike_G","Strike_G","Strike_G","Defend_G","Defend_G","Defend_G","Defend_G","Defend_G","Survivor","Neutralize","Dash","Crippling Poison+1","Tactician+1","Prepared","Footwork","Malaise+1","PiercingWail"],"relics":["Ring of the Snake","NeowsBlessing","Vajra","Lee\u0027s Waffle"],"acts_visited":["Exordium"],"potions_floor_usage":[16],"damage_taken":[{"damage":0,"enemies":"Cultist","floor":1,"turns":1},{"damage":0,"enemies":"Jaw Worm","floor":2,"turns":1},{"damage":0,"enemies":"2 Louse","floor":5,"turns":1},{"damage":13,"enemies":"Exordium Wildlife","floor":7,"turns":4},{"damage":11,"enemies":"Lots of Slimes","floor":10,"turns":3},{"damage":16,"enemies":"Exordium Thugs","floor":11,"turns":4},{"damage":1,"enemies":"2 Fungi Beasts","floor":12,"turns":4},{"damage":1,"enemies":"Looter","floor":14,"turns":4},{"damage":73,"enemies":"Hexaghost","floor":16,"turns":16}],"seed_played":"8727870616903671820","potions_obtained":[{"floor":1,"key":"Poison Potion"},{"floor":5,"key":"Dexterity Potion"},{"floor":14,"key":"BlessingOfTheForge"}],"is_trial":false,"path_per_floor":["M","M","?","?","M","R","M","R","T","M","M","M","$","M","R","B"],"character_chosen":"THE_SILENT","items_purchased":["Lee\u0027s Waffle"],"campfire_rested":0,"item_purchase_floors":[13],"current_hp_per_floor":[59,59,48,48,48,48,35,35,35,24,8,7,73,72,72,0,0],"gold":67,"neow_bonus":"THREE_ENEMY_KILL","is_daily":false,"chose_seed":false,"campfire_upgraded":3,"win_rate":0.0,"timestamp":1610003265,"path_taken":["M","?","?","?","M","R","M","R","T","M","M","M","?","?","R","BOSS"],"items_purchased_type":["Relic"],"build_version":"2020-12-22","purchased_purges":1,"victory":false,"max_hp_per_floor":[66,66,66,66,66,66,66,66,66,66,66,66,73,73,73,73,73],"card_choices":[{"not_picked":["Finisher","Expertise"],"picked":"Dash","floor":1},{"not_picked":["Bane","Quick Slash"],"picked":"Crippling Poison","floor":2},{"not_picked":["Slice","Infinite Blades"],"picked":"Tactician","floor":5},{"not_picked":["Prepared","Quick Slash","Slice"],"picked":"SKIP","floor":7},{"not_picked":["Quick Slash","Slice"],"picked":"Prepared","floor":7},{"not_picked":["Dodge and Roll","Deadly Poison","Prepared"],"picked":"SKIP","floor":10},{"not_picked":["PiercingWail","Dagger Spray"],"picked":"Footwork","floor":11},{"not_picked":["Prepared","Poisoned Stab"],"picked":"Malaise","floor":12},{"not_picked":["Quick Slash","Distraction"],"picked":"PiercingWail","floor":14}],"player_experience":1174247,"relics_obtained":[{"floor":9,"key":"Vajra"}],"event_choices":[{"damage_healed":0,"gold_gain":75,"player_choice":"Gather Gold","damage_taken":11,"max_hp_gain":0,"max_hp_loss":0,"event_name":"World of Goop","floor":3,"gold_loss":0},{"damage_healed":0,"gold_gain":0,"player_choice":"Ignored","damage_taken":0,"max_hp_gain":0,"max_hp_loss":0,"event_name":"Liars Game","floor":4,"gold_loss":0}],"is_beta":false,"boss_relics":[],"items_purged_floors":[13],"is_endless":false,"potions_floor_spawned":[1,5,7,14],"killed_by":"Hexaghost","ascension_level":20}}