{"host":"4qkvkh7pd9qr2mca","time":1610060664,"event":{"mods":["AchievementEnabler","BaseMod","Colored Map","Colored Powertips","Highlight Path","Minty Spire (QoL Compilation)","Permanent Neow","Quick Restart","StSLib","SuperFastMode"],"gold_per_floor":[117,132,147,167,7,7,21,51,51,77,77,97,97,110,110,189,189,199,12,12,12,12,12,12],"floor_reached":23,"playtime":878,"items_purged":["Regret"],"score":402,"play_id":"329c8e58-a44d-4c92-a333-e2f0a0acada0","local_time":"20210108000424","is_ascension_mode":true,"campfire_choices":[{"data":"Apotheosis","floor":6.0,"key":"SMITH"},{"floor":13.0,"key":"REST"},{"floor":15.0,"key":"REST"}],"circlet_count":0,"master_deck":["AscendersBane","Strike_R","Strike_R","Strike_R","Strike_R","Strike_R","Defend_R","Defend_R","Defend_R","Defend_R","Bash","Apotheosis+1","Ghostly Armor","Juggernaut","Reckless Charge","Whirlwind","Brutality","Headbutt","Power Through","Combust","Body Slam","Feel No Pain","True Grit","Reaper","Spot Weakness","Barricade","True Grit","Ghostly","Ghostly","Ghostly"],"relics":["Black Blood","Darkstone Periapt","Dream Catcher","Lantern","Prayer Wheel"],"acts_visited":["Exordium","TheCity"],"potions_floor_usage":[16,23],"damage_taken":[{"damage":4.0,"enemies":"Cultist","floor":1.0,"turns":5.0},{"damage":3.0,"enemies":"2 Louse","floor":2.0,"turns":4.0},{"damage":10.0,"enemies":"Jaw Worm","floor":3.0,"turns":4.0},{"damage":9.0,"enemies":"Large Slime","floor":4.0,"turns":6.0},{"damage":13.0,"enemies":"Looter","floor":7.0,"turns":3.0},{"damage":19.0,"enemies":"Gremlin Nob","floor":8.0,"turns":4.0},{"damage":15.0,"enemies":"Lagavulin","floor":10.0,"turns":5.0},{"damage":13.0,"enemies":"Blue Slaver","floor":12.0,"turns":4.0},{"damage":32.0,"enemies":"Exordium Wildlife","floor":14.0,"turns":3.0},{"damage":33,"enemies":"Hexaghost","floor":16,"turns":8},{"damage":13,"enemies":"Spheric Guardian","floor":18,"turns":6},{"damage":37,"enemies":"Gremlin Leader","floor":23,"turns":7}],"seed_played":"-6726023764861697656","potions_obtained":[{"floor":2.0,"key":"ColorlessPotion"},{"floor":4.0,"key":"EssenceOfSteel"},{"floor":12.0,"key":"BlessingOfTheForge"}],"is_trial":false,"path_per_floor":["M","M","M","M","$","R","M","E","T","E","?","M","R","M","R","B",null,"M","$","?","?","T","E"],"character_chosen":"IRONCLAD","items_purchased":["Brutality","Barricade","True Grit"],"campfire_rested":2,"item_purchase_floors":[5,19,19],"current_hp_per_floor":[70,73,69,66,66,66,59,46,46,37,37,30,52,26,48,21,62,66,66,37,37,37,0,0],"gold":12,"neow_bonus":"RANDOM_COLORLESS_2","is_daily":false,"chose_seed":false,"campfire_upgraded":1,"win_rate":0.0,"timestamp":1610060664,"path_taken":["M","M","?","M","$","R","M","E","T","E","?","M","R","M","R","BOSS","M","?","?","?","?","E"],"items_purchased_type":["Card","Card","Card"],"build_version":"2020-12-22","purchased_purges":1,"victory":false,"max_hp_per_floor":[75,75,75,75,75,75,75,75,75,75,75,75,75,75,75,75,75,75,75,37,37,37,37,37],"card_choices":[{"not_picked":["Mayhem","The Bomb"],"picked":"Apotheosis","floor":0.0},{"not_picked":["Clash","Cleave"],"picked":"Ghostly Armor","floor":1.0},{"not_picked":["Body Slam","Perfected Strike"],"picked":"Juggernaut","floor":2.0},{"not_picked":["Rupture","Sentinel"],"picked":"Reckless Charge","floor":3.0},{"not_picked":["Headbutt","Reckless Charge"],"picked":"Whirlwind","floor":4.0},{"not_picked":["Iron Wave","Rampage"],"picked":"Headbutt","floor":7.0},{"not_picked":["Reckless Charge","Flex","Body Slam"],"picked":"SKIP","floor":8.0},{"not_picked":["Thunderclap","Seeing Red"],"picked":"Power Through","floor":10.0},{"not_picked":["Twin Strike","Sentinel"],"picked":"Body Slam","floor":12.0},{"not_picked":["Pummel","Entrench"],"picked":"Feel No Pain","floor":13.0},{"not_picked":["Twin Strike","Battle Trance"],"picked":"True Grit","floor":14.0},{"not_picked":["Bludgeon","Fiend Fire"],"picked":"Reaper","floor":16},{"not_picked":["Flame Barrier","Blood for Blood"],"picked":"Spot Weakness","floor":18}],"player_experience":512942,"relics_obtained":[{"floor":8.0,"key":"Darkstone Periapt"},{"floor":9.0,"key":"Dream Catcher"},{"floor":10.0,"key":"Lantern"},{"floor":22,"key":"Prayer Wheel"}],"event_choices":[{"damage_healed":0.0,"max_hp_gain":0.0,"max_hp_loss":0.0,"gold_gain":0.0,"event_name":"Match and Keep!","player_choice":"1 cards matched","floor":11.0,"gold_loss":0.0,"damage_taken":0.0,"cards_obtained":["Combust"]},{"damage_healed":0,"gold_gain":0,"player_choice":"Became a Ghost","damage_taken":0,"max_hp_gain":0,"max_hp_loss":38,"event_name":"Ghosts","floor":20,"gold_loss":0,"cards_obtained":["Ghostly","Ghostly","Ghostly"]},{"damage_healed":0,"gold_gain":0,"player_choice":"Ignored","damage_taken":0,"max_hp_gain":0,"max_hp_loss":0,"event_name":"The Mausoleum","floor":21,"gold_loss":0}],"is_beta":false,"boss_relics":[{"not_picked":["Black Star","Coffee Dripper"],"picked":"Black Blood"}],"items_purged_floors":[5],"is_endless":false,"potions_floor_spawned":[2,4,8,12],"killed_by":"Gremlin Leader","ascension_level":20}}