{"host":"t5s60ss6drvva5tc","time":1610057294,"event":{"mods":["BaseMod","Colored Map","Colored Powertips","Minty Spire (QoL Compilation)"],"gold_per_floor":[117,137,47,61,26,53,123,133,133,133,94,111,121,151,151,246,246,260,260,273,289,30,45,45,45,45],"floor_reached":25,"playtime":1954,"items_purged":[],"score":215,"play_id":"ae6d6286-5395-4667-9df2-bff97d8c2db1","local_time":"20210108010814","is_ascension_mode":false,"campfire_choices":[{"data":"Carnage","floor":15,"key":"SMITH"},{"data":"Inflame","floor":24,"key":"SMITH"}],"circlet_count":0,"master_deck":["Strike_R","Strike_R","Strike_R","Strike_R","Defend_R","Defend_R","Defend_R","Bash","Headbutt","Inflame+1","Dramatic Entrance","Twin Strike","Cleave","Clash","Carnage+1","Cleave","Reaper","Heavy Blade","Demon Form","Dual Wield"],"relics":["Burning Blood","Red Skull","White Beast Statue","CaptainsWheel","Potion Belt","Black Star","Nloth\u0027s Gift","Pantograph"],"acts_visited":["Exordium","TheCity"],"potions_floor_usage":[6,16,16,16,23,25,25,25,25,25],"damage_taken":[{"damage":5,"enemies":"Cultist","floor":1,"turns":4},{"damage":3,"enemies":"Jaw Worm","floor":2,"turns":4},{"damage":8,"enemies":"Small Slimes","floor":4,"turns":3},{"damage":31,"enemies":"3 Sentries","floor":6,"turns":7},{"damage":10,"enemies":"Looter","floor":8,"turns":2},{"damage":3,"enemies":"Red Slaver","floor":12,"turns":2},{"damage":0,"enemies":"2 Fungi Beasts","floor":13,"turns":2},{"damage":8,"enemies":"Lagavulin","floor":14,"turns":4},{"damage":37,"enemies":"Hexaghost","floor":16,"turns":6},{"damage":30,"enemies":"2 Thieves","floor":18,"turns":3},{"damage":10,"enemies":"Chosen","floor":20,"turns":4},{"damage":8,"enemies":"Snecko","floor":21,"turns":4},{"damage":55,"enemies":"Cultist and Chosen","floor":23,"turns":7},{"damage":48,"enemies":"Gremlin Leader","floor":25,"turns":6}],"seed_played":"-6525491863842472686","potions_obtained":[{"floor":2,"key":"SkillPotion"},{"floor":4,"key":"ElixirPotion"},{"floor":8,"key":"EssenceOfSteel"},{"floor":12,"key":"GamblersBrew"},{"floor":13,"key":"Strength Potion"},{"floor":14,"key":"AttackPotion"},{"floor":16,"key":"Swift Potion"},{"floor":18,"key":"EssenceOfSteel"},{"floor":20,"key":"SteroidPotion"},{"floor":21,"key":"Strength Potion"},{"floor":23,"key":"ColorlessPotion"}],"is_trial":false,"path_per_floor":["M","M","$","M","?","E","T","M","T","?","?","M","M","E","R","B",null,"M","?","M","M","$","M","R","E"],"character_chosen":"IRONCLAD","items_purchased":["Dramatic Entrance","Pantograph"],"campfire_rested":0,"item_purchase_floors":[3,22],"current_hp_per_floor":[57,60,60,58,78,53,53,49,49,37,37,40,46,44,53,22,80,56,56,58,65,65,22,22,0,0],"gold":45,"neow_bonus":"REMOVE_TWO","is_daily":false,"chose_seed":false,"campfire_upgraded":2,"win_rate":0.0,"timestamp":1610057294,"path_taken":["M","M","$","M","?","E","?","?","T","?","?","M","M","E","R","BOSS","M","?","M","?","$","M","R","E"],"items_purchased_type":["Card","Relic"],"build_version":"2020-12-22","purchased_purges":0,"victory":false,"max_hp_per_floor":[80,80,80,80,80,80,80,80,80,80,80,80,80,80,80,80,80,80,80,80,80,80,80,80,80,80],"card_choices":[{"not_picked":["Dark Embrace","Iron Wave"],"picked":"Headbutt","floor":1},{"not_picked":["Iron Wave","Body Slam"],"picked":"Inflame","floor":2},{"not_picked":["Clothesline","Anger"],"picked":"Twin Strike","floor":4},{"not_picked":["Iron Wave","Pummel"],"picked":"Cleave","floor":6},{"not_picked":["Entrench","Burning Pact"],"picked":"Clash","floor":8},{"not_picked":["Shrug It Off","Dark Embrace"],"picked":"Carnage","floor":12},{"not_picked":["Whirlwind","Armaments","Power Through"],"picked":"SKIP","floor":13},{"not_picked":["Metallicize","Warcry"],"picked":"Cleave","floor":14},{"not_picked":["Impervious","Offering"],"picked":"Reaper","floor":16},{"not_picked":["True Grit","Metallicize"],"picked":"Heavy Blade","floor":18},{"not_picked":["Uppercut","Cleave","Reckless Charge+1"],"picked":"SKIP","floor":20},{"not_picked":["Clothesline","Shrug It Off+1"],"picked":"Demon Form","floor":21},{"not_picked":["Armaments+1","Clothesline"],"picked":"Dual Wield","floor":23}],"player_experience":2144,"relics_obtained":[{"floor":6,"key":"Red Skull"},{"floor":7,"key":"White Beast Statue"},{"floor":9,"key":"Eternal Feather"},{"floor":14,"key":"Potion Belt"}],"event_choices":[{"damage_healed":20,"gold_gain":0,"player_choice":"Healed","damage_taken":0,"max_hp_gain":0,"max_hp_loss":0,"event_name":"The Cleric","floor":5,"gold_loss":35},{"damage_healed":0,"gold_gain":0,"player_choice":"Success","damage_taken":12,"relics_obtained":["CaptainsWheel"],"max_hp_gain":0,"max_hp_loss":0,"event_name":"Scrap Ooze","floor":10,"gold_loss":0},{"damage_healed":0,"gold_gain":0,"player_choice":"Left Gold","damage_taken":0,"max_hp_gain":0,"max_hp_loss":0,"event_name":"World of Goop","floor":11,"gold_loss":39},{"damage_healed":0,"gold_gain":0,"player_choice":"Traded Relic","damage_taken":0,"relics_obtained":["Nloth\u0027s Gift"],"max_hp_gain":0,"max_hp_loss":0,"event_name":"N\u0027loth","floor":19,"relics_lost":["Eternal Feather"],"gold_loss":0}],"is_beta":false,"boss_relics":[{"not_picked":["Philosopher\u0027s Stone","Mark of Pain"],"picked":"Black Star"}],"items_purged_floors":[],"is_endless":false,"potions_floor_spawned":[2,4,8,12,13,14,16,18,20,21,23],"killed_by":"Gremlin Leader","ascension_level":0}}