{"host":"k4et7hlhlqy8fuoz","time":1610040111,"event":{"mods":["2.2 Compatiblity","AchievementEnabler","BaseMod","Colored Map","DeckTracker","Highlight Path","Minty Spire (QoL Compilation)","Random Character Button","Rare Cards Sparkle"],"gold_per_floor":[359,369,435,446,464,464,479,493,493,493,512,93,93,108,108,211,211,223,322,322,71,90,90,90,101,101,0,0,17,17,32,32,135,135,154,170,4,4,4,4,57,57,57,0,0,0,100,118,118,118,118],"floor_reached":50,"playtime":3017,"items_purged":[],"score":507,"play_id":"a1070bc0-3140-445d-ba02-24ddfa74631f","local_time":"20210107182151","is_ascension_mode":false,"campfire_choices":[{"floor":6,"key":"REST"},{"data":"SignatureMove","floor":10,"key":"SMITH"},{"data":"Eruption","floor":13,"key":"SMITH"},{"floor":15,"key":"REST"},{"floor":23,"key":"REST"},{"floor":28,"key":"REST"},{"floor":30,"key":"REST"},{"floor":32,"key":"REST"},{"data":"Judgement","floor":40,"key":"SMITH"},{"data":"Omniscience","floor":42,"key":"SMITH"},{"data":"WindmillStrike","floor":45,"key":"SMITH"},{"floor":49,"key":"REST"}],"circlet_count":0,"master_deck":["Strike_P","Strike_P","Strike_P","Strike_P","Defend_P","Defend_P","Defend_P","Defend_P","Eruption+1","Vigilance","SignatureMove+1","BowlingBash","FearNoEvil","Pray","Brilliance","FlurryOfBlows","Halt","CarveReality","Pray","Omniscience+1","Judgement+1","SandsOfTime","ReachHeaven","ClearTheMind","Prostrate","FollowUp+1","Prostrate","Consecrate","WindmillStrike+1","WreathOfFlame","Devotion","Consecrate+1","EmptyFist","FollowUp","WindmillStrike+1"],"relics":["HolyWater","Question Card","Matryoshka","MutagenicStrength","Toolbox","Lantern","Pear","Centennial Puzzle","Kunai","SlaversCollar","Lee\u0027s Waffle","Strawberry","HornCleat","Red Mask"],"acts_visited":["Exordium","TheCity","TheBeyond"],"potions_floor_usage":[7,16,16,16,22,33,33,50,50,50],"damage_taken":[{"damage":1,"enemies":"Cultist","floor":1,"turns":4},{"damage":1,"enemies":"Jaw Worm","floor":2,"turns":2},{"damage":0,"enemies":"Small Slimes","floor":4,"turns":4},{"damage":7,"enemies":"Exordium Wildlife","floor":5,"turns":3},{"damage":4,"enemies":"Blue Slaver","floor":7,"turns":3},{"damage":0,"enemies":"Large Slime","floor":8,"turns":3},{"damage":5,"enemies":"Exordium Wildlife","floor":11,"turns":2},{"damage":9,"enemies":"Blue Slaver","floor":14,"turns":4},{"damage":28,"enemies":"Hexaghost","floor":16,"turns":7},{"damage":13,"enemies":"Chosen","floor":18,"turns":5},{"damage":38,"enemies":"2 Thieves","floor":22,"turns":4},{"damage":26,"enemies":"Cultist and Chosen","floor":25,"turns":7},{"damage":19,"enemies":"3 Cultists","floor":29,"turns":5},{"damage":0,"enemies":"Shelled Parasite and Fungi","floor":31,"turns":1},{"damage":20,"enemies":"Collector","floor":33,"turns":3},{"damage":0,"enemies":"Orb Walker","floor":35,"turns":2},{"damage":6,"enemies":"3 Shapes","floor":36,"turns":3},{"damage":4,"enemies":"Transient","floor":48,"turns":5},{"damage":107,"enemies":"Donu and Deca","floor":50,"turns":7}],"seed_played":"7218960224932073025","potions_obtained":[{"floor":1,"key":"Energy Potion"},{"floor":2,"key":"CultistPotion"},{"floor":8,"key":"FearPotion"},{"floor":14,"key":"Weak Potion"},{"floor":18,"key":"SkillPotion"},{"floor":25,"key":"BlessingOfTheForge"},{"floor":29,"key":"Fire Potion"},{"floor":35,"key":"LiquidMemories"},{"floor":36,"key":"SpeedPotion"},{"floor":48,"key":"PowerPotion"}],"is_trial":false,"path_per_floor":["M","M","?","M","M","R","M","M","T","R","M","$","R","M","R","B",null,"M","?","?","$","M","R","T","M","T","$","R","M","R","M","R","B",null,"M","M","$","?","?","R","T","R","T","?","R","$","?","M","R","B"],"character_chosen":"WATCHER","items_purchased":["Matryoshka","CarveReality","Pray","Halt","ReachHeaven","Toolbox","ClearTheMind","Prostrate","Consecrate","Lee\u0027s Waffle","FollowUp"],"campfire_rested":7,"item_purchase_floors":[12,12,12,12,21,21,21,27,27,37,37],"current_hp_per_floor":[50,49,49,49,42,63,59,59,59,59,54,54,54,45,66,38,72,59,59,59,59,21,42,52,26,26,26,50,31,55,55,79,59,82,82,76,89,85,85,85,92,92,92,92,92,92,92,88,92,0,0],"gold":118,"neow_bonus":"TWO_FIFTY_GOLD","is_daily":false,"chose_seed":false,"campfire_upgraded":5,"win_rate":0.0,"timestamp":1610040111,"path_taken":["M","?","?","M","M","R","M","M","T","R","M","$","R","M","R","BOSS","M","?","?","?","M","R","?","M","T","$","R","M","R","M","R","BOSS","M","M","$","?","?","R","?","R","T","?","R","$","?","M","R","BOSS"],"items_purchased_type":["Relic","Card","Card","Card","Card","Relic","Card","Card","Card","Relic","Card"],"build_version":"2020-12-22","purchased_purges":0,"victory":false,"max_hp_per_floor":[72,72,72,72,72,72,72,72,72,72,72,72,72,72,72,72,72,72,72,72,72,72,72,82,82,82,82,82,82,82,82,82,82,82,82,82,89,85,85,85,92,92,92,92,92,92,92,92,92,92,92],"card_choices":[{"not_picked":["Collect","ClearTheMind"],"picked":"SignatureMove","floor":1},{"not_picked":["CutThroughFate","FlyingSleeves"],"picked":"BowlingBash","floor":2},{"not_picked":["CutThroughFate","SashWhip"],"picked":"FearNoEvil","floor":4},{"not_picked":["InnerPeace","Worship"],"picked":"Pray","floor":5},{"not_picked":["Perseverance","PathToVictory"],"picked":"Brilliance","floor":7},{"not_picked":["BowlingBash","ThirdEye"],"picked":"FlurryOfBlows","floor":8},{"not_picked":["WaveOfTheHand","EmptyMind","FlurryOfBlows"],"picked":"Halt","floor":11},{"not_picked":["Protect","EmptyBody","Sanctity"],"picked":"Omniscience","floor":14},{"not_picked":["DeusExMachina","Scrawl","MasterReality"],"picked":"Judgement","floor":16},{"not_picked":["ClearTheMind","Wallop","Consecrate"],"picked":"SandsOfTime","floor":18},{"not_picked":["ClearTheMind","Vengeance","CutThroughFate+1"],"picked":"Prostrate","floor":22},{"not_picked":["Consecrate","ClearTheMind","DeceiveReality"],"picked":"FollowUp+1","floor":25},{"not_picked":["Weave+1","FollowUp","Halt"],"picked":"WindmillStrike","floor":29},{"not_picked":["SashWhip","EmptyBody","Study"],"picked":"WreathOfFlame","floor":31},{"not_picked":["Vault","Judgement","DeusExMachina"],"picked":"Devotion","floor":33},{"not_picked":["SashWhip+1","Weave","LikeWater+1"],"picked":"Consecrate+1","floor":35},{"not_picked":["BowlingBash","Halt","Tantrum+1"],"picked":"EmptyFist","floor":36},{"not_picked":["Tantrum","Meditate+1","SashWhip"],"picked":"WindmillStrike+1","floor":48}],"player_experience":92090,"relics_obtained":[{"floor":9,"key":"Question Card"},{"floor":24,"key":"Lantern"},{"floor":24,"key":"Pear"},{"floor":26,"key":"Centennial Puzzle"},{"floor":26,"key":"Kunai"},{"floor":41,"key":"Strawberry"},{"floor":43,"key":"HornCleat"}],"event_choices":[{"damage_healed":0,"gold_gain":66,"player_choice":"Gained Gold","damage_taken":0,"max_hp_gain":0,"max_hp_loss":0,"event_name":"Golden Wing","floor":3,"gold_loss":0},{"damage_healed":0,"gold_gain":99,"player_choice":"Stole From Cult","damage_taken":0,"max_hp_gain":0,"max_hp_loss":0,"event_name":"Nest","floor":19,"gold_loss":0},{"damage_healed":0,"gold_gain":0,"player_choice":"Inject Mutagens","damage_taken":0,"relics_obtained":["MutagenicStrength"],"max_hp_gain":0,"max_hp_loss":0,"event_name":"Drug Dealer","floor":20,"gold_loss":0},{"damage_healed":0,"gold_gain":0,"player_choice":"Max HP","damage_taken":0,"max_hp_gain":0,"max_hp_loss":4,"event_name":"Winding Halls","floor":38,"gold_loss":0},{"cards_removed":["Halt"],"damage_healed":0,"gold_gain":0,"player_choice":"Removed Skill","damage_taken":0,"max_hp_gain":0,"max_hp_loss":0,"event_name":"Falling","floor":39,"gold_loss":0},{"damage_healed":0,"gold_gain":0,"player_choice":"Paid","damage_taken":0,"relics_obtained":["Red Mask"],"max_hp_gain":0,"max_hp_loss":0,"event_name":"Tomb of Lord Red Mask","floor":44,"gold_loss":57},{"damage_healed":0,"gold_gain":100,"player_choice":"Pray","damage_taken":0,"max_hp_gain":0,"max_hp_loss":0,"event_name":"Golden Shrine","floor":47,"gold_loss":0}],"is_beta":false,"boss_relics":[{"not_picked":["Empty Cage","Ectoplasm"],"picked":"HolyWater"},{"not_picked":["Runic Pyramid","Velvet Choker"],"picked":"SlaversCollar"}],"items_purged_floors":[],"is_endless":false,"potions_floor_spawned":[1,2,8,14,18,25,29,35,36,48],"killed_by":"Donu and Deca","ascension_level":0}}