{"host":"kw4o7b3ro2ktmmbe","time":1610021480,"event":{"mods":["BaseMod","Evolution","Lobotomy","LobotomyExtend","Minty Spire (QoL Compilation)","StSLib"],"gold_per_floor":[119,134,152,152,167,167,186,186,186,186,206,232,244,331,343,453,465,489,516,443,455,392,432,4,16,16,16,16,31,47,47,47,144,144,159,173,185,185,185,185],"floor_reached":39,"playtime":10825,"items_purged":[],"score":543,"play_id":"cc51290a-e9b3-40f9-8d4e-0da98e016bd9","local_time":"20210108011120","is_ascension_mode":false,"campfire_choices":[{"data":"Fire Breathing","floor":6.0,"key":"SMITH"},{"data":"Juggernaut","floor":8.0,"key":"SMITH"},{"data":"Cleave","floor":13.0,"key":"SMITH"},{"data":"Cleave","floor":15.0,"key":"SMITH"},{"data":"Fire Breathing","floor":28,"key":"SMITH"},{"floor":32,"key":"REST"}],"circlet_count":0,"master_deck":["Cleave+1","Cleave+1","Cleave+1","Cleave+1","Cleave","True Grit","True Grit","True Grit","Bash","OldLady","Fire Breathing+1","Woodsman","Juggernaut+1","Mercenary","Pummel","SpiderBud","CrumblingArmor","WallGazer","Reaper","Fire Breathing+1","SilentOrchestra","Armaments+1","BigBird","Rudolta","LaLuna","Scorched","Rupture","Scarecrow","Immolate","OSAHOGD","CurseOfTheBell","UniverseFragment","Hemokinesis+1","DespairKnight","Anger+1","Freischutz","Pain"],"relics":["Burning Blood","EVO:Axolotl","CogitoBucket","LetterFromLob","Ornamental Fan","BehaviorAdjustment","MawBank","SlaversCollar","Matryoshka","Darkstone Periapt","Lee\u0027s Waffle","Turnip","Theresia","Gremlin Horn","The Courier","Mummified Hand","Orichalcum","Calling Bell","PreservedInsect","Pear","Champion Belt","HellTrain","WarpedTongs"],"acts_visited":["Exordium","TheCity","TheBeyond"],"potions_floor_usage":[23,23,23,33,33,33,39],"damage_taken":[{"damage":0.0,"enemies":"2 Louse","floor":1.0,"turns":2.0},{"damage":0.0,"enemies":"Cultist","floor":2.0,"turns":2.0},{"damage":11.0,"enemies":"Jaw Worm","floor":3.0,"turns":2.0},{"damage":34.0,"enemies":"Exordium Thugs","floor":5.0,"turns":4.0},{"damage":2.0,"enemies":"2 Fungi Beasts","floor":7.0,"turns":2.0},{"damage":13.0,"enemies":"Large Slime","floor":11.0,"turns":3.0},{"damage":2.0,"enemies":"Slime Boss","floor":16.0,"turns":3.0},{"damage":31,"enemies":"2 Thieves","floor":18,"turns":3},{"damage":12,"enemies":"Chosen","floor":19,"turns":4},{"damage":73,"enemies":"Book of Stabbing","floor":23,"turns":5},{"damage":70,"enemies":"Shelled Parasite and Fungi","floor":25,"turns":5},{"damage":16,"enemies":"3 Cultists","floor":29,"turns":3},{"damage":51,"enemies":"Chosen and Byrds","floor":30,"turns":4},{"damage":76,"enemies":"Champ","floor":33,"turns":7},{"damage":52,"enemies":"3 Darklings","floor":35,"turns":4},{"damage":41,"enemies":"3 Shapes","floor":36,"turns":5},{"damage":74,"enemies":"Spire Growth","floor":37,"turns":5},{"damage":185,"enemies":"Transient","floor":39,"turns":5}],"seed_played":"3857009010528067608","potions_obtained":[{"floor":1.0,"key":"Regen Potion"},{"floor":10.0,"key":"EntropicBrew"},{"floor":10.0,"key":"Strength Potion"},{"floor":10.0,"key":"BloodPotion"},{"floor":16,"key":"SkillPotion"},{"floor":25,"key":"Energy Potion"},{"floor":30,"key":"Dexterity Potion"},{"floor":35,"key":"FairyPotion"},{"floor":37,"key":"SkillPotion"}],"is_trial":false,"path_per_floor":["M","M","M","?","M","R","M","R","T","?","M","T","R","?","R","B",null,"M","M","?","?","?","E","$","M","T","T","R","M","M","$","R","B",null,"M","M","M","?","M"],"character_chosen":"IRONCLAD","items_purchased":["Lee\u0027s Waffle","Turnip"],"campfire_rested":1,"item_purchase_floors":[24,24],"current_hp_per_floor":[83,83,83,66,62,62,78,78,78,78,83,83,83,72,72,82,83,70,70,70,70,70,19,90,50,50,50,50,70,25,25,52,12,106,81,100,59,65,0,0],"gold":185,"neow_bonus":"","is_daily":false,"chose_seed":false,"campfire_upgraded":5,"win_rate":0.0,"timestamp":1610021480,"path_taken":["M","M","M","?","M","R","M","R","T","?","?","?","R","?","R","BOSS","BOSS","M","M","?","?","?","E","$","?","T","?","R","M","M","?","R","BOSS","M","M","?","?","?"],"items_purchased_type":["Relic","Relic"],"build_version":"2020-12-22","purchased_purges":0,"victory":false,"max_hp_per_floor":[83,83,83,83,83,83,83,83,83,83,83,83,83,83,83,83,83,83,83,83,83,83,83,90,90,90,90,90,90,90,90,90,90,106,106,106,106,112,112,112],"card_choices":[{"not_picked":["MHz","HeroicMonk"],"picked":"OldLady","floor":1.0},{"not_picked":["Uppercut","Dropkick","Pommel Strike"],"picked":"SKIP","floor":1.0},{"not_picked":["Armaments","Spot Weakness"],"picked":"Fire Breathing","floor":2.0},{"not_picked":["SpiderBud","PunishingBird"],"picked":"Woodsman","floor":2.0},{"not_picked":["Burning Pact","Flame Barrier"],"picked":"Juggernaut","floor":3.0},{"not_picked":["Bloodbath","UniverseFragment"],"picked":"Mercenary","floor":3.0},{"not_picked":["Dual Wield","Battle Trance"],"picked":"Pummel","floor":5.0},{"not_picked":["MHz","Scorched"],"picked":"SpiderBud","floor":5.0},{"not_picked":["WallGazer","Laetitia"],"picked":"CrumblingArmor","floor":7.0},{"not_picked":["Iron Wave","Flex","Power Through"],"picked":"SKIP","floor":7.0},{"not_picked":["FairyFestival","UniverseFragment"],"picked":"WallGazer","floor":11.0},{"not_picked":["Headbutt","Body Slam","Shrug It Off"],"picked":"SKIP","floor":11.0},{"not_picked":["Headbutt","Body Slam","Shrug It Off"],"picked":"SKIP","floor":11.0},{"not_picked":["Headbutt","Body Slam","Shrug It Off"],"picked":"SKIP","floor":11.0},{"not_picked":["Brutality","Limit Break"],"picked":"Reaper","floor":16},{"not_picked":["Warcry","Ghostly Armor+1"],"picked":"Fire Breathing","floor":18},{"not_picked":["SnowQueen","FairyFestival"],"picked":"SilentOrchestra","floor":18},{"not_picked":["Second Wind","Heavy Blade"],"picked":"Armaments+1","floor":19},{"not_picked":["GalaxyChild","BeautyBeast"],"picked":"BigBird","floor":19},{"not_picked":["WhitesApple","Scarecrow"],"picked":"Rudolta","floor":23},{"not_picked":["Sentinel+1","Shrug It Off","Dropkick"],"picked":"SKIP","floor":23},{"not_picked":["Sentinel+1","Shrug It Off","Dropkick"],"picked":"SKIP","floor":23},{"not_picked":["SnowQueen","FairyFestival"],"picked":"LaLuna","floor":25},{"not_picked":["Cleave","Perfected Strike","Warcry"],"picked":"SKIP","floor":25},{"not_picked":["Cleave","Perfected Strike","Warcry"],"picked":"SKIP","floor":25},{"not_picked":["ShyLook","FieryBird"],"picked":"Scorched","floor":29},{"not_picked":["Wild Strike","Armaments+1","Flame Barrier"],"picked":"SKIP","floor":29},{"not_picked":["Burning Pact","Thunderclap"],"picked":"Rupture","floor":30},{"not_picked":["RedShoes","PunishingBird"],"picked":"Scarecrow","floor":30},{"not_picked":["Limit Break","Bludgeon"],"picked":"Immolate","floor":33},{"not_picked":["PlagueDoctor","Porccubus"],"picked":"OSAHOGD","floor":33},{"not_picked":["Murderer","Alriune"],"picked":"UniverseFragment","floor":35},{"not_picked":["Twin Strike","Headbutt","Anger"],"picked":"SKIP","floor":35},{"not_picked":["Twin Strike","Headbutt","Anger"],"picked":"SKIP","floor":35},{"not_picked":["Shockwave+1","Dual Wield"],"picked":"Hemokinesis+1","floor":36},{"not_picked":["Alriune","Murderer"],"picked":"DespairKnight","floor":36},{"not_picked":["Warcry+1","Wild Strike"],"picked":"Anger+1","floor":37},{"not_picked":["Porccubus","LongBird"],"picked":"Freischutz","floor":37}],"player_experience":1790765,"relics_obtained":[{"floor":1.0,"key":"LetterFromLob"},{"floor":9.0,"key":"Ornamental Fan"},{"floor":12.0,"key":"MawBank"},{"floor":23,"key":"Darkstone Periapt"},{"floor":26,"key":"Gremlin Horn"},{"floor":26,"key":"The Courier"},{"floor":27,"key":"Mummified Hand"},{"floor":27,"key":"Orichalcum"},{"floor":34,"key":"PreservedInsect"},{"floor":34,"key":"Pear"},{"floor":34,"key":"Champion Belt"}],"event_choices":[{"damage_healed":0.0,"max_hp_gain":0.0,"max_hp_loss":0.0,"gold_gain":0.0,"event_name":"Shining Light","player_choice":"Entered Light","floor":4.0,"gold_loss":0.0,"damage_taken":17.0,"cards_upgraded":["Cleave","Cleave"]},{"damage_healed":0.0,"max_hp_gain":0.0,"max_hp_loss":0.0,"gold_gain":0.0,"event_name":"Lab","player_choice":"Got Potions","floor":10.0,"gold_loss":0.0,"damage_taken":0.0},{"damage_healed":0.0,"max_hp_gain":0.0,"max_hp_loss":0.0,"gold_gain":75.0,"event_name":"World of Goop","player_choice":"Gather Gold","floor":14.0,"gold_loss":0.0,"damage_taken":11.0},{"damage_healed":0,"gold_gain":0,"player_choice":"Obtained Relic","damage_taken":0,"relics_obtained":["Matryoshka"],"max_hp_gain":0,"max_hp_loss":0,"event_name":"Addict","floor":20,"gold_loss":85},{"damage_healed":0,"gold_gain":0,"player_choice":"Ignored","damage_taken":0,"max_hp_gain":0,"max_hp_loss":0,"event_name":"Vampires","floor":21,"gold_loss":0},{"cards_removed":["True Grit"],"damage_healed":0,"gold_gain":0,"player_choice":"Gave Gold","damage_taken":0,"max_hp_gain":0,"max_hp_loss":0,"event_name":"Beggar","floor":22,"gold_loss":75},{"damage_healed":0,"gold_gain":0,"player_choice":"Rummage","damage_taken":0,"relics_obtained":["WarpedTongs"],"max_hp_gain":0,"max_hp_loss":0,"event_name":"Accursed Blacksmith","floor":38,"gold_loss":0,"cards_obtained":["Pain"]}],"is_beta":false,"boss_relics":[{"not_picked":["SacredBark","Black Blood"],"picked":"SlaversCollar"},{"not_picked":["Velvet Choker","Runic Pyramid"],"picked":"Calling Bell"}],"items_purged_floors":[],"is_endless":false,"potions_floor_spawned":[1,16,25,29,30,35,37],"killed_by":"Transient","ascension_level":0}}