{"host":"ylxam20yo7j5dy26","time":1610005608,"event":{"mods":["ATMod(°¢èªMod)","Act Like it!","BaseMod","Conspire","Defuse TimeMaze Blight","Downfall","Gensokyo","Hallownest","Hubris","Infinite Spire","Lobotomy","Minty Spire (QoL Compilation)","Quick Restart","Replay The Spire","Spicy Shops","StSLib","The Cursed","UnlockEverythingMod","vexMod","¡¾ÒÅÎï¿¨ÅÆ¡¿REMEMod"],"gold_per_floor":[99,99,99,99,99,99,99,124,158,172,22,47,59,44,55,153,153,153,165,165,185,185,485,485,499,528,541,466,486,486,498,511,611,611,611,621,632,642,722,766,791,843,843,843,898,911,921,208,249,265],"floor_reached":51,"playtime":3198,"items_purged":[],"score":804,"play_id":"692d2f5f-f30d-4c33-86f0-6ef0e849e2c7","local_time":"20210107154648","is_ascension_mode":false,"campfire_choices":[{"data":"Secret Weapon","floor":1.0,"key":"SMITH"},{"data":"AT_FamilyPortrait","floor":11.0,"key":"SMITH"},{"floor":18.0,"key":"RECALL"},{"data":"AT_EmpoweredMortalDraw","floor":28.0,"key":"SMITH"},{"data":"Guardian:PolyBeam","floor":30.0,"key":"SMITH"},{"data":"Guardian:BaubleBeam","floor":35.0,"key":"SMITH"},{"floor":44,"key":"REST"}],"circlet_count":0,"master_deck":["Guardian:CurlUp","Guardian:TwinSlam","AT_FamilyPortrait+1","Secret Weapon+1","Guardian:Clone","Guardian:PolyBeam+1","Guardian:TemporalStrike","Guardian:ChargeCore","Guardian:TemporalShield","Guardian:Recover","Guardian:StasisField","AT_EmpoweredMortalDraw+1","Guardian:TemporalStrike+1","Guardian:PrimingBeam","Guardian:PiercingHide","Guardian:PrimingBeam","Guardian:Incinerate+1","Guardian:TimeSifter","Guardian:ExploitGems","Guardian:BaubleBeam+1","Guardian:HyperBeam_Guardian","Guardian:PolyBeam","Guardian:TimeCapacitor+1","Guardian:Reroute+1","Guardian:SentryBeam","Guardian:EvasiveProtocol+1","expansioncontent:DashGenerateEvil","Guardian:SpikerProtocol+1"],"relics":["Guardian:ModeShifter","AT_ATBox","REME_ComplimentaryCards","downfall:HeartsMalice","StoneCalendar","AT_EbonyIvory","Smiling Mask","downfall:HeartBlessingGreen","downfall:HeartBlessingBlue","Odd Mushroom","AT_MortalBlade","Old Coin","Mercury Hourglass","hubris:SlimyHat","downfall:HeartBlessingRed","Pandora\u0027s Box","vexMod:CardConverter","Replay:Bandana","Shuriken","infinitespire:Eraser","AT_BladeRuinedKing"],"acts_visited":["Exordium","TheCity","TheBeyond"],"potions_floor_usage":[40,40,45],"damage_taken":[{"damage":0.0,"enemies":"2 Louse","floor":2.0,"turns":1.0},{"damage":0.0,"enemies":"conspire:RoseBush","floor":3.0,"turns":1.0},{"damage":0.0,"enemies":"Jaw Worm","floor":5.0,"turns":1.0},{"damage":18.0,"enemies":"Lagavulin","floor":9.0,"turns":6.0},{"damage":0.0,"enemies":"Large Slime","floor":10.0,"turns":3.0},{"damage":5.0,"enemies":"The Mushroom Lair","floor":12.0,"turns":4.0},{"damage":0.0,"enemies":"Exordium Wildlife","floor":13.0,"turns":5.0},{"damage":0.0,"enemies":"downfall:FleeingMerchant","floor":14.0,"turns":4.0},{"damage":0.0,"enemies":"3 Louse","floor":15.0,"turns":3.0},{"damage":13.0,"enemies":"downfall:Silent","floor":16.0,"turns":7.0},{"damage":4.0,"enemies":"3 Byrds","floor":19.0,"turns":2.0},{"damage":0.0,"enemies":"Shell Parasite","floor":21.0,"turns":2.0},{"damage":2.0,"enemies":"Cultist and Chosen","floor":25.0,"turns":3.0},{"damage":32.0,"enemies":"REME_1_Revenger","floor":26.0,"turns":4.0},{"damage":0.0,"enemies":"3 Cultists","floor":27.0,"turns":2.0},{"damage":0.0,"enemies":"Snake Plant","floor":29.0,"turns":1.0},{"damage":7.0,"enemies":"conspire:HollyBat","floor":31.0,"turns":7.0},{"damage":0.0,"enemies":"Sentry and Sphere","floor":32.0,"turns":2.0},{"damage":12.0,"enemies":"downfall:Defect","floor":33.0,"turns":6.0},{"damage":0.0,"enemies":"3 Darklings","floor":36.0,"turns":1.0},{"damage":0.0,"enemies":"Orb Walker","floor":37.0,"turns":2.0},{"damage":0.0,"enemies":"Sphere and 2 Shapes","floor":38.0,"turns":1.0},{"damage":0.0,"enemies":"Mind Bloom Boss Battle","floor":39.0,"turns":3.0},{"damage":34,"enemies":"Maw","floor":40,"turns":5},{"damage":21,"enemies":"R_Hoarder","floor":42,"turns":5},{"damage":38,"enemies":"Nemesis","floor":45,"turns":4},{"damage":0,"enemies":"4 Shapes","floor":46,"turns":1},{"damage":0,"enemies":"Sphere and 2 Shapes","floor":47,"turns":2},{"damage":0,"enemies":"downfall:FleeingMerchant","floor":48,"turns":4},{"damage":0,"enemies":"Jaw Worm Horde","floor":49,"turns":2},{"damage":0,"enemies":"downfall:Watcher","floor":50,"turns":4}],"seed_played":"8338952939716172398","potions_obtained":[{"floor":9.0,"key":"EssenceOfSteel"},{"floor":10.0,"key":"Adrenaline Potion"},{"floor":13.0,"key":"DuplicationPotion"},{"floor":16.0,"key":"Regen Potion"},{"floor":26.0,"key":"Fruit Juice"},{"floor":27.0,"key":"Guardian:BlockOnCardUsePotion"},{"floor":29.0,"key":"EntropicBrew"},{"floor":33.0,"key":"REME_GoldPotion"},{"floor":42,"key":"PowerPotion"},{"floor":45,"key":"DuplicationPotion"},{"floor":47,"key":"Elixir"}],"is_trial":false,"path_per_floor":["R","M","M","?","M","?","T","T","E","M","R","?","M","$","M","B",null,"R","M","?","M","?","?","T","M","E","M","R","M","R","M","M","B",null,"R","M","M","M","?","M","T","E","?","R","E","M","M","$","M","B",null],"character_chosen":"GUARDIAN","items_purchased":["AT_BladeRuinedKing","expansioncontent:DashGenerateEvil"],"campfire_rested":1,"item_purchase_floors":[48,48],"current_hp_per_floor":[80,80,80,80,80,77,77,77,59,59,69,64,64,64,64,51,90,90,86,90,90,90,90,90,88,65,70,70,70,70,63,63,51,95,95,95,95,95,95,61,61,42,42,71,33,35,35,37,39,39],"gold":265,"neow_bonus":"THREE_ENEMY_KILL","is_daily":false,"chose_seed":false,"campfire_upgraded":5,"win_rate":0.0,"timestamp":1610005608,"path_taken":["R","M","M","?","M","?","T","?","E","M","R","?","M","?","M","BOSS","R","M","?","M","?","?","T","M","E","M","R","M","R","M","M","BOSS","R","M","M","M","?","M","T","E","?","R","E","M","M","$","M","BOSS"],"items_purchased_type":["Relic","Card"],"build_version":"2020-12-22","purchased_purges":0,"victory":true,"max_hp_per_floor":[80,80,80,80,80,80,80,80,80,80,90,90,90,90,90,90,90,90,90,90,90,90,90,90,90,90,95,95,95,95,95,95,95,95,95,95,95,95,95,95,95,97,97,97,97,99,99,101,103,103],"card_choices":[{"not_picked":["Guardian:TemporalShield","Guardian:MultiBeam"],"picked":"Guardian:Clone","floor":2.0},{"not_picked":["Guardian:ChargeCore","Guardian:Planning"],"picked":"Guardian:PolyBeam","floor":3.0},{"not_picked":["Guardian:Suspension","Guardian:RollAttack"],"picked":"Guardian:TemporalStrike","floor":5.0},{"not_picked":["Guardian:Gem_White","Guardian:BronzeArmor"],"picked":"Guardian:Gem_Cyan","floor":9.0},{"not_picked":["Guardian:Recover","Guardian:SphericShield"],"picked":"Guardian:ChargeCore","floor":10.0},{"not_picked":["Guardian:Planning","Guardian:Gem_Green"],"picked":"Guardian:TemporalShield","floor":12.0},{"not_picked":["Guardian:TimeCapacitor","Guardian:Gem_Lightblue"],"picked":"Guardian:Gem_White","floor":13.0},{"not_picked":["Guardian:Incinerate","Guardian:Emergency","Guardian:DecasProtection"],"picked":"SKIP","floor":14.0},{"not_picked":["Guardian:PiercingHide","Guardian:RollAttack"],"picked":"Guardian:Recover","floor":15.0},{"not_picked":["Guardian:HyperBeam_Guardian","Guardian:RevengeProtocol"],"picked":"Guardian:StasisField","floor":16.0},{"not_picked":["Guardian:Planning","Guardian:BronzeOrb+1"],"picked":"Guardian:TemporalStrike+1","floor":19.0},{"not_picked":["Guardian:Gem_Red","Guardian:PiercingHide+1"],"picked":"Guardian:PrimingBeam","floor":21.0},{"not_picked":["Guardian:Planning","Guardian:Gem_Cyan"],"picked":"Guardian:PiercingHide","floor":25.0},{"not_picked":["Guardian:Emergency","Guardian:Gem_Lightblue"],"picked":"Guardian:Gem_Cyan","floor":26.0},{"not_picked":["Guardian:WalkerClaw","Guardian:BronzeArmor"],"picked":"Guardian:PrimingBeam","floor":27.0},{"not_picked":["Guardian:Gem_Fragmented","Guardian:Repulse"],"picked":"Guardian:ShieldCharger","floor":29.0},{"not_picked":["Guardian:TimeBomb","Guardian:ShieldCharger","Guardian:Suspension"],"picked":"SKIP","floor":31.0},{"not_picked":["Guardian:Recover","Guardian:Reroute+1"],"picked":"Guardian:Incinerate+1","floor":32.0},{"not_picked":["Guardian:Gem_Orange","Guardian:FastForward"],"picked":"Guardian:TimeSifter","floor":33.0},{"not_picked":["Guardian:Gem_Green","Guardian:Harden","Guardian:ShieldSpikes+1"],"picked":"SKIP","floor":36.0},{"not_picked":["Guardian:PolyBeam","Guardian:Gem_Red"],"picked":"Guardian:TimeCapacitor+1","floor":37.0},{"not_picked":["Guardian:ShieldCharger","Guardian:Suspension+1"],"picked":"Guardian:Reroute+1","floor":38.0},{"not_picked":["Guardian:DonusPower","Guardian:PrismaticBarrier","Guardian:ChargeCore"],"picked":"SKIP","floor":40},{"not_picked":["Guardian:TemporalStrike","Guardian:TemporalShield"],"picked":"Guardian:SentryBeam","floor":42},{"not_picked":["Guardian:WalkerClaw+1","Guardian:PrimingBeam","Guardian:DonusPower+1"],"picked":"SKIP","floor":45},{"not_picked":["Guardian:DonusPower","Guardian:Gem_Green"],"picked":"Guardian:EvasiveProtocol+1","floor":46},{"not_picked":["Guardian:TimeCapacitor","Guardian:PrimingBeam","Guardian:Gem_Synthetic"],"picked":"SKIP","floor":47},{"not_picked":["Guardian:VentSteam+1","Guardian:Gem_Red","Guardian:ShieldCharger"],"picked":"SKIP","floor":48},{"not_picked":["Guardian:WalkerClaw+1","Guardian:FloatingOrbs+1"],"picked":"Guardian:SpikerProtocol+1","floor":49}],"player_experience":86391,"relics_obtained":[{"floor":8.0,"key":"AT_EbonyIvory"},{"floor":9.0,"key":"Smiling Mask"},{"floor":12.0,"key":"Odd Mushroom"},{"floor":24.0,"key":"Mercury Hourglass"},{"floor":26.0,"key":"hubris:SlimyHat"},{"floor":39,"key":"vexMod:CardConverter"},{"floor":41,"key":"Replay:Bandana"},{"floor":42,"key":"Shuriken"},{"floor":45,"key":"infinitespire:Eraser"}],"event_choices":[{"damage_healed":0.0,"max_hp_gain":0.0,"max_hp_loss":0.0,"gold_gain":0.0,"event_name":"conspire:LoneGhost","player_choice":"Disagree","floor":4.0,"gold_loss":0.0,"damage_taken":0.0},{"damage_healed":0.0,"max_hp_gain":0.0,"max_hp_loss":0.0,"gold_gain":0.0,"event_name":"Scrap Ooze","player_choice":"Success","floor":6.0,"gold_loss":0.0,"damage_taken":3.0,"relics_obtained":["StoneCalendar"]},{"damage_healed":0.0,"max_hp_gain":0.0,"max_hp_loss":0.0,"gold_gain":0.0,"event_name":"Mushrooms","player_choice":"Fought Mushrooms","floor":12.0,"gold_loss":0.0,"damage_taken":0.0},{"cards_removed":["Guardian:ShieldCharger"],"damage_healed":0,"gold_gain":0,"player_choice":"Removed Skill","damage_taken":0,"max_hp_gain":0,"max_hp_loss":0,"event_name":"Falling","floor":43,"gold_loss":0}],"is_beta":false,"boss_relics":[{"not_picked":["Replay:Ancient Bell","hubris:Stopwatch"],"picked":"AT_MortalBlade"},{"not_picked":["infinitespire:Cupcake","Runic Dome"],"picked":"Pandora\u0027s Box"}],"items_purged_floors":[],"is_endless":false,"potions_floor_spawned":[9,10,13,16,26,27,29,31,33,42,45,47,49],"ascension_level":0}}