{"host":"amduk82rbaelv3uo","time":1610039244,"event":{"mods":["AchievementEnabler","BaseMod","BetterRewards","Colored Map","Colored Powertips","Defuse TimeMaze Blight","Highlight Path","Infinite Spire","Minty Spire (QoL Compilation)","Permanent Neow","Quick Restart","Replay The Spire","StSLib","The Cursed"],"gold_per_floor":[113,113,188,188,205,205,220,220,246,260,45,56,56,56],"floor_reached":13,"playtime":772,"items_purged":[],"score":86,"play_id":"856725a2-3402-4c31-b689-ea445a5ce547","local_time":"20210107170724","is_ascension_mode":true,"campfire_choices":[{"data":"TheCursedMod:CircleOfFlame","floor":6,"key":"SMITH"},{"data":"TheCursedMod:CursedWand","floor":8,"key":"SMITH"}],"circlet_count":0,"master_deck":["TheCursedMod:Strike_TheCursed+1","TheCursedMod:Strike_TheCursed","TheCursedMod:Strike_TheCursed+1","TheCursedMod:Defend_TheCursed","TheCursedMod:Defend_TheCursed","TheCursedMod:Defend_TheCursed","TheCursedMod:Defend_TheCursed","TheCursedMod:CursedWand+1","TheCursedMod:CleanUpWorkshop","TheCursedMod:Dregs","TheCursedMod:CursedShiv","TheCursedMod:CircleOfFlame+1","TheCursedMod:Torture","Pot Of Greed","Pot Of Greed","TheCursedMod:CursedBlade","TheCursedMod:SpitefulPlan","TheCursedMod:CircleOfFlame"],"relics":["TheCursedMod:BlackMagic101","Grinning Jar","Whetstone"],"acts_visited":["Exordium"],"potions_floor_usage":[12,13],"damage_taken":[{"damage":2,"enemies":"Small Slimes","floor":1,"turns":4},{"damage":0,"enemies":"2 Louse","floor":5,"turns":2},{"damage":0,"enemies":"Cultist","floor":7,"turns":4},{"damage":15,"enemies":"Exordium Thugs","floor":10,"turns":4},{"damage":22,"enemies":"Large Slime","floor":12,"turns":5},{"damage":23,"enemies":"Gremlin Nob","floor":13,"turns":3}],"seed_played":"-6972514423680535074","potions_obtained":[{"floor":1,"key":"GamblersBrew"},{"floor":12,"key":"ColorlessPotion"}],"is_trial":false,"path_per_floor":["M","?","?","?","M","R","M","R","T","M","$","M","E"],"character_chosen":"THE_CURSED","items_purchased":["TheCursedMod:SpitefulPlan","Whetstone"],"campfire_rested":0,"item_purchase_floors":[11,11],"current_hp_per_floor":[66,59,48,48,48,48,48,48,48,33,33,11,0,0],"gold":56,"neow_bonus":"TWENTY_PERCENT_HP_BONUS","is_daily":false,"chose_seed":false,"campfire_upgraded":2,"win_rate":0.0,"timestamp":1610039244,"path_taken":["M","?","?","?","M","R","M","R","T","M","$","M","E"],"items_purchased_type":["Card","Relic"],"build_version":"2020-12-22","purchased_purges":0,"victory":false,"max_hp_per_floor":[89,89,89,89,89,89,89,89,89,89,89,89,89,89],"card_choices":[{"not_picked":["TheCursedMod:SaltUponWound","TheCursedMod:CursedSpellbook"],"picked":"TheCursedMod:CursedShiv","floor":1},{"not_picked":["TheCursedMod:CircleOfAmplification","TheCursedMod:TacticalStrike"],"picked":"TheCursedMod:CircleOfFlame","floor":5},{"not_picked":["TheCursedMod:Stretching","TheCursedMod:TacticalStrike"],"picked":"TheCursedMod:Torture","floor":7},{"not_picked":["TheCursedMod:TacticalStrike","TheCursedMod:ParallelWorld"],"picked":"TheCursedMod:CursedBlade","floor":10},{"not_picked":["TheCursedMod:CursedAmulet","TheCursedMod:SpreadPlague"],"picked":"TheCursedMod:CircleOfFlame","floor":12}],"player_experience":245676,"relics_obtained":[{"floor":9,"key":"Grinning Jar"}],"event_choices":[{"cards_removed":["TheCursedMod:Strike_TheCursed"],"damage_healed":0,"gold_gain":0,"player_choice":"Card Removal","damage_taken":7,"max_hp_gain":0,"max_hp_loss":0,"event_name":"Golden Wing","floor":2,"gold_loss":0},{"damage_healed":0,"gold_gain":75,"player_choice":"Gather Gold","damage_taken":11,"max_hp_gain":0,"max_hp_loss":0,"event_name":"World of Goop","floor":3,"gold_loss":0},{"damage_healed":0,"gold_gain":0,"player_choice":"Ignored","damage_taken":0,"max_hp_gain":0,"max_hp_loss":0,"event_name":"Fountain of Cleansing","floor":4,"gold_loss":0}],"is_beta":false,"boss_relics":[],"items_purged_floors":[],"is_endless":false,"potions_floor_spawned":[1,12],"killed_by":"Gremlin Nob","ascension_level":3}}