{"host":"5fasz840ryq7obdf","time":1610030161,"event":{"mods":["2.2 Compatiblity","AchievementEnabler","BaseMod","Bestiary","Better Altar","Better Skull","Better Third Choice","BetterRewards","Block Reminder","Colored Powertips","Curses Come First","Downfall","Minty Spire (QoL Compilation)","Quick Restart","Relic Sorter","Relic Stats","Shop Mod","Spicy Shops","StSLib","SuperFastMode","ojb\u0027s Better Paths Mod","ojb\u0027s Info Mod"],"gold_per_floor":[144,144,193,242,291,389,389,487,512,561,561,561,610,708,708,1033,1033,1082,1082,1082,1127,1172,1172,1172,1172],"floor_reached":23,"playtime":1483,"items_purged":[],"score":263,"play_id":"51aa5bae-7095-40d0-bf58-75d594c6d501","local_time":"20210107143601","daily_mods":["Cursed Run","Red Cards","Midas"],"is_ascension_mode":false,"campfire_choices":[{"floor":7,"key":"REST"},{"floor":11,"key":"REST"},{"floor":15,"key":"REST"}],"circlet_count":0,"master_deck":["Slimebound:Strike_Slimebound","Slimebound:Strike_Slimebound","Slimebound:Strike_Slimebound","Slimebound:Tackle","Slimebound:Defend_Slimebound","Slimebound:Defend_Slimebound","Slimebound:Defend_Slimebound","Slimebound:Defend_Slimebound","Slimebound:Split+1","Slimebound:CorrosiveSpit","Slimebound:LeechingTouch","Injury","Slimebound:PressTheAttack","Slimebound:SlimeSlap","Slimebound:SplitMire","Intimidate","sneckomod:Bewildered","Dark Embrace","Feel No Pain","Slimebound:Recycling","Slimebound:Icky","Offering","Dual Wield","RitualDagger","Slimebound:Nibble","Slimebound:LeadByExample"],"relics":["Cursed Key","Darkstone Periapt","Du-Vu Doll","Bloody Idol","Slimebound:MaxSlimesRelic","Bottled Flame","betterAltar:BloodRelic","Smiling Mask","Slimebound:TarBlob"],"acts_visited":["Exordium","TheCity"],"potions_floor_usage":[14,22,23],"damage_taken":[{"damage":6.0,"enemies":"Jaw Worm","floor":1.0,"turns":4.0},{"damage":4.0,"enemies":"2 Louse","floor":3.0,"turns":2.0},{"damage":4.0,"enemies":"Cultist","floor":4.0,"turns":3.0},{"damage":0,"enemies":"Looter","floor":5,"turns":3},{"damage":30,"enemies":"Gremlin Nob","floor":6,"turns":4},{"damage":28,"enemies":"3 Sentries","floor":8,"turns":5},{"damage":18,"enemies":"Large Slime","floor":10,"turns":5},{"damage":24,"enemies":"Gremlin Gang","floor":13,"turns":3},{"damage":17,"enemies":"Gremlin Nob","floor":14,"turns":4},{"damage":63,"enemies":"Hexaghost","floor":16,"turns":9},{"damage":35,"enemies":"Chosen","floor":18,"turns":4},{"damage":30,"enemies":"Spheric Guardian","floor":21,"turns":3},{"damage":50,"enemies":"Centurion and Healer","floor":22,"turns":5},{"damage":59,"enemies":"Gremlin Leader","floor":23,"turns":3}],"seed_played":"8350349167999303424","potions_obtained":[{"floor":3.0,"key":"sneckomod:MuddlingPotion"},{"floor":6,"key":"champ:CounterPotion"},{"floor":8,"key":"Fire Potion"},{"floor":10,"key":"Strength Potion"},{"floor":18,"key":"DistilledChaos"}],"is_trial":false,"path_per_floor":["M","?","M","M","M","E","R","E","T","M","R","?","M","E","R","B",null,"M","?","?","M","M","E"],"character_chosen":"SLIMEBOUND","items_purchased":[],"campfire_rested":3,"item_purchase_floors":[],"current_hp_per_floor":[58,64,64,64,64,42,61,45,51,47,68,68,62,55,72,47,78,67,62,56,59,42,0,0,0],"gold":1172,"neow_bonus":"","is_daily":true,"chose_seed":false,"campfire_upgraded":0,"win_rate":0.0,"timestamp":1610030161,"path_taken":["M","?","M","M","M","E","R","E","T","M","R","?","M","E","R","BOSS","M","?","?","M","M","E"],"items_purchased_type":[],"build_version":"2020-12-22","purchased_purges":0,"victory":false,"max_hp_per_floor":[60,66,66,66,66,66,66,66,72,72,72,72,72,72,72,78,78,78,78,78,78,78,78,78,78],"relic_stats":{"Darkstone Periapt":18,"counters":[14,55],"Bloody Idol":10,"Cursed Key":1,"Smiling Mask":0,"obtain_stats":[{"Darkstone Periapt":0,"Du-Vu Doll":0,"Blood Vial":9,"Bottled Flame":8,"Slimebound:MaxSlimesRelic":6,"betterAltar:BloodRelic":19,"Golden Idol":2,"Bloody Idol":19,"Cursed Key":0,"Smiling Mask":14,"Slimebound:TarBlob":17},{"Darkstone Periapt":0,"Du-Vu Doll":0,"Blood Vial":6,"Bottled Flame":6,"Slimebound:MaxSlimesRelic":5,"betterAltar:BloodRelic":11,"Golden Idol":1,"Bloody Idol":11,"Cursed Key":0,"Smiling Mask":9,"Slimebound:TarBlob":10},{"Darkstone Periapt":0,"Du-Vu Doll":0,"Blood Vial":21,"Bottled Flame":21,"Slimebound:MaxSlimesRelic":16,"betterAltar:BloodRelic":44,"Golden Idol":4,"Bloody Idol":44,"Cursed Key":0,"Smiling Mask":32,"Slimebound:TarBlob":41}]},"card_choices":[{"not_picked":["Slimebound:GoopTackle","Slimebound:FinishingTackle"],"picked":"Slimebound:LeechingTouch","floor":1.0},{"not_picked":["Armaments","Anger"],"picked":"Slimebound:PressTheAttack","floor":3.0},{"not_picked":["Reckless Charge","True Grit"],"picked":"Slimebound:SlimeSlap","floor":4.0},{"not_picked":["Twin Strike","Slimebound:Prepare"],"picked":"Slimebound:SplitMire","floor":5},{"not_picked":["Slimebound:GrowthPunch","Slimebound:RollThrough","Armaments"],"picked":"SKIP","floor":6},{"not_picked":["Heavy Blade","Slimebound:ViciousTackle"],"picked":"Intimidate","floor":8},{"not_picked":["Headbutt","Reckless Charge"],"picked":"Dark Embrace","floor":10},{"not_picked":["Slimebound:ItLooksTasty","Pommel Strike"],"picked":"Feel No Pain","floor":13},{"not_picked":["Slimebound:Repurpose","Slimebound:SplitLeeching"],"picked":"Slimebound:Recycling","floor":14},{"not_picked":["Double Tap","Reaper"],"picked":"Offering","floor":16},{"not_picked":["Slimebound:PressTheAttack","Hemokinesis"],"picked":"Dual Wield","floor":18},{"not_picked":["Reckless Charge","Carnage+1"],"picked":"Slimebound:Nibble","floor":21},{"not_picked":["Slimebound:Repurpose","Clash"],"picked":"Slimebound:LeadByExample","floor":22}],"player_experience":1591459,"relics_obtained":[{"floor":6,"key":"Slimebound:MaxSlimesRelic"},{"floor":8,"key":"Bottled Flame"},{"floor":9,"key":"Blood Vial"},{"floor":14,"key":"Smiling Mask"}],"event_choices":[{"damage_healed":0.0,"max_hp_gain":0.0,"max_hp_loss":0.0,"gold_gain":0.0,"event_name":"Golden Idol","player_choice":"Take Wound","floor":2.0,"gold_loss":0.0,"damage_taken":0.0,"relics_obtained":["Golden Idol"],"cards_obtained":["Injury"]},{"damage_healed":0,"gold_gain":0,"player_choice":"Grow","damage_taken":0,"max_hp_gain":0,"max_hp_loss":0,"event_name":"Living Wall","floor":12,"gold_loss":0,"cards_upgraded":["Slimebound:Split"]},{"damage_healed":0,"gold_gain":0,"player_choice":" RottenVial GoldIdol ","damage_taken":5,"relics_obtained":["betterAltar:BloodRelic","Bloody Idol"],"max_hp_gain":67,"max_hp_loss":62,"event_name":"betterAltar:BetterAltar","floor":19,"potions_obtained":[],"relics_lost":["Blood Vial","Golden Idol"],"gold_loss":0},{"damage_healed":0,"gold_gain":0,"player_choice":"Dagger","damage_taken":6,"max_hp_gain":0,"max_hp_loss":0,"event_name":"betterThird:BetterNest","floor":20,"gold_loss":0,"cards_obtained":["RitualDagger"]}],"is_beta":false,"boss_relics":[{"not_picked":["Philosopher\u0027s Stone","Tiny House"],"picked":"Slimebound:TarBlob"}],"items_purged_floors":[],"is_endless":false,"potions_floor_spawned":[3,6,8,10,13,18],"killed_by":"Gremlin Leader","ascension_level":0}}