{"host":"vknm03unwrfz4wfe","time":1610031726,"event":{"mods":["Act Like it!","BaseMod","CapriCore","Downfall","Friendly Minions","Lobotomy","Minty Spire (QoL Compilation)","Prisma Mod","Reimu¡]³Õ???¡^","Remilia¡]Á¢¦Ì²ú?¡^","StSLib","SuperFastMode","The Animator","The Cursed","The Hayseed","The Runesmith","The Servant 0.9.4","WarShipGirlsR/??¤Ö¤kR mod","Yakumo Yukari mod","Yuyuko"],"gold_per_floor":[114,126,126,86,86,86,99,99,99,113,138,155,230,243,243,243,243],"floor_reached":16,"playtime":514,"items_purged":[],"score":102,"play_id":"38b43e83-806c-4d6e-88fe-abb48f6bedca","local_time":"20210107230206","is_ascension_mode":false,"campfire_choices":[{"floor":6,"key":"REST"},{"data":"TheSimpletonMod:ReapAndSow","floor":8,"key":"SMITH"},{"floor":15,"key":"REST"}],"circlet_count":0,"master_deck":["TheSimpletonMod:Strike_TheSimpleton","TheSimpletonMod:Strike_TheSimpleton+1","TheSimpletonMod:Strike_TheSimpleton+1","TheSimpletonMod:Strike_TheSimpleton","TheSimpletonMod:Defend_TheSimpleton","TheSimpletonMod:Defend_TheSimpleton","TheSimpletonMod:Defend_TheSimpleton","TheSimpletonMod:Defend_TheSimpleton","TheSimpletonMod:Haymaker","TheSimpletonMod:ReapAndSow+1","TheSimpletonMod:PestManagement","TheSimpletonMod:CloseScrape","TheSimpletonMod:Spinach","TheSimpletonMod:Innovate","TheSimpletonMod:Pruning","TheSimpletonMod:DoubleBarrel"],"relics":["TheSimpletonMod:SpudOfTheInnocent","TheSimpletonMod:NightSoil","TheSimpletonMod:TheHarvester","Unceasing Top","PaintedHorse:ReiMu","Paper Crane","Gremlin Horn"],"acts_visited":["Exordium"],"potions_floor_usage":[11,16],"damage_taken":[{"damage":10,"enemies":"Jaw Worm","floor":1,"turns":4},{"damage":8,"enemies":"Small Slimes","floor":2,"turns":3},{"damage":6,"enemies":"Cultist","floor":7,"turns":3},{"damage":12,"enemies":"Exordium Thugs","floor":10,"turns":4},{"damage":24,"enemies":"3 Sentries","floor":11,"turns":7},{"damage":4,"enemies":"Large Slime","floor":12,"turns":4},{"damage":5,"enemies":"Looter","floor":14,"turns":2},{"damage":60,"enemies":"The Guardian","floor":16,"turns":11}],"seed_played":"5594992741574716815","potions_obtained":[{"floor":10,"key":"EssenceOfSteel"},{"floor":12,"key":"Regen Potion"}],"is_trial":false,"path_per_floor":["M","M","?","?","?","R","M","R","T","M","E","M","?","M","R","B"],"character_chosen":"THE_SIMPLETON","items_purchased":[],"campfire_rested":2,"item_purchase_floors":[],"current_hp_per_floor":[48,44,53,53,36,61,59,59,59,51,31,31,20,15,40,0,0],"gold":243,"neow_bonus":"ONE_RARE_RELIC","is_daily":false,"chose_seed":false,"campfire_upgraded":1,"win_rate":0.0,"timestamp":1610031726,"path_taken":["M","M","?","?","?","R","M","R","T","?","E","M","?","M","R","BOSS"],"items_purchased_type":[],"build_version":"2020-12-22","purchased_purges":0,"victory":false,"max_hp_per_floor":[75,75,84,84,84,84,84,84,84,84,84,84,84,84,84,84,84],"card_choices":[{"not_picked":["TheSimpletonMod:OnionBloom","TheSimpletonMod:Ferment"],"picked":"TheSimpletonMod:PestManagement","floor":1},{"not_picked":["TheSimpletonMod:OnionBloom","TheSimpletonMod:Aerate"],"picked":"TheSimpletonMod:CloseScrape","floor":2},{"not_picked":["TheSimpletonMod:Rototilling","TheSimpletonMod:Ferment","TheSimpletonMod:SeedCoat"],"picked":"SKIP","floor":7},{"not_picked":["TheSimpletonMod:CullingStrike","TheSimpletonMod:RootDown"],"picked":"TheSimpletonMod:Spinach","floor":10},{"not_picked":["TheSimpletonMod:Aerate","TheSimpletonMod:Rototilling"],"picked":"TheSimpletonMod:Innovate","floor":11},{"not_picked":["TheSimpletonMod:OnionBloom","TheSimpletonMod:VineRipen"],"picked":"TheSimpletonMod:Pruning","floor":12},{"not_picked":["TheSimpletonMod:ToughenUp","TheSimpletonMod:SeedCoat"],"picked":"TheSimpletonMod:DoubleBarrel","floor":14}],"player_experience":245746,"relics_obtained":[{"floor":9,"key":"Paper Crane"},{"floor":11,"key":"Gremlin Horn"}],"event_choices":[{"damage_healed":0,"gold_gain":0,"player_choice":"¶ë?","damage_taken":0,"relics_obtained":["PaintedHorse:ReiMu"],"max_hp_gain":0,"max_hp_loss":0,"event_name":"yidonshenshe","floor":4,"gold_loss":40},{"damage_healed":0,"gold_gain":0,"player_choice":"Entered Light","damage_taken":17,"max_hp_gain":0,"max_hp_loss":0,"event_name":"Shining Light","floor":5,"gold_loss":0,"cards_upgraded":["TheSimpletonMod:Strike_TheSimpleton","TheSimpletonMod:Strike_TheSimpleton"]},{"damage_healed":0,"gold_gain":75,"player_choice":"Gather Gold","damage_taken":11,"max_hp_gain":0,"max_hp_loss":0,"event_name":"World of Goop","floor":13,"gold_loss":0}],"is_beta":false,"boss_relics":[],"items_purged_floors":[],"is_endless":false,"potions_floor_spawned":[10,12],"killed_by":"The Guardian","ascension_level":0}}