{"host":"exhp4inpfmbngj23","time":1610034179,"event":{"mods":["Abigail Mod","BaseMod","Beaked The Cultist","Friendly Minions","Gremlin Mod","Kiyohime????","Minty Spire (QoL Compilation)","StSLib","The Alterego"],"gold_per_floor":[113,113,113,38,38,79,79,79,79,99,99,99,117,117,117,238,238,259,259,277,277,293,293,317,317,317,341,9,30,49,68,68,194,194,209,309,329,69,402,402,99,99,99,119,135,135,165,180,180,180,180,180,4,4,4],"floor_reached":54,"playtime":4948,"items_purged":["Injury","Normality"],"score":799,"play_id":"c7676e7c-f4fb-4bb9-a5df-ec3d11c8216c","local_time":"20210107074259","is_ascension_mode":true,"campfire_choices":[{"data":"alterego_mod:Impale","floor":7,"key":"SMITH"},{"data":"alterego_mod:BigMeatyClaws","floor":11,"key":"SMITH"},{"floor":15,"key":"REST"},{"floor":23,"key":"REST"},{"data":"alterego_mod:DiscoLights","floor":25,"key":"SMITH"},{"data":"alterego_mod:IndependentAction","floor":32,"key":"SMITH"},{"data":"alterego_mod:PresenceConcealment","floor":40,"key":"SMITH"},{"floor":42,"key":"RECALL"},{"floor":49,"key":"REST"},{"data":"alterego_mod:Stockings","floor":52,"key":"SMITH"}],"circlet_count":0,"master_deck":["alterego_mod:Strike","alterego_mod:Strike","alterego_mod:Strike","alterego_mod:Strike+1","alterego_mod:Defend","alterego_mod:Defend","alterego_mod:Defend","alterego_mod:Defend","alterego_mod:Impale+1","alterego_mod:BigMeatyClaws+1","alterego_mod:BrynhildrsRune+1","alterego_mod:Rip","alterego_mod:BreastValley","alterego_mod:BreastValley","alterego_mod:Cooking","alterego_mod:Rake","alterego_mod:SakuraFive","alterego_mod:PresenceConcealment+1","alterego_mod:DiscoLights+1","alterego_mod:GoddessCore","alterego_mod:ChallengeComplete","alterego_mod:Undulate+1","alterego_mod:Bounce","alterego_mod:IndependentAction+1","alterego_mod:STier","alterego_mod:Stockings+1","alterego_mod:RidiculouslyBig","Parasite","alterego_mod:BreastValley+1","alterego_mod:1TonWallop","alterego_mod:Undulate","alterego_mod:Stockings+1","alterego_mod:BreastValley"],"relics":["alterego_mod:MasochisticConstitution","White Beast Statue","Ornamental Fan","Cursed Key","Pear","Mercury Hourglass","beaked:MawFillet","Kunai","Lee\u0027s Waffle","Ancient Tea Set","Boot"],"acts_visited":["Exordium","TheCity","TheBeyond","TheEnding"],"potions_floor_usage":[13,16,16,22,22,24,24,29,29,30,33,33,35,37,48,50,50,50],"damage_taken":[{"damage":8,"enemies":"Jaw Worm","floor":1,"turns":3},{"damage":30,"enemies":"Lagavulin","floor":6,"turns":9},{"damage":0,"enemies":"Small Slimes","floor":10,"turns":2},{"damage":11,"enemies":"Cultist","floor":13,"turns":4},{"damage":30,"enemies":"The Guardian","floor":16,"turns":9},{"damage":0,"enemies":"3 Byrds","floor":18,"turns":4},{"damage":5,"enemies":"Chosen","floor":20,"turns":6},{"damage":19,"enemies":"Centurion and Healer","floor":22,"turns":8},{"damage":26,"enemies":"3 Cultists","floor":24,"turns":6},{"damage":2,"enemies":"Chosen and Byrds","floor":27,"turns":5},{"damage":2,"enemies":"Centurion and Healer","floor":29,"turns":7},{"damage":4,"enemies":"Cultist and Chosen","floor":30,"turns":6},{"damage":25,"enemies":"Shelled Parasite and Fungi","floor":31,"turns":8},{"damage":44,"enemies":"Automaton","floor":33,"turns":10},{"damage":40,"enemies":"3 Darklings","floor":35,"turns":8},{"damage":15,"enemies":"3 Shapes","floor":37,"turns":7},{"damage":38,"enemies":"Writhing Mass","floor":44,"turns":8},{"damage":21,"enemies":"4 Shapes","floor":45,"turns":9},{"damage":33,"enemies":"Giant Head","floor":47,"turns":11},{"damage":32,"enemies":"Maw","floor":48,"turns":11},{"damage":38,"enemies":"Awakened One","floor":50,"turns":20},{"damage":124,"enemies":"Shield and Spear","floor":54,"turns":9}],"seed_played":"6584068409531820650","potions_obtained":[{"floor":6,"key":"Energy Potion"},{"floor":10,"key":"LiquidBronze"},{"floor":13,"key":"Fire Potion"},{"floor":16,"key":"Strength Potion"},{"floor":18,"key":"Strength Potion"},{"floor":20,"key":"Explosive Potion"},{"floor":22,"key":"PowerPotion"},{"floor":24,"key":"Explosive Potion"},{"floor":27,"key":"Block Potion"},{"floor":29,"key":"SkillPotion"},{"floor":30,"key":"CultistPotion"},{"floor":31,"key":"DuplicationPotion"},{"floor":33,"key":"Dexterity Potion"},{"floor":35,"key":"LiquidBronze"},{"floor":37,"key":"Fruit Juice"},{"floor":44,"key":"Weak Potion"},{"floor":45,"key":"Fire Potion"},{"floor":48,"key":"SpeedPotion"}],"is_trial":false,"path_per_floor":["M","?","?","$","?","E","R","$","T","M","R","$","M","?","R","B",null,"M","?","M","?","M","R","M","R","T","M","$","M","M","M","R","B",null,"M","?","M","$","?","R","$","R","T","M","M","?","E","M","R","B",null,"R","$","E"],"character_chosen":"The_Alterego","items_purchased":["Mercury Hourglass","alterego_mod:ChallengeComplete","Kunai","Lee\u0027s Waffle","Ancient Tea Set","alterego_mod:BreastValley"],"campfire_rested":3,"item_purchase_floors":[28,28,38,41,41,53],"current_hp_per_floor":[70,70,70,70,54,32,32,32,32,32,32,32,22,22,46,20,81,81,81,82,66,51,77,69,69,79,81,81,90,97,83,83,57,104,86,86,94,94,94,94,118,118,118,88,71,71,42,14,50,16,123,123,123,0,0],"gold":4,"neow_bonus":"TEN_PERCENT_HP_BONUS","is_daily":false,"chose_seed":false,"campfire_upgraded":6,"win_rate":0.0,"timestamp":1610034179,"path_taken":["M","?","?","$","?","E","R","$","T","?","R","?","M","?","R","BOSS","M","?","?","?","M","R","M","R","T","M","$","M","M","M","R","BOSS","M","?","M","?","?","R","?","R","T","?","M","?","E","M","R","BOSS","R","$","E"],"items_purchased_type":["Relic","Card","Relic","Relic","Relic","Card"],"build_version":"2020-12-22","purchased_purges":2,"victory":false,"max_hp_per_floor":[78,78,78,78,78,79,79,79,79,79,79,79,80,80,80,81,81,81,81,82,87,88,88,89,89,99,100,100,101,102,103,103,104,104,105,105,111,111,111,111,118,118,118,119,120,120,121,122,122,123,123,123,123,123,123],"card_choices":[{"not_picked":["alterego_mod:Cooking","alterego_mod:Valentines"],"picked":"alterego_mod:Rip","floor":1},{"not_picked":["alterego_mod:Bloomers","alterego_mod:Pet"],"picked":"alterego_mod:BreastValley","floor":6},{"not_picked":["alterego_mod:HighServant","alterego_mod:Valentines"],"picked":"alterego_mod:BreastValley","floor":10},{"not_picked":["alterego_mod:1TonWallop","alterego_mod:DustData"],"picked":"alterego_mod:Cooking","floor":13},{"not_picked":["alterego_mod:ClassAdvantage","alterego_mod:Lift"],"picked":"alterego_mod:Rake","floor":16},{"not_picked":["alterego_mod:Exercise","alterego_mod:Belts"],"picked":"alterego_mod:Jiggle","floor":18},{"not_picked":["alterego_mod:Pet","alterego_mod:HighServant"],"picked":"alterego_mod:SakuraFive","floor":20},{"not_picked":["alterego_mod:Cushion","alterego_mod:Complex"],"picked":"alterego_mod:PresenceConcealment","floor":22},{"not_picked":["alterego_mod:DeftHands","alterego_mod:Complex+1"],"picked":"alterego_mod:DiscoLights","floor":24},{"not_picked":["alterego_mod:MagicResistance","alterego_mod:Tantrum"],"picked":"alterego_mod:GoddessCore","floor":27},{"not_picked":["alterego_mod:Maid","alterego_mod:1TonWallop"],"picked":"alterego_mod:Undulate+1","floor":29},{"not_picked":["alterego_mod:Santa","alterego_mod:HighServant"],"picked":"alterego_mod:Bounce","floor":30},{"not_picked":["alterego_mod:HighServant","alterego_mod:BeGentle"],"picked":"alterego_mod:IndependentAction","floor":31},{"not_picked":["alterego_mod:PainIsPleasure","alterego_mod:RingBreak"],"picked":"alterego_mod:STier","floor":33},{"not_picked":["alterego_mod:Punishment+1","alterego_mod:Undulate+1"],"picked":"alterego_mod:Stockings+1","floor":35},{"not_picked":["alterego_mod:PerceptionDisorder","alterego_mod:BeGentle+1"],"picked":"alterego_mod:RidiculouslyBig","floor":37},{"not_picked":["alterego_mod:Support","alterego_mod:Maid"],"picked":"alterego_mod:BreastValley+1","floor":44},{"not_picked":["alterego_mod:Rip","alterego_mod:ClassAdvantage"],"picked":"alterego_mod:1TonWallop","floor":45},{"not_picked":["alterego_mod:Schoolgirl","alterego_mod:GoddessCore"],"picked":"alterego_mod:Undulate","floor":47},{"not_picked":["alterego_mod:BustOut","alterego_mod:GoddessCore+1"],"picked":"alterego_mod:Stockings","floor":48}],"player_experience":1901288,"relics_obtained":[{"floor":6,"key":"White Beast Statue"},{"floor":9,"key":"Ornamental Fan"},{"floor":26,"key":"Pear"},{"floor":47,"key":"Boot"}],"event_choices":[{"damage_healed":0,"gold_gain":0,"player_choice":"Take Wound","damage_taken":0,"relics_obtained":["Golden Idol"],"max_hp_gain":0,"max_hp_loss":0,"event_name":"Golden Idol","floor":2,"gold_loss":0,"cards_obtained":["Injury"]},{"damage_healed":0,"gold_gain":0,"player_choice":"Ignored","damage_taken":0,"max_hp_gain":0,"max_hp_loss":0,"event_name":"Golden Wing","floor":3,"gold_loss":0},{"damage_healed":0,"gold_gain":0,"player_choice":"Entered Light","damage_taken":16,"max_hp_gain":0,"max_hp_loss":0,"event_name":"Shining Light","floor":5,"gold_loss":0,"cards_upgraded":["alterego_mod:BrynhildrsRune","alterego_mod:Strike"]},{"damage_healed":0,"gold_gain":0,"player_choice":"Ignored","damage_taken":0,"max_hp_gain":0,"max_hp_loss":0,"event_name":"Liars Game","floor":14,"gold_loss":0},{"cards_removed":["alterego_mod:Jiggle"],"damage_healed":0,"gold_gain":0,"player_choice":"Card Removal","damage_taken":0,"max_hp_gain":0,"max_hp_loss":0,"event_name":"Wheel of Change","floor":19,"gold_loss":0},{"damage_healed":0,"gold_gain":0,"player_choice":"Shed Blood","damage_taken":21,"max_hp_gain":5,"max_hp_loss":0,"event_name":"Forgotten Altar","floor":21,"gold_loss":0},{"damage_healed":0,"gold_gain":100,"player_choice":"Pray","damage_taken":0,"max_hp_gain":0,"max_hp_loss":0,"event_name":"Golden Shrine","floor":36,"gold_loss":0},{"damage_healed":0,"gold_gain":333,"player_choice":"Gave Idol","damage_taken":0,"max_hp_gain":0,"max_hp_loss":0,"event_name":"The Moai Head","floor":39,"relics_lost":["Golden Idol"],"gold_loss":0},{"cards_removed":["Doubt"],"damage_healed":0,"gold_gain":0,"player_choice":"Card Removal","damage_taken":0,"max_hp_gain":0,"max_hp_loss":0,"event_name":"Wheel of Change","floor":46,"gold_loss":0}],"is_beta":false,"boss_relics":[{"not_picked":["Busted Crown","SlaversCollar"],"picked":"Cursed Key"},{"not_picked":["Snecko Eye","Velvet Choker"],"picked":"beaked:MawFillet"}],"items_purged_floors":[4,53],"is_endless":false,"potions_floor_spawned":[6,10,13,16,18,20,22,24,27,29,30,31,33,35,37,44,45,47,48],"killed_by":"Shield and Spear","ascension_level":1}}