{"host":"u7lm8z2rvb4dg2oo","time":1610003480,"event":{"mods":["AchievementEnabler","BaseMod","Colored Map","Colored Powertips","Curses Come First","Googly Eyes","Highlight Path","Minty Spire (QoL Compilation)","Quick Restart","StSLib"],"gold_per_floor":[119,119,133,133,189,227,227,227,251,271,271,310,324,66,66,197,197,213,213,259,278,302,335,348,348,348],"floor_reached":25,"playtime":814,"items_purged":[],"score":490,"play_id":"44d3ef94-6bac-42bc-a6c8-1fbb5f59ee2c","local_time":"20210107021120","is_ascension_mode":true,"campfire_choices":[{"data":"Eruption","floor":8.0,"key":"SMITH"},{"floor":15.0,"key":"REST"}],"circlet_count":0,"master_deck":["AscendersBane","Strike_P","Strike_P+1","Strike_P","Strike_P+1","Defend_P","Defend_P","Defend_P","Defend_P","Eruption+1","Vigilance","ReachHeaven","BattleHymn+1","CutThroughFate","Prostrate","Blasphemy","Normality","Establishment+1","FlurryOfBlows","Pray"],"relics":["PureWater","NeowsBlessing","Golden Idol","Potion Belt","Akabeko","Frozen Egg 2","Gambling Chip","Kunai","Cursed Key","Whetstone","Bottled Lightning"],"acts_visited":["Exordium","TheCity"],"potions_floor_usage":[],"damage_taken":[{"damage":0.0,"enemies":"Jaw Worm","floor":1.0,"turns":1.0},{"damage":0.0,"enemies":"Small Slimes","floor":3.0,"turns":1.0},{"damage":0.0,"enemies":"Lagavulin","floor":6.0,"turns":1.0},{"damage":0.0,"enemies":"Cultist","floor":10.0,"turns":2.0},{"damage":5.0,"enemies":"3 Sentries","floor":12.0,"turns":3.0},{"damage":0.0,"enemies":"Exordium Wildlife","floor":13.0,"turns":3.0},{"damage":0.0,"enemies":"Slime Boss","floor":16.0,"turns":4.0},{"damage":21.0,"enemies":"3 Byrds","floor":18.0,"turns":5.0},{"damage":0.0,"enemies":"Spheric Guardian","floor":21.0,"turns":2.0},{"damage":1.0,"enemies":"Snecko","floor":22.0,"turns":3.0},{"damage":40.0,"enemies":"Slavers","floor":23.0,"turns":3.0},{"damage":0,"enemies":"Sentry and Sphere","floor":24,"turns":2},{"damage":14,"enemies":"Book of Stabbing","floor":25,"turns":2}],"seed_played":"-5875988011979459679","potions_obtained":[{"floor":1.0,"key":"Energy Potion"},{"floor":3.0,"key":"Explosive Potion"},{"floor":12.0,"key":"Ancient Potion"},{"floor":13.0,"key":"Swift Potion"},{"floor":18.0,"key":"Swift Potion"},{"floor":24,"key":"SneckoOil"}],"is_trial":false,"path_per_floor":["M","?","M","?","?","E","?","R","T","M","T","E","M","$","R","B",null,"M","?","T","M","M","E","M","E"],"character_chosen":"WATCHER","items_purchased":["Kunai"],"campfire_rested":1,"item_purchase_floors":[14],"current_hp_per_floor":[65,47,47,47,47,47,47,47,47,47,47,42,42,42,63,63,70,49,49,49,49,48,8,8,0,0],"gold":348,"neow_bonus":"THREE_ENEMY_KILL","is_daily":false,"chose_seed":false,"campfire_upgraded":1,"win_rate":0.0,"timestamp":1610003480,"path_taken":["M","?","M","?","?","E","?","R","T","?","?","E","M","$","R","BOSS","M","?","?","M","M","E","M","E"],"items_purchased_type":["Relic"],"build_version":"2020-12-22","purchased_purges":0,"victory":false,"max_hp_per_floor":[72,72,72,72,72,72,72,72,72,72,72,72,72,72,72,72,72,72,72,72,72,72,72,72,72,72],"card_choices":[{"not_picked":["Nirvana","Conclude"],"picked":"ReachHeaven","floor":1.0},{"not_picked":["WreathOfFlame","EmptyFist","Pray"],"picked":"SKIP","floor":3.0},{"not_picked":["CutThroughFate","Evaluate"],"picked":"BattleHymn","floor":6.0},{"not_picked":["Consecrate","WindmillStrike"],"picked":"CutThroughFate","floor":10.0},{"not_picked":["CutThroughFate","DeceiveReality"],"picked":"Prostrate","floor":12.0},{"not_picked":["MentalFortress+1","Evaluate","ForeignInfluence"],"picked":"SKIP","floor":13.0},{"not_picked":["MasterReality+1","Brilliance"],"picked":"Blasphemy","floor":16.0},{"not_picked":["FollowUp+1","Consecrate","ClearTheMind"],"picked":"SKIP","floor":18.0},{"not_picked":["BowlingBash","Protect","Consecrate"],"picked":"SKIP","floor":21.0},{"not_picked":["JustLucky","SandsOfTime"],"picked":"Establishment+1","floor":22.0},{"not_picked":["ReachHeaven","Protect"],"picked":"FlurryOfBlows","floor":23.0},{"not_picked":["JustLucky","FlyingSleeves"],"picked":"Pray","floor":24}],"player_experience":1111509,"relics_obtained":[{"floor":6.0,"key":"Potion Belt"},{"floor":9.0,"key":"Akabeko"},{"floor":11.0,"key":"Frozen Egg 2"},{"floor":12.0,"key":"Gambling Chip"},{"floor":20.0,"key":"Whetstone"},{"floor":23.0,"key":"Bottled Lightning"}],"event_choices":[{"damage_healed":0.0,"max_hp_gain":0.0,"max_hp_loss":0.0,"gold_gain":0.0,"event_name":"Golden Idol","player_choice":"Take Damage","floor":2.0,"gold_loss":0.0,"damage_taken":18.0,"relics_obtained":["Golden Idol"]},{"damage_healed":0.0,"max_hp_gain":0.0,"max_hp_loss":0.0,"gold_gain":0.0,"event_name":"Shining Light","player_choice":"Ignored","floor":4.0,"gold_loss":0.0,"damage_taken":0.0},{"damage_healed":0.0,"max_hp_gain":0.0,"max_hp_loss":0.0,"gold_gain":56.0,"event_name":"Golden Wing","player_choice":"Gained Gold","floor":5.0,"gold_loss":0.0,"damage_taken":0.0},{"damage_healed":0.0,"max_hp_gain":0.0,"max_hp_loss":0.0,"gold_gain":0.0,"event_name":"Upgrade Shrine","player_choice":"Upgraded","floor":7.0,"gold_loss":0.0,"damage_taken":0.0,"cards_upgraded":["BattleHymn"]},{"damage_healed":0.0,"max_hp_gain":0.0,"max_hp_loss":0.0,"gold_gain":0.0,"event_name":"Beggar","player_choice":"Ignored","floor":19.0,"gold_loss":0.0,"damage_taken":0.0}],"is_beta":false,"boss_relics":[{"not_picked":["Tiny House","Coffee Dripper"],"picked":"Cursed Key"}],"items_purged_floors":[],"is_endless":false,"potions_floor_spawned":[1,3,12,13,18,24],"killed_by":"Book of Stabbing","ascension_level":12}}