{"host":"3oax8yz66k5njorr","time":1610041143,"event":{"mods":["AchievementEnabler","BaseMod","Colored Map","Colored Powertips","DeckTracker","Minty Spire (QoL Compilation)"],"gold_per_floor":[115,134,148,159,170,187,522,533,533,533,549,569,601,611,611,711,711,726,280,299,224,237,237,237],"floor_reached":23,"playtime":1875,"items_purged":["Defend_R"],"score":222,"play_id":"3fb3a954-9c9b-4dc5-81a1-0d9d860b1c25","local_time":"20210108023903","is_ascension_mode":true,"campfire_choices":[{"floor":10.0,"key":"REST"},{"data":"Armaments","floor":15.0,"key":"SMITH"}],"circlet_count":0,"master_deck":["Strike_R","Strike_R","Strike_R","Strike_R+1","Strike_R","Defend_R","Defend_R","Bash","Disarm","Inflame","Anger","Sword Boomerang+1","Shrug It Off","Perfected Strike","Armaments+1","Headbutt","Immolate","Pommel Strike+1","Limit Break","Demon Form","Clothesline","Perfected Strike"],"relics":["Black Blood","Old Coin","Omamori","Eternal Feather","Whetstone"],"acts_visited":["Exordium","TheCity"],"potions_floor_usage":[16,16,23,23],"damage_taken":[{"damage":0.0,"enemies":"Small Slimes","floor":1.0,"turns":3.0},{"damage":12.0,"enemies":"Jaw Worm","floor":2.0,"turns":5.0},{"damage":5.0,"enemies":"2 Louse","floor":3.0,"turns":3.0},{"damage":16.0,"enemies":"Looter","floor":4.0,"turns":4.0},{"damage":23.0,"enemies":"Exordium Wildlife","floor":5.0,"turns":5.0},{"damage":9.0,"enemies":"Red Slaver","floor":6.0,"turns":3.0},{"damage":28.0,"enemies":"Gremlin Nob","floor":7.0,"turns":4.0},{"damage":9.0,"enemies":"Large Slime","floor":8.0,"turns":7.0},{"damage":9.0,"enemies":"Blue Slaver","floor":11.0,"turns":5.0},{"damage":5.0,"enemies":"Looter","floor":12.0,"turns":3.0},{"damage":28.0,"enemies":"Lagavulin","floor":13.0,"turns":5.0},{"damage":9.0,"enemies":"3 Louse","floor":14.0,"turns":3.0},{"damage":50,"enemies":"Slime Boss","floor":16,"turns":12},{"damage":22,"enemies":"Spheric Guardian","floor":18,"turns":5},{"damage":46,"enemies":"2 Thieves","floor":20,"turns":4},{"damage":30,"enemies":"Snake Plant","floor":22,"turns":4},{"damage":28,"enemies":"Gremlin Leader","floor":23,"turns":5}],"seed_played":"2291122209745380415","potions_obtained":[{"floor":3.0,"key":"EssenceOfSteel"},{"floor":4.0,"key":"LiquidBronze"},{"floor":6.0,"key":"DistilledChaos"},{"floor":8.0,"key":"BlessingOfTheForge"},{"floor":11.0,"key":"CultistPotion"},{"floor":14.0,"key":"Regen Potion"},{"floor":22,"key":"SpeedPotion"}],"is_trial":false,"path_per_floor":["M","M","M","M","M","M","E","M","T","R","M","M","E","M","R","B",null,"M","$","M","?","M","E"],"character_chosen":"IRONCLAD","items_purchased":["Limit Break","Demon Form","Whetstone"],"campfire_rested":1,"item_purchase_floors":[19,19,19],"current_hp_per_floor":[88,82,83,73,56,53,31,28,28,54,51,52,30,27,36,7,88,78,78,44,44,26,0,0],"gold":237,"neow_bonus":"TEN_PERCENT_HP_BONUS","is_daily":false,"chose_seed":false,"campfire_upgraded":1,"win_rate":0.0,"timestamp":1610041143,"path_taken":["M","M","M","M","M","M","E","M","T","R","M","M","E","M","R","BOSS","M","$","M","?","M","E"],"items_purchased_type":["Card","Card","Relic"],"build_version":"2020-12-22","purchased_purges":1,"victory":false,"max_hp_per_floor":[88,88,88,88,88,88,88,88,88,88,88,88,88,88,88,88,88,88,88,88,88,88,88,88],"card_choices":[{"not_picked":["Heavy Blade","Reckless Charge"],"picked":"Disarm","floor":1.0},{"not_picked":["Iron Wave","Blood for Blood"],"picked":"Inflame","floor":2.0},{"not_picked":["Power Through","Body Slam","Thunderclap"],"picked":"SKIP","floor":3.0},{"not_picked":["Warcry","Fire Breathing"],"picked":"Anger","floor":4.0},{"not_picked":["Iron Wave","Cleave"],"picked":"Sword Boomerang","floor":5.0},{"not_picked":["Berserk","Dual Wield","Rupture"],"picked":"SKIP","floor":6.0},{"not_picked":["Bludgeon","Infernal Blade"],"picked":"Shrug It Off","floor":7.0},{"not_picked":["Infernal Blade","Blood for Blood","Wild Strike"],"picked":"SKIP","floor":8.0},{"not_picked":["Feel No Pain","Cleave"],"picked":"Perfected Strike","floor":11.0},{"not_picked":["Second Wind","Wild Strike","Thunderclap"],"picked":"SKIP","floor":12.0},{"not_picked":["Rupture","Feel No Pain"],"picked":"Armaments","floor":13.0},{"not_picked":["Clash","Havoc"],"picked":"Headbutt","floor":14.0},{"not_picked":["Brutality","Reaper"],"picked":"Immolate","floor":16},{"not_picked":["Anger","Armaments"],"picked":"Pommel Strike+1","floor":18},{"not_picked":["Wild Strike","Rampage"],"picked":"Clothesline","floor":20},{"not_picked":["Clash","Ghostly Armor"],"picked":"Perfected Strike","floor":22}],"player_experience":27254,"relics_obtained":[{"floor":7.0,"key":"Old Coin"},{"floor":9.0,"key":"Omamori"},{"floor":13.0,"key":"Eternal Feather"}],"event_choices":[{"cards_removed":["Defend_R"],"damage_healed":0,"gold_gain":0,"player_choice":"Gave Gold","damage_taken":0,"max_hp_gain":0,"max_hp_loss":0,"event_name":"Beggar","floor":21,"gold_loss":75}],"is_beta":false,"boss_relics":[{"not_picked":["Mark of Pain","Cursed Key"],"picked":"Black Blood"}],"items_purged_floors":[19],"is_endless":false,"potions_floor_spawned":[3,4,6,8,11,14,22],"killed_by":"Gremlin Leader","ascension_level":1}}