{"host":"ueaobptuyu87ouwy","time":1610024415,"event":{"mods":["Aspiration","Bard","BaseMod","Better Altar","Better Match","Better Note","Better Sensory Stone","Better Skull","Better Third Choice","BetterRewards","CCEM","Colored Map","Conspire","Downfall","GifTheSpireLib","GungeonMod","Halation","Hermit","Highlight Path","Hubris","Infinite Spire","Jedi Mod","Jorbs\u0027s Wanderer Trilogy","Marisa????????","Marked Mod","Mimic Mod","Minty Spire (QoL Compilation)","Permanent Neow","Replay The Spire","Shop Mod","Small Relic Pack","StSLib","Stuff the Spire","The Runesmith","Unceasing Turn Reminder","everything is the same but u backflip on backflip","slay the spire mod where everything is the same but ironclad has a cowboy hat"],"gold_per_floor":[118,118,129,95,95,45,45,64,64,77,108,128,128,138,138,138,138],"floor_reached":16,"playtime":1026,"items_purged":[],"score":92,"play_id":"c3e45e42-37e7-468e-8894-9e777a4f5fc3","local_time":"20210107210015","is_ascension_mode":false,"campfire_choices":[{"floor":7,"key":"REST"},{"data":"DemoMod:RustySidearm","floor":13,"key":"SMITH"},{"data":"DemoMod:DoubleVision","floor":15,"key":"SMITH"}],"circlet_count":0,"master_deck":["DemoMod:Strike_Huntress","DemoMod:Strike_Huntress","DemoMod:Strike_Huntress","DemoMod:Defend_Huntress","DemoMod:Defend_Huntress","DemoMod:Defend_Huntress","DemoMod:Defend_Huntress","DemoMod:Roll","DemoMod:ManualReload","DemoMod:RustySidearm+1","DemoMod:CrossBow","DemoMod:DirectionalPad","DemoMod:JK47","DemoMod:DoubleVision+1","Regret","DemoMod:DoubleSwitch","DemoMod:GunstockTap","DemoMod:MegaHand","DemoMod:AWP","DemoMod:FightSabre"],"relics":["DemoMod:Dog","relicPack:DSword","StuffTheSpire:RedRose","infinitespire:Bottled Soul","Replay:Rubber Ducky","Potion Belt"],"acts_visited":["Exordium"],"potions_floor_usage":[16],"damage_taken":[{"damage":5,"enemies":"Small Slimes","floor":1,"turns":9},{"damage":0,"enemies":"2 Louse","floor":3,"turns":3},{"damage":3,"enemies":"Jaw Worm","floor":8,"turns":3},{"damage":5,"enemies":"Gremlin Gang","floor":10,"turns":4},{"damage":4,"enemies":"Blue Slaver","floor":11,"turns":5},{"damage":4,"enemies":"Blue Slaver","floor":12,"turns":4},{"damage":3,"enemies":"Red Slaver","floor":14,"turns":3},{"damage":33,"enemies":"The Guardian","floor":16,"turns":5}],"seed_played":"3843280269466937007","potions_obtained":[{"floor":3,"key":"sneckomod:MuddlingPotion"},{"floor":8,"key":"SkillPotion"},{"floor":14,"key":"DemoMod:LeadSkinPotion"}],"is_trial":false,"path_per_floor":["M","?","M","?","?","$","R","M","T","M","?","M","R","M","R","B"],"character_chosen":"HUNTRESS","items_purchased":["DemoMod:DoubleSwitch"],"campfire_rested":1,"item_purchase_floors":[6],"current_hp_per_floor":[65,30,30,30,30,30,51,48,48,43,39,35,35,32,32,0,0],"gold":138,"neow_bonus":"THREE_CARDS","is_daily":false,"chose_seed":false,"campfire_upgraded":2,"win_rate":0.0,"timestamp":1610024415,"path_taken":["M","?","M","?","?","?","R","M","T","M","?","?","R","M","R","BOSS"],"items_purchased_type":["Card"],"build_version":"2020-12-13","purchased_purges":0,"victory":false,"max_hp_per_floor":[70,70,70,70,70,70,70,70,70,70,70,70,70,70,70,70,70],"card_choices":[{"not_picked":["DemoMod:LifeOrb","DemoMod:Purify"],"picked":"DemoMod:DirectionalPad","floor":0},{"not_picked":["DemoMod:BoxingGlove","DemoMod:HuntsMan"],"picked":"DemoMod:JK47","floor":1},{"not_picked":["DemoMod:AC15","DemoMod:Camera"],"picked":"DemoMod:DoubleVision","floor":3},{"not_picked":["DemoMod:CursedBullets","DemoMod:LifeOrb"],"picked":"DemoMod:GunstockTap","floor":8},{"not_picked":["DemoMod:RadGun","DemoMod:HardPowerCard"],"picked":"DemoMod:MegaHand","floor":10},{"not_picked":["DemoMod:StickyCrossBow","DemoMod:Polaris"],"picked":"DemoMod:AWP","floor":11},{"not_picked":["DemoMod:MachoBrace","DemoMod:JK47","DemoMod:BoxingGlove"],"picked":"SKIP","floor":12},{"not_picked":["DemoMod:LifeOrb","DemoMod:AWP"],"picked":"DemoMod:FightSabre","floor":14}],"player_experience":59280,"relics_obtained":[{"floor":9,"key":"infinitespire:Bottled Soul"},{"floor":11,"key":"Replay:Rubber Ducky"},{"floor":12,"key":"Potion Belt"}],"event_choices":[{"damage_healed":0,"gold_gain":0,"player_choice":"Left","damage_taken":0,"max_hp_gain":0,"max_hp_loss":0,"event_name":"betterThird:BetterGoop","floor":4,"gold_loss":34}],"is_beta":false,"boss_relics":[],"items_purged_floors":[],"is_endless":false,"potions_floor_spawned":[3,8,14],"killed_by":"The Guardian","ascension_level":0}}