{"host":"r428wgyz1934czl7","time":1610026038,"event":{"mods":["100% Spire Juice","2.2 Compatiblity","Act Like it!","Aspiration","Bard","BaseMod","Beaked The Cultist","Bestiary","Better Altar","Better Match","Better Note","Better Sensory Stone","Better Skull","Better Third Choice","CCEM","CapriCore","Conspire","Displayed Cursed Tome","Duelist Mod","Elementarium","Gensokyo","GifTheSpireLib","Hubris","Infinite Spire","Jedi Mod","Jorbs\u0027s Wanderer Trilogy","Menagerie","Minty Spire (QoL Compilation)","Prisma Mod","Replay The Spire","Robot Space Explorer","Spicy Shops","StSLib","Stuff the Spire","The Alterego","The Animator","The Dragon Tamer","The Gatherer","The Immortal","The Marked","The Poker Player","WarShipGirlsR/??¤Ö¤kR mod","vexMod"],"gold_per_floor":[119,137,147,160,160,187,187,200,200,200,200,200,236,17,17,119,119,130,130,143,156,78,78,78,78,126,140,166,177,187,200,200,200,200],"floor_reached":33,"playtime":1862,"items_purged":["Injury"],"score":296,"play_id":"4e94d137-49d6-4479-8237-a2791e66f047","local_time":"20210107212718","is_ascension_mode":false,"campfire_choices":[{"data":"PrismaMod:ChloeEyeOfTheEuryale","floor":10,"key":"SMITH"},{"floor":15,"key":"RECALL"},{"floor":23,"key":"REST"},{"floor":32,"key":"REST"}],"circlet_count":0,"master_deck":["PrismaMod:ChloeCommonAttack","PrismaMod:ChloeCommonAttack","PrismaMod:ChloeCommonAttack","PrismaMod:ChloeCommonAttack","PrismaMod:ChloeCommonAttack","PrismaMod:ChloeCommonDefend","PrismaMod:ChloeCommonDefend","PrismaMod:ChloeCommonDefend","PrismaMod:ChloeCommonDefend","PrismaMod:ChloeCommonDefend","PrismaMod:ChloeCheapAttack","PrismaMod:ChloeCheapDefend+1","PrismaMod:ChloeCheapAttack","PrismaMod:ChloeCheapDefend+1","PrismaMod:ChloeUncommonAttack","PrismaMod:ChloeExcalibur","PrismaMod:ChloeCommonAOEAttack","PrismaMod:ChloeEyeOfTheEuryale+1","Transmutation","Bandage Up","ReplayTheSpireMod:Private Reserves","PrismaMod:ChloeEyeOfTheEuryale+1","PrismaMod:ChloeCarnivalAttack+1","PrismaMod:ChloeCarnivalAttack+1","PrismaMod:ChloeCheapAttackTwo+1","PrismaMod:ChloeUncommonDefend+1","PrismaMod:ChloeUncommonAOEAttack+1","Gensokyo:BlemishedSteel","PrismaMod:ChloeGaeBolg+1","PrismaMod:ChloeCheapDefendTwo+1","PrismaMod:ChloeUncommonAOEAttack+1","PrismaMod:ChloeCommonAOEAttack+1","PrismaMod:ChloeCaladbolg+1"],"relics":["PrismaMod:PrismaTraceOn","NeowsBlessing","jedi:shrinkray","Molten Egg 2","ReplayTheSpireMod:ShopPack","conspire:SeveredTorchhead","Gensokyo:ConquerorOfFear","StuffTheSpire:ForceGauntlet","StuffTheSpire:Barrel","Toy Ornithopter"],"acts_visited":["Exordium","Gensokyo:Gensokyoer"],"potions_floor_usage":[8,13],"damage_taken":[{"damage":0,"enemies":"conspire:RoseBush","floor":1,"turns":1},{"damage":0,"enemies":"2 Louse","floor":2,"turns":1},{"damage":0,"enemies":"Small Slimes","floor":3,"turns":1},{"damage":0,"enemies":"2 Fungi Beasts","floor":4,"turns":4},{"damage":0,"enemies":"Lagavulin","floor":6,"turns":2},{"damage":8,"enemies":"Blue Slaver","floor":8,"turns":2},{"damage":2,"enemies":"Gremlin Gang","floor":13,"turns":4},{"damage":26,"enemies":"Hexaghost","floor":16,"turns":7},{"damage":20,"enemies":"Gensokyo:3_Dogs","floor":18,"turns":3},{"damage":0,"enemies":"Gensokyo:Chomper","floor":20,"turns":3},{"damage":20,"enemies":"Gensokyo:Swordslinger","floor":21,"turns":5},{"damage":17,"enemies":"Gensokyo:Monolith_and_Dog","floor":27,"turns":4},{"damage":14,"enemies":"Gensokyo:Reisen","floor":28,"turns":5},{"damage":0,"enemies":"Gensokyo:Chomper_and_Gloop","floor":29,"turns":3},{"damage":26,"enemies":"Gensokyo:Swordslinger","floor":30,"turns":3},{"damage":2,"enemies":"Gensokyo:Slime_Group","floor":31,"turns":3},{"damage":61,"enemies":"Gensokyo:Kaguya","floor":33,"turns":6}],"seed_played":"2188714361562182175","potions_obtained":[{"floor":2,"key":"Swift Potion"},{"floor":3,"key":"PowerPotion"},{"floor":4,"key":"SkillPotion"},{"floor":16,"key":"conspire:TimeTravelPotion"},{"floor":21,"key":"jedi:StrikingPotion"},{"floor":27,"key":"Fire Potion"}],"is_trial":false,"path_per_floor":["M","M","M","M","?","E","?","M","T","R","?","$","M","$","R","B",null,"M","?","M","M","COS","R","?","?","T","M","E","M","M","M","R","B"],"character_chosen":"CHLOE","items_purchased":["ReplayTheSpireMod:ShopPack","PrismaMod:ChloeCarnivalAttack+1"],"campfire_rested":2,"item_purchase_floors":[12,14],"current_hp_per_floor":[75,75,75,75,60,60,53,45,45,45,45,37,39,39,39,17,75,59,59,63,47,47,69,69,69,69,56,46,50,28,30,52,0,0],"gold":200,"neow_bonus":"THREE_ENEMY_KILL","is_daily":false,"chose_seed":false,"campfire_upgraded":1,"win_rate":0.0,"timestamp":1610026038,"path_taken":["M","?","M","M","?","E","?","?","T","R","?","?","M","$","R","BOSS","M","?","M","M","COS","R","?","?","T","M","E","?","M","M","R","BOSS"],"items_purchased_type":["Relic","Card"],"build_version":"2020-12-22","purchased_purges":1,"victory":false,"max_hp_per_floor":[75,75,75,75,75,75,75,75,75,75,75,75,75,75,75,75,75,75,75,75,75,75,75,75,75,75,75,75,75,75,75,75,75,75],"card_choices":[{"not_picked":["PrismaMod:ChloeMaid","PrismaMod:ChloeChristmas"],"picked":"PrismaMod:ChloeCheapAttack","floor":1},{"not_picked":["PrismaMod:ChloeCheapAttack","PrismaMod:ChloeCheapDefendTwo"],"picked":"PrismaMod:ChloeCheapDefend","floor":2},{"not_picked":["PrismaMod:ChloeCheapAttack","PrismaMod:ChloeCheapDefendTwo"],"picked":"PrismaMod:ChloeUncommonAttack","floor":3},{"not_picked":["PrismaMod:ChloeCheapDefend","PrismaMod:ChloeUncommonDefend"],"picked":"PrismaMod:ChloeExcalibur","floor":4},{"not_picked":["PrismaMod:ChloeCheapAttackTwo","PrismaMod:ChloeBetterTracePools"],"picked":"PrismaMod:ChloeCommonAOEAttack","floor":6},{"not_picked":["PrismaMod:ChloeCommonAOEAttack","PrismaMod:ChloeCaladbolg"],"picked":"PrismaMod:ChloeEyeOfTheEuryale","floor":8},{"not_picked":["Poisoned Strike","HandOfGreed"],"picked":"Transmutation","floor":12},{"not_picked":["hubris:Ssssneak","Flash of Steel"],"picked":"Bandage Up","floor":12},{"not_picked":["Purity","Bandage Up"],"picked":"ReplayTheSpireMod:Private Reserves","floor":12},{"not_picked":["PrismaMod:ChloeMordred","PrismaMod:ChloeExhaustTwo"],"picked":"PrismaMod:ChloeEyeOfTheEuryale+1","floor":13},{"not_picked":["PrismaMod:ChloeAnyCommonTrace","PrismaMod:ChloeExhaustThree"],"picked":"PrismaMod:ChloeCarnivalAttack+1","floor":16},{"not_picked":["PrismaMod:ChloeCheapAttack+1","PrismaMod:ChloeDiscardRecovery"],"picked":"PrismaMod:ChloeCheapAttackTwo+1","floor":18},{"not_picked":["PrismaMod:ChloeBetterTracePools","PrismaMod:ChloeDiscardRecovery"],"picked":"PrismaMod:ChloeUncommonDefend+1","floor":20},{"not_picked":["PrismaMod:ChloeCheapDefend+1","PrismaMod:ChloeExhaustOne"],"picked":"PrismaMod:ChloeUncommonAOEAttack+1","floor":21},{"not_picked":["PrismaMod:ChloeCheapAttackTwo+1","PrismaMod:ChloeCarnivalAOEAttack+1"],"picked":"PrismaMod:ChloeGaeBolg+1","floor":27},{"not_picked":["PrismaMod:ChloeExhaustOne","PrismaMod:ChloeCheapAttack+1"],"picked":"PrismaMod:ChloeCheapDefendTwo+1","floor":28},{"not_picked":["PrismaMod:ChloeExhaustOne","PrismaMod:ChloeDiscardRecovery"],"picked":"PrismaMod:ChloeUncommonAOEAttack+1","floor":29},{"not_picked":["PrismaMod:ChloeCheapDefendTwo","PrismaMod:ChloeGreatTracePools"],"picked":"PrismaMod:ChloeCommonAOEAttack+1","floor":30},{"not_picked":["PrismaMod:ChloeCheapDefend","PrismaMod:ChloeCheapDefendTwo+1"],"picked":"PrismaMod:ChloeCaladbolg+1","floor":31}],"player_experience":175064,"relics_obtained":[{"floor":6,"key":"jedi:shrinkray"},{"floor":26,"key":"StuffTheSpire:Barrel"},{"floor":27,"key":"Gensokyo:ConquerorOfFear"},{"floor":28,"key":"Toy Ornithopter"}],"event_choices":[{"damage_healed":75,"gold_gain":0,"player_choice":"Upgrade","damage_taken":15,"max_hp_gain":0,"max_hp_loss":75,"event_name":"betterThird:BetterShining","floor":5,"gold_loss":0,"cards_upgraded":["PrismaMod:ChloeCheapDefend","PrismaMod:ChloeCheapDefend"]},{"damage_healed":0,"gold_gain":0,"player_choice":"Damaged","damage_taken":7,"max_hp_gain":0,"max_hp_loss":0,"event_name":"Wheel of Change","floor":7,"gold_loss":0}],"is_beta":false,"boss_relics":[{"not_picked":["SlaversCollar","vexMod:NewClearReactor"],"picked":"conspire:SeveredTorchhead"}],"items_purged_floors":[14],"is_endless":false,"potions_floor_spawned":[2,3,4,16,21,27,28,30],"killed_by":"Gensokyo:Kaguya","ascension_level":0}}