{"host":"artti7o26te9gn1a","time":1610045400,"event":{"mods":["AchievementEnabler","BaseMod","Beaked The Cultist","BetterRewards","Downfall","Minty Spire (QoL Compilation)","StSLib","Trackpad"],"gold_per_floor":[115,133,150,150,166,199,199,274,274,313,313,326,16,39,39,132,132,148,166,83,103,103,103,103],"floor_reached":23,"playtime":1173,"items_purged":["Strike_B","Strike_B","Defend_B"],"score":561,"play_id":"c78a8dcf-3d44-46e0-8c3c-aed502576caa","local_time":"20210107195000","is_ascension_mode":true,"campfire_choices":[{"floor":7,"key":"REST"},{"data":"Defragment","floor":11,"key":"SMITH"},{"data":"Recycle","floor":15,"key":"SMITH"}],"circlet_count":0,"master_deck":["AscendersBane","Strike_B","Strike_B","Defend_B","Defend_B","Defend_B","Zap","Dualcast","Static Discharge","Conserve Battery","Rebound","Go for the Eyes","Seek","Self Repair","Conserve Battery","Defragment+1","Hologram","Barrage","Rebound","Streamline","Echo Form","Leap","Gash","Recycle+1","Glacier","Coolheaded","Self Repair","Sweeping Beam","All For One","Beam Cell","Undo","Capacitor","Barrage","RitualDagger"],"relics":["Cracked Core","Runic Capacitor","Nunchaku","HornCleat","Golden Idol","trackpad:IciclePrecepts","Kunai","trackpad:PetRock","Sozu"],"acts_visited":["Exordium","TheCity"],"potions_floor_usage":[23,23],"damage_taken":[{"damage":12,"enemies":"Jaw Worm","floor":1,"turns":5},{"damage":0,"enemies":"Small Slimes","floor":2,"turns":4},{"damage":9,"enemies":"2 Louse","floor":3,"turns":3},{"damage":15,"enemies":"Large Slime","floor":5,"turns":5},{"damage":18,"enemies":"Gremlin Nob","floor":6,"turns":4},{"damage":20,"enemies":"Lagavulin","floor":10,"turns":6},{"damage":0,"enemies":"2 Fungi Beasts","floor":12,"turns":4},{"damage":3,"enemies":"Lots of Slimes","floor":14,"turns":4},{"damage":34,"enemies":"Slime Boss","floor":16,"turns":10},{"damage":0,"enemies":"Chosen","floor":18,"turns":5},{"damage":16,"enemies":"Shell Parasite","floor":19,"turns":5},{"damage":10,"enemies":"Sentry and Sphere","floor":21,"turns":4},{"damage":50,"enemies":"Slavers","floor":23,"turns":3}],"seed_played":"5052180530419398637","potions_obtained":[{"floor":2,"key":"Block Potion"},{"floor":3,"key":"Fire Potion"},{"floor":12,"key":"DuplicationPotion"}],"is_trial":false,"path_per_floor":["M","M","M","?","M","E","R","?","T","E","R","M","$","M","R","B",null,"M","M","$","M","?","E"],"character_chosen":"DEFECT","items_purchased":["Runic Capacitor","Static Discharge","Conserve Battery","Nunchaku","Rebound","Go for the Eyes","HornCleat","Seek","Self Repair","Conserve Battery","Defragment","Hologram","Glacier","Coolheaded","Self Repair","Capacitor"],"campfire_rested":1,"item_purchase_floors":[0,0,0,0,0,0,0,0,0,0,0,0,13,13,13,20],"current_hp_per_floor":[59,66,57,57,49,31,50,39,39,33,33,33,33,44,44,24,54,61,59,59,49,43,0,0],"gold":103,"neow_bonus":"","is_daily":false,"chose_seed":false,"campfire_upgraded":2,"win_rate":0.0,"timestamp":1610045400,"path_taken":["M","M","M","?","M","E","R","?","T","E","R","M","$","M","R","BOSS","M","M","$","M","?","E"],"items_purchased_type":["Relic","Card","Card","Relic","Card","Card","Relic","Card","Card","Card","Card","Card","Card","Card","Card","Card"],"build_version":"2020-12-22","purchased_purges":3,"victory":false,"max_hp_per_floor":[71,71,71,64,64,64,64,64,64,64,64,64,64,64,64,64,64,64,64,64,64,64,64,64],"card_choices":[{"not_picked":["Doom and Gloom","Steam Power"],"picked":"Barrage","floor":1},{"not_picked":["Rip and Tear","Sweeping Beam"],"picked":"Rebound","floor":2},{"not_picked":["Leap","Conserve Battery"],"picked":"Streamline","floor":3},{"not_picked":["Chill","Darkness"],"picked":"Echo Form","floor":5},{"not_picked":["Reprogram","Auto Shields"],"picked":"Leap","floor":6},{"not_picked":["Darkness","Force Field"],"picked":"Gash","floor":10},{"not_picked":["Redo","Hello World"],"picked":"Recycle","floor":12},{"not_picked":["Streamline","Ball Lightning"],"picked":"Sweeping Beam","floor":14},{"not_picked":["Multi-Cast","Meteor Strike"],"picked":"All For One","floor":16},{"not_picked":["White Noise","Steam"],"picked":"Beam Cell","floor":18},{"not_picked":["Beam Cell","Storm+1"],"picked":"Undo","floor":19},{"not_picked":["Conserve Battery","Reprogram"],"picked":"Barrage","floor":21}],"player_experience":764710,"relics_obtained":[{"floor":6,"key":"trackpad:IciclePrecepts"},{"floor":9,"key":"Kunai"},{"floor":10,"key":"trackpad:PetRock"}],"event_choices":[{"damage_healed":0,"gold_gain":0,"player_choice":"Lose Max HP","damage_taken":0,"relics_obtained":["Golden Idol"],"max_hp_gain":0,"max_hp_loss":7,"event_name":"Golden Idol","floor":4,"gold_loss":0},{"damage_healed":0,"gold_gain":75,"player_choice":"Gather Gold","damage_taken":11,"max_hp_gain":0,"max_hp_loss":0,"event_name":"World of Goop","floor":8,"gold_loss":0},{"damage_healed":0,"gold_gain":0,"player_choice":"Joined the Cult","damage_taken":6,"max_hp_gain":0,"max_hp_loss":0,"event_name":"Nest","floor":22,"gold_loss":0,"cards_obtained":["RitualDagger"]}],"is_beta":false,"boss_relics":[{"not_picked":["Velvet Choker","trackpad:Trackpad"],"picked":"Sozu"}],"items_purged_floors":[0,0,13],"is_endless":false,"potions_floor_spawned":[2,3,12,16],"killed_by":"Slavers","ascension_level":17}}