{"host":"3zqlgdr138v4qupe","time":1610032501,"event":{"mods":["BaseMod","Hermit","Minty Spire (QoL Compilation)","StSLib","The Cursed","The Poker Player"],"gold_per_floor":[115,115,45,45,45,71,71,99,124,144,144,167,182,207,207,302,302,321,321,321,321,336,31,31,61,61,76,1,34,34,52,52,149,149,164,164,0,0,18,18,53,65,101,13,13,13,24,42,42,42,42],"floor_reached":50,"playtime":1692,"items_purged":["Strike_G","Pain"],"score":678,"play_id":"91a0287e-0e09-41a3-bcdd-93e528c946f4","local_time":"20210108001501","is_ascension_mode":true,"campfire_choices":[{"data":"Neutralize","floor":7,"key":"SMITH"},{"data":"Adrenaline","floor":11,"key":"SMITH"},{"data":"Tactician","floor":15,"key":"SMITH"},{"data":"A Thousand Cuts","floor":24,"key":"SMITH"},{"data":"Blade Dance","floor":30,"key":"SMITH"},{"data":"Infinite Blades","floor":32,"key":"SMITH"},{"data":"Leg Sweep","floor":40,"key":"SMITH"},{"data":"Panacea","floor":42,"key":"SMITH"},{"data":"Outmaneuver","floor":46,"key":"SMITH"},{"data":"Magnetism","floor":49,"key":"SMITH"}],"circlet_count":0,"master_deck":["Strike_G","Strike_G","Strike_G","Defend_G","Defend_G","Defend_G","Defend_G","Defend_G","Survivor","Neutralize+1","Dagger Spray","Infinite Blades+1","Tactician+1","Adrenaline+1","Infinite Blades+1","Blade Dance+1","Slice","A Thousand Cuts+1","Leg Sweep+1","Outmaneuver+1","Quick Slash","Outmaneuver+1","Infinite Blades+1","Unload","Panacea+1","Magnetism+1","Discovery","Crippling Poison+1","Blade Dance+1","Doubt","Terror+1"],"relics":["Ring of the Snake","NeowsBlessing","Ninja Scroll","Toy Ornithopter","Dream Catcher","Bag of Marbles","Oddly Smooth Stone","Anchor","WristBlade","Ancient Tea Set","Lantern","Potion Belt","Question Card","Unceasing Top","Coffee Dripper","Red Mask","WarpedTongs","MawBank","Nunchaku"],"acts_visited":["Exordium","TheCity","TheBeyond"],"potions_floor_usage":[14,14,18,29,31,50],"damage_taken":[{"damage":0,"enemies":"Jaw Worm","floor":1,"turns":1},{"damage":0,"enemies":"3 Sentries","floor":6,"turns":1},{"damage":0,"enemies":"Gremlin Nob","floor":8,"turns":1},{"damage":0,"enemies":"2 Louse","floor":10,"turns":2},{"damage":0,"enemies":"Cultist","floor":13,"turns":2},{"damage":0,"enemies":"Lagavulin","floor":14,"turns":2},{"damage":10,"enemies":"Slime Boss","floor":16,"turns":9},{"damage":0,"enemies":"Shell Parasite","floor":18,"turns":2},{"damage":0,"enemies":"Chosen","floor":22,"turns":2},{"damage":5,"enemies":"Book of Stabbing","floor":25,"turns":3},{"damage":0,"enemies":"3 Cultists","floor":27,"turns":4},{"damage":0,"enemies":"Slavers","floor":29,"turns":2},{"damage":0,"enemies":"Snake Plant","floor":31,"turns":2},{"damage":55,"enemies":"Champ","floor":33,"turns":7},{"damage":4,"enemies":"3 Shapes","floor":35,"turns":3},{"damage":0,"enemies":"Orb Walker","floor":39,"turns":2},{"damage":19,"enemies":"Nemesis","floor":41,"turns":5},{"damage":3,"enemies":"Maw","floor":47,"turns":5},{"damage":6,"enemies":"4 Shapes","floor":48,"turns":4},{"damage":84,"enemies":"Time Eater","floor":50,"turns":9}],"seed_played":"-7979602854867772498","potions_obtained":[{"floor":6,"key":"SteroidPotion"},{"floor":8,"key":"Regen Potion"},{"floor":16,"key":"SkillPotion"},{"floor":22,"key":"CunningPotion"},{"floor":25,"key":"DistilledChaos"},{"floor":35,"key":"SmokeBomb"},{"floor":39,"key":"BlessingOfTheForge"}],"is_trial":false,"path_per_floor":["M","?","$","?","?","E","R","E","T","M","R","T","M","E","R","B",null,"M","?","?","$","M","$","R","E","T","M","$","E","R","M","R","B",null,"M","?","?","?","M","R","E","R","T","$","?","R","M","M","R","B"],"character_chosen":"THE_SILENT","items_purchased":["Infinite Blades","Ancient Tea Set","Lantern"],"campfire_rested":0,"item_purchase_floors":[3,23,23],"current_hp_per_floor":[70,63,63,63,38,38,38,38,38,38,38,38,38,53,53,43,70,70,70,70,70,70,70,70,65,65,65,65,70,70,70,70,15,70,66,56,56,56,56,56,37,37,37,37,70,70,67,61,61,0,0],"gold":42,"neow_bonus":"THREE_ENEMY_KILL","is_daily":false,"chose_seed":false,"campfire_upgraded":10,"win_rate":0.0,"timestamp":1610032501,"path_taken":["M","?","$","?","?","E","R","E","T","M","R","?","M","E","R","BOSS","M","?","?","?","?","$","R","E","T","?","?","E","R","M","R","BOSS","M","?","?","?","?","R","E","R","T","$","?","R","M","M","R","BOSS"],"items_purchased_type":["Card","Relic","Relic"],"build_version":"2020-12-22","purchased_purges":2,"victory":false,"max_hp_per_floor":[70,70,70,70,70,70,70,70,70,70,70,70,70,70,70,70,70,70,70,70,70,70,70,70,70,70,70,70,70,70,70,70,70,70,70,70,70,70,70,70,70,70,70,70,70,70,70,70,70,70,70],"card_choices":[{"not_picked":["Outmaneuver","Endless Agony"],"picked":"Dagger Spray","floor":1},{"not_picked":["Deadly Poison","Deflect"],"picked":"Tactician","floor":6},{"not_picked":["Deadly Poison","Dash"],"picked":"Adrenaline","floor":8},{"not_picked":["Well Laid Plans","Catalyst"],"picked":"Infinite Blades","floor":10},{"not_picked":["Heel Hook","Dodge and Roll"],"picked":"Blade Dance","floor":13},{"not_picked":["Poisoned Stab","Dagger Spray"],"picked":"Slice","floor":14},{"not_picked":["Doppelganger","Glass Knife"],"picked":"A Thousand Cuts","floor":16},{"not_picked":["Predator","Skewer+1"],"picked":"Leg Sweep","floor":18},{"not_picked":["Deadly Poison","All Out Attack+1","Dagger Spray"],"picked":"SKIP","floor":22},{"not_picked":["Dagger Throw","Tools of the Trade"],"picked":"Outmaneuver","floor":25},{"not_picked":["Riddle With Holes+1","Leg Sweep","Bane"],"picked":"Quick Slash","floor":27},{"not_picked":["Predator+1","PiercingWail","Backflip"],"picked":"Outmaneuver+1","floor":29},{"not_picked":["Slice","Prepared","Acrobatics"],"picked":"Infinite Blades+1","floor":31},{"not_picked":["Burst","Phantasmal Killer","Doppelganger"],"picked":"Unload","floor":33},{"not_picked":["Deadly Poison+1","Poisoned Stab+1","Backflip+1","All Out Attack"],"picked":"SKIP","floor":35},{"not_picked":["Blind","Swift Strike","Good Instincts"],"picked":"Panacea","floor":36},{"not_picked":["Jack Of All Trades","Good Instincts","Impatience"],"picked":"Magnetism","floor":36},{"not_picked":["PanicButton","Deep Breath","Jack Of All Trades"],"picked":"Discovery","floor":36},{"not_picked":["Escape Plan","Endless Agony","Poisoned Stab+1"],"picked":"Crippling Poison+1","floor":39},{"not_picked":["Predator+1","Sucker Punch","Finisher+1"],"picked":"Blade Dance+1","floor":41},{"not_picked":["Underhanded Strike+1","Poisoned Stab","Dagger Spray"],"picked":"Terror+1","floor":47},{"not_picked":["Outmaneuver","Footwork+1","Burst","Leg Sweep+1"],"picked":"SKIP","floor":48}],"player_experience":23823,"relics_obtained":[{"floor":6,"key":"Toy Ornithopter"},{"floor":8,"key":"Dream Catcher"},{"floor":9,"key":"Bag of Marbles"},{"floor":12,"key":"Oddly Smooth Stone"},{"floor":14,"key":"Anchor"},{"floor":25,"key":"Potion Belt"},{"floor":26,"key":"Question Card"},{"floor":29,"key":"Unceasing Top"},{"floor":41,"key":"MawBank"},{"floor":43,"key":"Nunchaku"}],"event_choices":[{"cards_removed":["Strike_G"],"damage_healed":0,"gold_gain":0,"player_choice":"Card Removal","damage_taken":7,"max_hp_gain":0,"max_hp_loss":0,"event_name":"Golden Wing","floor":2,"gold_loss":0},{"damage_healed":0,"gold_gain":0,"player_choice":"Grow","damage_taken":0,"max_hp_gain":0,"max_hp_loss":0,"event_name":"Living Wall","floor":4,"gold_loss":0,"cards_upgraded":["Infinite Blades"]},{"damage_healed":0,"gold_gain":0,"player_choice":"Success","damage_taken":25,"relics_obtained":["Ninja Scroll"],"max_hp_gain":0,"max_hp_loss":0,"event_name":"Scrap Ooze","floor":5,"gold_loss":0},{"damage_healed":0,"gold_gain":0,"player_choice":"Ignored","damage_taken":0,"max_hp_gain":0,"max_hp_loss":0,"event_name":"Ghosts","floor":19,"gold_loss":0},{"damage_healed":0,"gold_gain":0,"player_choice":"Ignored","damage_taken":0,"max_hp_gain":0,"max_hp_loss":0,"event_name":"Vampires","floor":20,"gold_loss":0},{"damage_healed":0,"gold_gain":0,"player_choice":"Memory 3","damage_taken":10,"max_hp_gain":0,"max_hp_loss":0,"event_name":"SensoryStone","floor":36,"gold_loss":0},{"damage_healed":0,"gold_gain":0,"player_choice":"Paid","damage_taken":0,"relics_obtained":["Red Mask"],"max_hp_gain":0,"max_hp_loss":0,"event_name":"Tomb of Lord Red Mask","floor":37,"gold_loss":164},{"damage_healed":0,"gold_gain":0,"player_choice":"Rummage","damage_taken":0,"relics_obtained":["WarpedTongs"],"max_hp_gain":0,"max_hp_loss":0,"event_name":"Accursed Blacksmith","floor":38,"gold_loss":0,"cards_obtained":["Pain"]},{"damage_healed":33,"gold_gain":0,"player_choice":"Heal","damage_taken":0,"max_hp_gain":0,"max_hp_loss":0,"event_name":"MindBloom","floor":45,"gold_loss":0,"cards_obtained":["Doubt"]}],"is_beta":false,"boss_relics":[{"not_picked":["Sozu","Runic Dome"],"picked":"WristBlade"},{"not_picked":["Ring of the Serpent","SacredBark"],"picked":"Coffee Dripper"}],"items_purged_floors":[28,44],"is_endless":false,"potions_floor_spawned":[6,8,16,22,25,35,39],"killed_by":"Time Eater","ascension_level":1}}