{"host":"Brown Brick","time":1610040192,"event":{"mods":["BaseMod","Melee Mod","Minty Spire (QoL Compilation)","Rare Cards Sparkle","Relic Stats","Robot Space Explorer","StSLib","The Marked","Unceasing Turn Reminder","everything is the same but u backflip on backflip"],"gold_per_floor":[118,135,135,148,168,197,211,225,225,238,238,248,133,150,150,150,150],"floor_reached":16,"playtime":999,"items_purged":[],"score":108,"play_id":"92c41f30-e3e0-4234-a78d-ed6a21307754","local_time":"20210107182312","is_ascension_mode":false,"campfire_choices":[{"floor":15,"key":"REST"}],"circlet_count":0,"master_deck":["Strike_B","Strike_B","Strike_B","Strike_B","Defend_B","Defend_B","Defend_B","Defend_B","Zap","Dualcast","Leap","Genetic Algorithm","Static Discharge","Streamline","Loop","Double Energy","Defragment","Leap","Loop","Conserve Battery","BootSequence"],"relics":["Cracked Core","Shovel","Art of War"],"acts_visited":["Exordium"],"potions_floor_usage":[5,14,16],"damage_taken":[{"damage":2,"enemies":"Small Slimes","floor":1,"turns":3},{"damage":0,"enemies":"Cultist","floor":2,"turns":4},{"damage":0,"enemies":"2 Louse","floor":4,"turns":2},{"damage":17,"enemies":"Exordium Thugs","floor":5,"turns":6},{"damage":45,"enemies":"3 Sentries","floor":6,"turns":7},{"damage":5,"enemies":"3 Louse","floor":7,"turns":3},{"damage":7,"enemies":"Blue Slaver","floor":8,"turns":3},{"damage":4,"enemies":"Red Slaver","floor":10,"turns":4},{"damage":0,"enemies":"Large Slime","floor":12,"turns":4},{"damage":0,"enemies":"2 Fungi Beasts","floor":14,"turns":3},{"damage":29,"enemies":"Slime Boss","floor":16,"turns":5}],"seed_played":"-267657038100858959","potions_obtained":[{"floor":1,"key":"LiquidMemories"},{"floor":2,"key":"Block Potion"},{"floor":3,"key":"FocusPotion"},{"floor":8,"key":"SkillPotion"},{"floor":14,"key":"LiquidBronze"}],"is_trial":false,"path_per_floor":["M","M","?","M","M","E","M","M","T","M","$","M","$","M","R","B"],"character_chosen":"DEFECT","items_purchased":["Loop","Conserve Battery"],"campfire_rested":1,"item_purchase_floors":[13,13],"current_hp_per_floor":[80,80,80,80,63,18,13,6,6,2,2,2,2,2,26,0,0],"gold":150,"neow_bonus":"TEN_PERCENT_HP_BONUS","is_daily":false,"chose_seed":false,"campfire_upgraded":0,"win_rate":0.0,"timestamp":1610040192,"path_taken":["M","M","?","M","M","E","M","M","T","M","$","?","?","M","R","BOSS"],"items_purchased_type":["Card","Card"],"build_version":"2020-12-18","purchased_purges":0,"victory":false,"max_hp_per_floor":[82,82,82,82,82,82,82,82,82,82,82,82,82,82,82,82,82],"relic_stats":{"Shovel":0,"counters":[11,44],"Art of War":[3],"obtain_stats":[{"Shovel":6,"Art of War":9,"Cracked Core":0},{"Shovel":5,"Art of War":7,"Cracked Core":0},{"Shovel":22,"Art of War":28,"Cracked Core":0}]},"card_choices":[{"not_picked":["Skim","Stack"],"picked":"Leap","floor":1},{"not_picked":["Coolheaded","Leap"],"picked":"Genetic Algorithm","floor":2},{"not_picked":["Storm","Turbo"],"picked":"Static Discharge","floor":4},{"not_picked":["Hologram","Barrage"],"picked":"Streamline","floor":5},{"not_picked":["Leap","Storm"],"picked":"Loop","floor":6},{"not_picked":["Streamline","Doom and Gloom"],"picked":"Double Energy","floor":7},{"not_picked":["Sunder","Hologram","Redo"],"picked":"SKIP","floor":8},{"not_picked":["Sunder","Hologram","Redo"],"picked":"SKIP","floor":8},{"not_picked":["Recycle","Amplify"],"picked":"Defragment","floor":10},{"not_picked":["Hologram","Go for the Eyes"],"picked":"Leap","floor":12},{"not_picked":["Leap","Hologram"],"picked":"BootSequence","floor":14}],"player_experience":675488,"relics_obtained":[{"floor":6,"key":"Shovel"},{"floor":9,"key":"Art of War"}],"event_choices":[{"damage_healed":0,"gold_gain":0,"player_choice":"Got Potions","damage_taken":0,"max_hp_gain":0,"max_hp_loss":0,"event_name":"Lab","floor":3,"gold_loss":0}],"is_beta":true,"boss_relics":[],"items_purged_floors":[],"is_endless":false,"potions_floor_spawned":[1,2,8,10,14],"killed_by":"Slime Boss","ascension_level":0}}