{"host":"crjmoxe2wwb87pm5","time":1610040172,"event":{"mods":["BaseMod","Colored Map","GifTheSpireLib","Infinite Spire","Minty Spire (QoL Compilation)","Replay The Spire","StSLib"],"gold_per_floor":[118,135,152,169,187,187,204,204,204,204,154,165,165,165,165,165,165],"floor_reached":16,"playtime":995,"items_purged":[],"score":94,"play_id":"c7f09504-630a-41e5-90c7-7c30456e3c6a","local_time":"20210107122252","is_ascension_mode":false,"campfire_choices":[{"floor":6,"key":"REST"},{"data":"True Grit","floor":13,"key":"SMITH"},{"floor":15,"key":"REST"}],"circlet_count":0,"master_deck":["Strike_R","Strike_R","Strike_R","Strike_R","Defend_R","Defend_R","Defend_R","Bash","ReplayTheSpireMod:Strike From Hell","Flame Barrier","True Grit+1","Disarm","Sentinel","Shrug It Off","True Grit"],"relics":["Burning Blood","Calipers"],"acts_visited":["Exordium"],"potions_floor_usage":[16],"damage_taken":[{"damage":12,"enemies":"Small Slimes","floor":1,"turns":4},{"damage":8,"enemies":"Jaw Worm","floor":2,"turns":3},{"damage":0,"enemies":"2 Louse","floor":3,"turns":3},{"damage":0,"enemies":"Blue Slaver","floor":4,"turns":6},{"damage":28,"enemies":"Exordium Thugs","floor":5,"turns":8},{"damage":28,"enemies":"3 Louse","floor":7,"turns":6},{"damage":7,"enemies":"Lots of Slimes","floor":12,"turns":6},{"damage":53,"enemies":"Slime Boss","floor":16,"turns":10}],"seed_played":"6920936746660621618","potions_obtained":[{"floor":3,"key":"ColorlessPotion"},{"floor":12,"key":"Adrenaline Potion"}],"is_trial":false,"path_per_floor":["M","M","M","M","M","R","M","?","T","?","?","M","R","?","R_BF","B"],"character_chosen":"IRONCLAD","items_purchased":[],"campfire_rested":2,"item_purchase_floors":[],"current_hp_per_floor":[74,72,78,80,58,80,58,58,58,58,58,57,57,50,74,21,21],"gold":165,"neow_bonus":"THREE_CARDS","is_daily":false,"chose_seed":false,"campfire_upgraded":1,"win_rate":0.0,"timestamp":1610040172,"path_taken":["M","M","M","M","M","R","M","?","T","?","?","M","R","?","R_BF","BOSS"],"items_purchased_type":[],"build_version":"2020-12-22","purchased_purges":0,"victory":false,"max_hp_per_floor":[80,80,80,80,80,80,80,80,80,80,80,80,80,80,80,80,80],"card_choices":[{"not_picked":["Sword Boomerang","Pommel Strike"],"picked":"ReplayTheSpireMod:Strike From Hell","floor":0},{"not_picked":["Clash","Twin Strike"],"picked":"Flame Barrier","floor":1},{"not_picked":["Carnage","ReplayTheSpireMod:LeadingStrike"],"picked":"True Grit","floor":2},{"not_picked":["ReplayTheSpireMod:Corrosion Curse","Carnage"],"picked":"Disarm","floor":3},{"not_picked":["Bloodletting","Brutality"],"picked":"Sentinel","floor":4},{"not_picked":["Clash","Sentinel","Warcry"],"picked":"SKIP","floor":5},{"not_picked":["Headbutt","Run Through"],"picked":"Shrug It Off","floor":7},{"not_picked":["Sword Boomerang","Perfected Strike"],"picked":"True Grit","floor":12}],"player_experience":112073,"relics_obtained":[{"floor":9,"key":"Calipers"}],"event_choices":[{"cards_removed":["Strike_R"],"damage_healed":0,"gold_gain":0,"player_choice":"Card Removal","damage_taken":0,"max_hp_gain":0,"max_hp_loss":0,"event_name":"The Cleric","floor":11,"gold_loss":50},{"cards_removed":["Defend_R"],"damage_healed":0,"gold_gain":0,"player_choice":"Card Removal","damage_taken":7,"max_hp_gain":0,"max_hp_loss":0,"event_name":"Golden Wing","floor":14,"gold_loss":0}],"is_beta":false,"boss_relics":[],"items_purged_floors":[],"is_endless":false,"potions_floor_spawned":[3,12],"killed_by":"Slime Boss","ascension_level":0}}