{"host":"ex6y92ceh6h0mo7k","time":1610013165,"event":{"mods":["BaseMod","Minty Spire (QoL Compilation)","Quick Restart","StSLib","SuperFastMode","The Marked"],"gold_per_floor":[118,293,309,324,335,335,366,366,366,366,35,35,35,35],"floor_reached":13,"playtime":1806,"items_purged":["Doubt"],"score":83,"play_id":"36040418-f427-4986-967c-3776f3b8df42","local_time":"20210107175245","is_ascension_mode":false,"campfire_choices":[{"data":"theMarked:TunnelVision","floor":6,"key":"SMITH"},{"data":"theMarked:ResourceFulStrike","floor":10,"key":"SMITH"},{"data":"theMarked:PowerFlow","floor":12,"key":"SMITH"}],"circlet_count":0,"master_deck":["theMarked:Strike","theMarked:Strike","theMarked:Strike","theMarked:Strike","theMarked:Strike","theMarked:Defend","theMarked:Defend","theMarked:Defend","theMarked:Defend","theMarked:SoldierOfQuellstein","theMarked:EternalStudent","theMarked:Improvise","theMarked:TakeCover","theMarked:TunnelVision+1","theMarked:ResourceFulStrike+1","theMarked:MysticalArsenal","theMarked:MysticalArsenal","theMarked:PowerFlow+1"],"relics":["theMarked:ArtifactOfAir","theMarked:SecretDocuments","Calipers","StoneCalendar","OrangePellets"],"acts_visited":["Exordium"],"potions_floor_usage":[],"damage_taken":[{"damage":2,"enemies":"Small Slimes","floor":1,"turns":3},{"damage":6,"enemies":"Jaw Worm","floor":3,"turns":3},{"damage":0,"enemies":"2 Louse","floor":4,"turns":2},{"damage":11,"enemies":"Lots of Slimes","floor":5,"turns":4},{"damage":28,"enemies":"Gremlin Nob","floor":7,"turns":4},{"damage":18,"enemies":"Lagavulin","floor":13,"turns":4}],"seed_played":"-4826607441435250417","potions_obtained":[{"floor":3,"key":"Regen Potion"}],"is_trial":false,"path_per_floor":["M","?","M","M","M","R","E","T","T","R","$","R","E"],"character_chosen":"THE_DEFAULT","items_purchased":["theMarked:MysticalArsenal","OrangePellets","theMarked:PowerFlow"],"campfire_rested":0,"item_purchase_floors":[11,11,11],"current_hp_per_floor":[61,61,55,55,44,44,16,16,16,16,16,16,0,0],"gold":35,"neow_bonus":"THREE_RARE_CARDS","is_daily":false,"chose_seed":false,"campfire_upgraded":3,"win_rate":0.0,"timestamp":1610013165,"path_taken":["M","?","M","M","M","R","E","?","T","R","?","R","E"],"items_purchased_type":["Card","Relic","Card"],"build_version":"2020-12-22","purchased_purges":1,"victory":false,"max_hp_per_floor":[63,63,63,63,63,63,63,63,63,63,63,63,63,63],"card_choices":[{"not_picked":["theMarked:SoldierForm","theMarked:TurnInvisible"],"picked":"theMarked:EternalStudent","floor":0},{"not_picked":["theMarked:SwordAndMagic","theMarked:Generate"],"picked":"theMarked:Improvise","floor":1},{"not_picked":["theMarked:Aftermath","theMarked:RepellingDischarge"],"picked":"theMarked:TakeCover","floor":3},{"not_picked":["theMarked:Aftermath","theMarked:TwofoldDefense"],"picked":"theMarked:TunnelVision","floor":4},{"not_picked":["theMarked:MagicAdept","theMarked:EmpowerWeapon"],"picked":"theMarked:ResourceFulStrike","floor":5},{"not_picked":["theMarked:GodGivenPower","theMarked:MaelstromOfLightning"],"picked":"theMarked:MysticalArsenal","floor":7}],"player_experience":955625,"relics_obtained":[{"floor":7,"key":"theMarked:SecretDocuments"},{"floor":8,"key":"Calipers"},{"floor":9,"key":"StoneCalendar"}],"event_choices":[{"damage_healed":0,"gold_gain":175,"player_choice":"AGREE","damage_taken":0,"max_hp_gain":0,"max_hp_loss":0,"event_name":"Liars Game","floor":2,"gold_loss":0,"cards_obtained":["Doubt"]}],"is_beta":false,"boss_relics":[],"items_purged_floors":[11],"is_endless":false,"potions_floor_spawned":[3],"killed_by":"Lagavulin","ascension_level":0}}