{"host":"ig7tc0uedzltt2sr","time":1610058228,"event":{"mods":["BaseMod","Better Twitch Integration","Block Reminder","Colored Map","Colored Powertips","Communication Mod","Current Relic Mod","GifTheSpireLib","HexUI Lib","Minty Spire (QoL Compilation)","Quick Restart","Random Character Button","Rare Cards Sparkle","Relic Sorter","Relic Stats","Slay the Relics Exporter","StSLib","SuperFastMode","Synergy Search","Twitch Decklist","Twitch Utils","everything is the same but u backflip on backflip","slay the spire mod where everything is the same but ironclad has a cowboy hat"],"gold_per_floor":[109,127,146,132,132,132,142,142,217,236,255,266,266,280,280,280,280],"floor_reached":16,"playtime":112,"items_purged":[],"score":98,"play_id":"53903a42-d976-42e6-8eb3-b649e03476b2","local_time":"20210107142348","is_ascension_mode":false,"campfire_choices":[{"data":"Bash","floor":6,"key":"SMITH"},{"data":"Defend_R","floor":8,"key":"SMITH"},{"data":"Clash","floor":15,"key":"SMITH"}],"circlet_count":0,"master_deck":["Strike_R","Strike_R","Strike_R","Strike_R","Strike_R","Defend_R+1","Defend_R","Defend_R","Defend_R","Wild Strike","Twin Strike","True Grit","Rage","Immolate","Heavy Blade","Power Through","Carnage","Clash+1"],"relics":["Burning Blood","NeowsBlessing"],"acts_visited":["Exordium"],"potions_floor_usage":[],"damage_taken":[{"damage":0,"enemies":"Jaw Worm","floor":1,"turns":2},{"damage":0,"enemies":"Small Slimes","floor":2,"turns":1},{"damage":0,"enemies":"Cultist","floor":3,"turns":3},{"damage":0,"enemies":"Exordium Thugs","floor":4,"turns":4},{"damage":16,"enemies":"Blue Slaver","floor":7,"turns":7},{"damage":32,"enemies":"Large Slime","floor":10,"turns":10},{"damage":14,"enemies":"Exordium Thugs","floor":11,"turns":6},{"damage":7,"enemies":"Blue Slaver","floor":12,"turns":5},{"damage":8,"enemies":"Red Slaver","floor":14,"turns":4},{"damage":38,"enemies":"The Guardian","floor":16,"turns":7}],"seed_played":"3181448614474910380","potions_obtained":[{"floor":3,"key":"BloodPotion"},{"floor":7,"key":"Ancient Potion"},{"floor":12,"key":"LiquidBronze"}],"is_trial":false,"path_per_floor":["M","M","M","M","?","R","M","R","T","M","M","M","?","M","R","B"],"character_chosen":"IRONCLAD","items_purchased":[],"campfire_rested":0,"item_purchase_floors":[],"current_hp_per_floor":[80,80,80,80,80,80,70,70,70,44,36,35,35,33,33,0,0],"gold":280,"neow_bonus":"THREE_ENEMY_KILL","is_daily":false,"chose_seed":false,"campfire_upgraded":3,"win_rate":0.0,"timestamp":1610058228,"path_taken":["M","M","M","M","?","R","M","R","T","M","M","M","?","?","R","BOSS"],"items_purchased_type":[],"build_version":"2020-12-22","purchased_purges":0,"victory":false,"max_hp_per_floor":[80,80,80,80,80,80,80,80,80,80,80,80,80,80,80,80,80],"relic_stats":{"counters":[10,49],"obtain_stats":[{"NeowsBlessing":0,"Burning Blood":0},{"NeowsBlessing":0,"Burning Blood":0},{"NeowsBlessing":0,"Burning Blood":0}],"Burning Blood":30},"card_choices":[{"not_picked":["Inflame","Headbutt"],"picked":"Wild Strike","floor":1},{"not_picked":["Iron Wave","Warcry"],"picked":"Twin Strike","floor":2},{"not_picked":["Thunderclap","Burning Pact"],"picked":"True Grit","floor":3},{"not_picked":["True Grit","Burning Pact"],"picked":"Rage","floor":4},{"not_picked":["Havoc","Disarm"],"picked":"Immolate","floor":7},{"not_picked":["Rage","Havoc"],"picked":"Heavy Blade","floor":10},{"not_picked":["True Grit","Bloodletting"],"picked":"Power Through","floor":11},{"not_picked":["Perfected Strike","Shrug It Off"],"picked":"Carnage","floor":12},{"not_picked":["Clothesline","Burning Pact"],"picked":"Clash","floor":14}],"player_experience":1457868,"relics_obtained":[],"event_choices":[{"damage_healed":0,"gold_gain":0,"player_choice":"Ignored","damage_taken":0,"max_hp_gain":0,"max_hp_loss":0,"event_name":"Golden Idol","floor":5,"gold_loss":0},{"cards_removed":["Bash"],"damage_healed":0,"gold_gain":0,"player_choice":"Purged","damage_taken":0,"max_hp_gain":0,"max_hp_loss":0,"event_name":"Purifier","floor":13,"gold_loss":0}],"is_beta":false,"boss_relics":[],"items_purged_floors":[],"is_endless":false,"potions_floor_spawned":[3,7,12],"killed_by":"The Guardian","ascension_level":0}}