{"host":"y1gy3vaohdji07z5","time":1610036862,"event":{"mods":["AchievementEnabler","BaseMod","Colored Map","Colored Powertips","Hermit","Minty Spire (QoL Compilation)","Random Character Button","Rare Cards Sparkle","StSLib"],"gold_per_floor":[363,288,300,300,318,318,147,147,147,118,118,132,132,145,145,246,246,258,14,33,50,325,325,325],"floor_reached":23,"playtime":1203,"items_purged":["hermit:Strike_Hermit","hermit:Defend_Hermit"],"score":208,"play_id":"76f5c9a0-aebe-4bac-bdc3-43f9d5ecd6a9","local_time":"20210107172742","is_ascension_mode":true,"campfire_choices":[{"data":"hermit:HighCaliber","floor":6,"key":"SMITH"},{"data":"hermit:HighCaliber","floor":8,"key":"SMITH"},{"data":"hermit:Glare","floor":11,"key":"SMITH"},{"data":"hermit:FullyLoaded","floor":15,"key":"SMITH"}],"circlet_count":0,"master_deck":["hermit:Strike_Hermit","hermit:Defend_Hermit","hermit:Snapshot","hermit:Covet","hermit:HighCaliber+1","hermit:FullyLoaded+1","hermit:Glare+1","hermit:HighCaliber+1","hermit:Covet","hermit:Glare+1","hermit:TakeCover+1","hermit:HeroicBravado+1","hermit:Showdown","hermit:HeroicBravado+1","hermit:HighCaliber","Regret"],"relics":["hermit:Momento","DollysMirror","Toxic Egg 2","Empty Cage"],"acts_visited":["Exordium","TheCity"],"potions_floor_usage":[16,16],"damage_taken":[{"damage":7,"enemies":"2 Louse","floor":1,"turns":2},{"damage":2,"enemies":"Jaw Worm","floor":3,"turns":2},{"damage":3,"enemies":"Small Slimes","floor":5,"turns":3},{"damage":0,"enemies":"Blue Slaver","floor":12,"turns":2},{"damage":10,"enemies":"Exordium Thugs","floor":14,"turns":3},{"damage":15,"enemies":"The Guardian","floor":16,"turns":13},{"damage":0,"enemies":"Shell Parasite","floor":18,"turns":5},{"damage":13,"enemies":"Chosen","floor":20,"turns":9},{"damage":15,"enemies":"Shelled Parasite and Fungi","floor":21,"turns":7},{"damage":47,"enemies":"Book of Stabbing","floor":23,"turns":5}],"seed_played":"-3052516485219983490","potions_obtained":[{"floor":3,"key":"hermit:Tonic"},{"floor":5,"key":"SteroidPotion"},{"floor":14,"key":"hermit:Tonic"},{"floor":16,"key":"SpeedPotion"},{"floor":20,"key":"DuplicationPotion"}],"is_trial":false,"path_per_floor":["M","$","M","?","M","R","$","R","T","?","R","M","?","M","R","B",null,"M","$","M","M","?","E"],"character_chosen":"HERMIT","items_purchased":["hermit:HighCaliber","DollysMirror","hermit:HeroicBravado+1"],"campfire_rested":0,"item_purchase_floors":[7,7,19],"current_hp_per_floor":[47,47,45,38,35,35,35,35,35,35,35,35,35,25,25,10,75,75,75,62,47,47,0,0],"gold":325,"neow_bonus":"TWO_FIFTY_GOLD","is_daily":false,"chose_seed":false,"campfire_upgraded":4,"win_rate":0.0,"timestamp":1610036862,"path_taken":["M","$","M","?","M","R","$","R","T","?","R","M","?","M","R","BOSS","M","$","M","M","?","E"],"items_purchased_type":["Card","Relic","Card"],"build_version":"2020-12-22","purchased_purges":2,"victory":false,"max_hp_per_floor":[75,75,75,75,75,75,75,75,75,75,75,75,75,75,75,75,75,75,75,75,75,75,75,75],"card_choices":[{"not_picked":["hermit:Snipe","hermit:Misfire"],"picked":"hermit:HighCaliber","floor":1},{"not_picked":["hermit:CalledShot","hermit:GoldenBullet"],"picked":"hermit:FullyLoaded","floor":3},{"not_picked":["hermit:Ricochet","hermit:CalledShot"],"picked":"hermit:Glare","floor":5},{"not_picked":["hermit:FinalCanter","hermit:Feint+1"],"picked":"hermit:Glare+1","floor":12},{"not_picked":["hermit:Scavenge+1","hermit:LuckOfTheDraw+1"],"picked":"hermit:TakeCover+1","floor":14},{"not_picked":["hermit:Roughhouse","hermit:Dissolve+1"],"picked":"hermit:HeroicBravado+1","floor":16},{"not_picked":["hermit:HoleUp+1","hermit:HighCaliber"],"picked":"hermit:Showdown","floor":18},{"not_picked":["hermit:TakeAim","hermit:Snipe+1","hermit:CalledShot+1"],"picked":"SKIP","floor":20},{"not_picked":["hermit:Misfire+1","hermit:DeadMansHand+1"],"picked":"hermit:HighCaliber","floor":21}],"player_experience":400346,"relics_obtained":[{"floor":9,"key":"Toxic Egg 2"}],"event_choices":[{"cards_removed":["hermit:Defend_Hermit"],"damage_healed":0,"gold_gain":0,"player_choice":"Card Removal","damage_taken":7,"max_hp_gain":0,"max_hp_loss":0,"event_name":"Golden Wing","floor":4,"gold_loss":0},{"damage_healed":0,"gold_gain":0,"player_choice":"Left Gold","damage_taken":0,"max_hp_gain":0,"max_hp_loss":0,"event_name":"World of Goop","floor":10,"gold_loss":29},{"cards_removed":["hermit:Strike_Hermit"],"damage_healed":0,"gold_gain":0,"player_choice":"Forget","damage_taken":0,"max_hp_gain":0,"max_hp_loss":0,"event_name":"Living Wall","floor":13,"gold_loss":0},{"damage_healed":0,"gold_gain":275,"player_choice":"Desecrate","damage_taken":0,"max_hp_gain":0,"max_hp_loss":0,"event_name":"Golden Shrine","floor":22,"gold_loss":0,"cards_obtained":["Regret"]}],"is_beta":false,"boss_relics":[{"not_picked":["Runic Dome","Snecko Eye"],"picked":"Empty Cage"}],"items_purged_floors":[2,19],"is_endless":false,"potions_floor_spawned":[3,5,14,16,20],"killed_by":"Book of Stabbing","ascension_level":3}}