{"host":"y9cfhv0nasly8qeh","time":1610013503,"event":{"mods":["BaseMod","Minty Spire (QoL Compilation)","Relic Stats","StSLib","[IsaacMod]ÒÔÈö¼âËþ"],"gold_per_floor":[119,137,148,3,3,3,3],"floor_reached":6,"playtime":200,"items_purged":["Strike_R"],"score":68,"play_id":"7317cecf-2699-4613-81dc-6ea24ada5268","local_time":"20210107175823","is_ascension_mode":true,"campfire_choices":[],"circlet_count":0,"master_deck":["AscendersBane","Strike_R","Strike_R","Strike_R","Strike_R","Defend_R","Defend_R","Defend_R","Defend_R","Bash","BettingIsNotGood","Rampage","Armaments","Seeing Red"],"relics":["Burning Blood","HushsDoor","Omamori","PreservedInsect","BloodDonationBag","TheBean","Anchor"],"acts_visited":["Exordium"],"potions_floor_usage":[],"damage_taken":[{"damage":10.0,"enemies":"2 Louse","floor":1.0,"turns":3.0},{"damage":18.0,"enemies":"Small Slimes","floor":2.0,"turns":4.0},{"damage":1.0,"enemies":"Cultist","floor":3.0,"turns":3.0},{"damage":31,"enemies":"Gremlin Nob","floor":6,"turns":3}],"seed_played":"-315350500373904010","potions_obtained":[],"is_trial":false,"path_per_floor":["M","M","M","$","?","E"],"character_chosen":"IRONCLAD","items_purchased":["PreservedInsect","TheBean"],"campfire_rested":0,"item_purchase_floors":[4,4],"current_hp_per_floor":[69,62,67,31,31,0,0],"gold":3,"neow_bonus":"RANDOM_COMMON_RELIC","is_daily":false,"chose_seed":false,"campfire_upgraded":0,"win_rate":0.0,"timestamp":1610013503,"path_taken":["M","M","M","$","?","E"],"items_purchased_type":["Relic","Relic"],"build_version":"2020-12-22","purchased_purges":1,"victory":false,"max_hp_per_floor":[75,75,75,75,75,75,75],"relic_stats":{"counters":[4,13],"PreservedInsect":22,"obtain_stats":[{"KeepersGift":0,"Anchor":5,"TheBean":4,"BloodDonationBag":4,"PreservedInsect":4,"Omamori":0,"HushsDoor":0,"Burning Blood":0,"BloodDonationMachine":0},{"KeepersGift":0,"Anchor":3,"TheBean":3,"BloodDonationBag":3,"PreservedInsect":3,"Omamori":0,"HushsDoor":0,"Burning Blood":0,"BloodDonationMachine":0},{"KeepersGift":0,"Anchor":10,"TheBean":10,"BloodDonationBag":10,"PreservedInsect":10,"Omamori":0,"HushsDoor":0,"Burning Blood":0,"BloodDonationMachine":0}],"Burning Blood":18},"card_choices":[{"not_picked":[],"picked":"BettingIsNotGood","floor":0.0},{"not_picked":["Clothesline","Battle Trance"],"picked":"Rampage","floor":1.0},{"not_picked":["Disarm","Evolve"],"picked":"Armaments","floor":2.0},{"not_picked":["Searing Blow","Thunderclap"],"picked":"Seeing Red","floor":3.0}],"player_experience":555578,"relics_obtained":[],"event_choices":[{"damage_healed":0.0,"max_hp_gain":0.0,"max_hp_loss":0.0,"gold_gain":0.0,"event_name":"Big Fish","player_choice":"Box","floor":5.0,"gold_loss":0.0,"damage_taken":0.0,"relics_obtained":["Anchor"],"cards_obtained":["Regret"]}],"is_beta":false,"boss_relics":[],"items_purged_floors":[4],"is_endless":false,"potions_floor_spawned":[],"killed_by":"Gremlin Nob","ascension_level":18}}