{"host":"d61fcf2p3sjwe6yo","time":1610010565,"event":{"mods":["AchievementEnabler","BaseMod","Colored Map","Downfall","Minty Spire (QoL Compilation)","StSLib","SuperFastMode"],"gold_per_floor":[349,360,378,212,242,242,242,242,127,139,139,139,172,172,188,288,347,347,359,375,389,404,404,428,443,460,491,506,506,506,506],"floor_reached":29,"playtime":1408,"items_purged":["Slimebound:Icky","Slimebound:Strike_Slimebound"],"score":396,"play_id":"713f3944-62b4-499d-887a-70a35fa4dd47","local_time":"20210107120925","is_ascension_mode":true,"campfire_choices":[{"data":"Slimebound:Split","floor":1.0,"key":"SMITH"},{"data":"Slimebound:CorrosiveSpit","floor":6.0,"key":"SMITH"},{"data":"Slimebound:Overexert","floor":11.0,"key":"SMITH"},{"floor":18,"key":"RECALL"}],"circlet_count":0,"master_deck":["Slimebound:Strike_Slimebound","Slimebound:Tackle","Slimebound:Defend_Slimebound+1","Slimebound:Defend_Slimebound","Slimebound:Defend_Slimebound","Slimebound:Defend_Slimebound","Slimebound:Split+1","Slimebound:CorrosiveSpit+1","Slimebound:Overexert+1","Slimebound:HungryTackle","Slimebound:Recollect"],"relics":["Slimebound:AbsorbEndCombat","Singing Bowl","Slimebound:ScrapOozeRelic","CeramicFish","Tiny House","MutagenicStrength","Guardian:PocketSentry","Gremlin Horn"],"acts_visited":["Exordium","TheCity"],"potions_floor_usage":[22,22,22,22,27,27,27,27,29],"damage_taken":[{"damage":12.0,"enemies":"Small Slimes","floor":2.0,"turns":4.0},{"damage":13.0,"enemies":"Jaw Worm","floor":3.0,"turns":3.0},{"damage":8.0,"enemies":"downfall:FleeingMerchant","floor":4.0,"turns":4.0},{"damage":22.0,"enemies":"downfall:FleeingMerchant","floor":9.0,"turns":4.0},{"damage":16.0,"enemies":"2 Louse","floor":10.0,"turns":2.0},{"damage":52.0,"enemies":"Lagavulin","floor":13.0,"turns":4.0},{"damage":16.0,"enemies":"2 Fungi Beasts","floor":15.0,"turns":2.0},{"damage":62.0,"enemies":"downfall:Defect","floor":16.0,"turns":5.0},{"damage":43,"enemies":"Spheric Guardian","floor":19,"turns":4},{"damage":48,"enemies":"Shell Parasite","floor":20,"turns":4},{"damage":37,"enemies":"Snecko","floor":21,"turns":5},{"damage":25,"enemies":"Snake Plant","floor":22,"turns":3},{"damage":37,"enemies":"3 Cultists","floor":25,"turns":4},{"damage":31,"enemies":"Sentry and Sphere","floor":26,"turns":4},{"damage":31,"enemies":"Slavers","floor":27,"turns":4},{"damage":21,"enemies":"Snake Plant","floor":28,"turns":3},{"damage":15,"enemies":"downfall:FleeingMerchant","floor":29,"turns":3}],"seed_played":"4353566035673103253","potions_obtained":[{"floor":3.0,"key":"Dexterity Potion"},{"floor":10.0,"key":"hexamod:EctoCoolerPotion"},{"floor":13.0,"key":"DuplicationPotion"},{"floor":16.0,"key":"EntropicBrew"},{"floor":22,"key":"LiquidMemories"},{"floor":27,"key":"Fruit Juice"},{"floor":28,"key":"Regen Potion"}],"is_trial":false,"path_per_floor":["R","M","M","$","?","R","T","?","$","M","R","?","E","?","M","B",null,"R","M","M","M","M","?","T","M","M","E","M","$"],"character_chosen":"SLIMEBOUND","items_purchased":["Slimebound:HungryTackle"],"campfire_rested":0,"item_purchase_floors":[4],"current_hp_per_floor":[54,56,57,60,60,60,60,60,60,60,60,60,38,38,42,16,62,62,55,47,26,29,29,29,26,25,21,4,0,0,0],"gold":506,"neow_bonus":"TWO_FIFTY_GOLD","is_daily":false,"chose_seed":false,"campfire_upgraded":3,"win_rate":0.0,"timestamp":1610010565,"path_taken":["R","M","M","$","?","R","T","?","?","M","R","?","E","?","M","BOSS","R","M","M","?","?","?","T","M","M","E","M","$"],"items_purchased_type":["Card"],"build_version":"2020-12-22","purchased_purges":2,"victory":false,"max_hp_per_floor":[60,60,60,60,60,60,60,60,62,64,64,64,66,66,68,70,75,75,77,79,81,83,83,83,85,87,94,96,96,96,96],"card_choices":[{"not_picked":["Slimebound:RainOfGoop","Slimebound:Schlurp","Slimebound:Replication"],"picked":"SKIP","floor":2.0},{"not_picked":["Slimebound:GrowthPunch","Slimebound:RejuvenatingLick","Slimebound:SlimeSpikes"],"picked":"SKIP","floor":3.0},{"not_picked":["Slimebound:LeechingTouch","Slimebound:ViciousTackle"],"picked":"Slimebound:Overexert","floor":4.0},{"not_picked":["Slimebound:RollThrough","Slimebound:RejuvenatingLick","Slimebound:ViciousTackle"],"picked":"Singing Bowl","floor":9.0},{"not_picked":["Slimebound:LeechingTouch","Slimebound:ComboTackle","Slimebound:Nibble"],"picked":"Singing Bowl","floor":10.0},{"not_picked":["Slimebound:LeechingTouch","Slimebound:SplitAcid","Slimebound:RejuvenatingLick"],"picked":"Singing Bowl","floor":13.0},{"not_picked":["Slimebound:DivideAndConquer","Slimebound:Dissolve","Slimebound:MegaLick"],"picked":"Singing Bowl","floor":15.0},{"not_picked":["Slimebound:CheckThePlaybook","Slimebound:PrepareCrush","Slimebound:MassFeed"],"picked":"Singing Bowl","floor":16.0},{"not_picked":["Slimebound:SplitMire","Slimebound:Schlurp"],"picked":"Slimebound:Recollect","floor":17},{"not_picked":["Slimebound:GrowthPunch","Slimebound:Schlurp+1","Slimebound:SplitSpecialist"],"picked":"Singing Bowl","floor":19},{"not_picked":["Slimebound:SlimeSpikes","Slimebound:SplitLeeching","Slimebound:ComboTackle+1"],"picked":"Singing Bowl","floor":20},{"not_picked":["Slimebound:SplitBruiser","Slimebound:FinishingTackle","Slimebound:Nibble+1"],"picked":"Singing Bowl","floor":21},{"not_picked":["Slimebound:GrowthPunch","Slimebound:Darklings","Slimebound:Equalize"],"picked":"Singing Bowl","floor":22},{"not_picked":["Slimebound:DisruptingSlam","Slimebound:DivideAndConquer","Slimebound:ComboTackle"],"picked":"Singing Bowl","floor":25},{"not_picked":["Slimebound:ForwardTackle+1","Slimebound:SlimeSpikes","Slimebound:LeechingTouch"],"picked":"Singing Bowl","floor":26},{"not_picked":["Slimebound:RollThrough+1","Slimebound:Gluttony+1","Slimebound:FormOfPuddle+1"],"picked":"Singing Bowl","floor":27},{"not_picked":["Slimebound:HauntingLick","Slimebound:SplitSpecialist","Slimebound:FinishingTackle"],"picked":"Singing Bowl","floor":28}],"player_experience":452958,"relics_obtained":[{"floor":7.0,"key":"Singing Bowl"},{"floor":13.0,"key":"CeramicFish"},{"floor":24,"key":"Guardian:PocketSentry"},{"floor":27,"key":"Gremlin Horn"}],"event_choices":[{"cards_removed":["Slimebound:Strike_Slimebound"],"damage_healed":0.0,"max_hp_gain":0.0,"max_hp_loss":0.0,"gold_gain":0.0,"event_name":"The Cleric","player_choice":"Card Removal","floor":8.0,"gold_loss":0.0,"damage_taken":0.0},{"damage_healed":0,"gold_gain":0,"player_choice":"Inject Mutagens","damage_taken":0,"relics_obtained":["MutagenicStrength"],"max_hp_gain":0,"max_hp_loss":0,"event_name":"Drug Dealer","floor":23,"gold_loss":0}],"is_beta":false,"boss_relics":[{"not_picked":["Calling Bell","Runic Pyramid"],"picked":"Tiny House"}],"items_purged_floors":[4,9],"is_endless":false,"potions_floor_spawned":[3,10,13,16,19,22,27,28],"killed_by":"downfall:FleeingMerchant","ascension_level":8}}