{"host":"q3i87yx2dgqr54co","time":1610025037,"event":{"mods":["BaseMod","Block Reminder","Colored Map","Colored Powertips","DeckTracker","Highlight Path","Minty Spire (QoL Compilation)","Permanent Neow","Potionbrewer","Quick Restart","Relic Sorter","Relic Stats","StSLib","The Gatherer","The Sage"],"gold_per_floor":[362,375,38,58,23,23,56,56,79,26,36,49,81,81,81,186,186,203,220,232,247,262,296,296,296,377,403,403,403],"floor_reached":28,"playtime":2421,"items_purged":[],"score":361,"play_id":"17860f10-d9dc-477e-9ae4-468a55258e66","local_time":"20210107081037","is_ascension_mode":true,"campfire_choices":[{"floor":6.0,"key":"RECALL"},{"floor":8.0,"key":"REST"},{"floor":15.0,"key":"REST"},{"floor":25.0,"key":"REST"}],"circlet_count":0,"master_deck":["Strike_P","Strike_P","Strike_P","Strike_P","Defend_P","Defend_P","Defend_P+1","Defend_P","Eruption","Vigilance","Pray","SandsOfTime","Tantrum","Prostrate","Judgement","EmptyFist","Consecrate","ClearTheMind+1","MentalFortress","Ragnarok","InnerPeace+1","Halt","TalkToTheHand","Crescendo+1","FollowUp","JustLucky","Ragnarok"],"relics":["HolyWater","Orichalcum","Strawberry","War Paint","Bottled Tornado","Matryoshka","Oddly Smooth Stone"],"acts_visited":["Exordium","TheCity"],"potions_floor_usage":[27],"damage_taken":[{"damage":0.0,"enemies":"Small Slimes","floor":1.0,"turns":2.0},{"damage":8.0,"enemies":"2 Louse","floor":2.0,"turns":6.0},{"damage":0.0,"enemies":"Cultist","floor":4.0,"turns":2.0},{"damage":31.0,"enemies":"3 Sentries","floor":7.0,"turns":6.0},{"damage":25.0,"enemies":"Gremlin Gang","floor":11.0,"turns":4.0},{"damage":0.0,"enemies":"2 Fungi Beasts","floor":12.0,"turns":2.0},{"damage":21.0,"enemies":"Lagavulin","floor":13.0,"turns":6.0},{"damage":0.0,"enemies":"Slime Boss","floor":16.0,"turns":8.0},{"damage":4.0,"enemies":"Spheric Guardian","floor":18.0,"turns":3.0},{"damage":4.0,"enemies":"Shell Parasite","floor":19.0,"turns":4.0},{"damage":0.0,"enemies":"Sentry and Sphere","floor":20.0,"turns":2.0},{"damage":30.0,"enemies":"3 Cultists","floor":21.0,"turns":5.0},{"damage":39.0,"enemies":"Snake Plant","floor":22.0,"turns":7.0},{"damage":13.0,"enemies":"Slavers","floor":23.0,"turns":5.0},{"damage":20,"enemies":"Book of Stabbing","floor":27,"turns":6},{"damage":11,"enemies":"Shelled Parasite and Fungi","floor":28,"turns":1}],"seed_played":"1015034675350059565","potions_obtained":[{"floor":7.0,"key":"Ancient Potion"},{"floor":11.0,"key":"potionbrewer:InfectionPotion"},{"floor":13.0,"key":"Block Potion"},{"floor":16.0,"key":"PowerPotion"},{"floor":19.0,"key":"potionbrewer:NoxiousPotion"},{"floor":22.0,"key":"EntropicBrew"},{"floor":23.0,"key":"Block Potion"}],"is_trial":false,"path_per_floor":["M","M","$","M","?","R","E","R","T","$","M","M","E","?","R","B",null,"M","M","M","M","M","E","?","R","T","E","M"],"character_chosen":"WATCHER","items_purchased":["Tantrum","Orichalcum","Fruit Juice","EmptyFist"],"campfire_rested":3,"item_purchase_floors":[3,3,3,10],"current_hp_per_floor":[51,43,43,51,71,71,47,73,73,73,48,48,27,32,59,59,92,88,84,84,54,15,2,2,29,29,9,0,0],"gold":403,"neow_bonus":"TWO_FIFTY_GOLD","is_daily":false,"chose_seed":false,"campfire_upgraded":0,"win_rate":0.0,"timestamp":1610025037,"path_taken":["M","M","$","M","?","R","E","R","T","$","M","M","E","?","R","BOSS","M","M","M","M","M","E","?","R","T","E","M"],"items_purchased_type":["Card","Relic","Potion","Card"],"build_version":"2020-12-22","purchased_purges":0,"victory":false,"max_hp_per_floor":[72,72,72,80,80,80,87,87,87,87,87,87,87,92,92,92,92,92,92,92,92,92,92,92,92,92,92,92,92],"relic_stats":{"counters":[16,69],"Orichalcum":[72],"War Paint":["ClearTheMind","Defend_P"],"obtain_stats":[{"Matryoshka":26,"Strawberry":7,"HolyWater":17,"Oddly Smooth Stone":27,"PureWater":0,"Orichalcum":3,"War Paint":13,"Bottled Tornado":23},{"Matryoshka":14,"Strawberry":4,"HolyWater":8,"Oddly Smooth Stone":15,"PureWater":0,"Orichalcum":2,"War Paint":7,"Bottled Tornado":14},{"Matryoshka":62,"Strawberry":16,"HolyWater":36,"Oddly Smooth Stone":68,"PureWater":0,"Orichalcum":8,"War Paint":28,"Bottled Tornado":62}]},"card_choices":[{"not_picked":["FollowUp","EmptyBody"],"picked":"Pray","floor":1.0},{"not_picked":["Evaluate","PathToVictory"],"picked":"SandsOfTime","floor":2.0},{"not_picked":["SandsOfTime","PathToVictory"],"picked":"Prostrate","floor":4.0},{"not_picked":["Swivel","Tantrum"],"picked":"Judgement","floor":7.0},{"not_picked":["Evaluate","ForeignInfluence"],"picked":"Consecrate","floor":11.0},{"not_picked":["JustLucky","CarveReality"],"picked":"ClearTheMind","floor":12.0},{"not_picked":["PathToVictory","Vault"],"picked":"MentalFortress","floor":13.0},{"not_picked":["Judgement","Omniscience"],"picked":"Ragnarok","floor":16.0},{"not_picked":["Protect","Sanctity"],"picked":"InnerPeace+1","floor":18.0},{"not_picked":["EmptyMind","WreathOfFlame"],"picked":"Halt","floor":19.0},{"not_picked":["JustLucky","CrushJoints+1"],"picked":"TalkToTheHand","floor":20.0},{"not_picked":["ClearTheMind","EmptyFist+1"],"picked":"Crescendo+1","floor":21.0},{"not_picked":["BowlingBash+1","Prostrate"],"picked":"FollowUp","floor":22.0},{"not_picked":["Omniscience","PathToVictory"],"picked":"JustLucky","floor":23.0},{"not_picked":["Collect","Prostrate+1"],"picked":"Ragnarok","floor":27}],"player_experience":135103,"relics_obtained":[{"floor":7.0,"key":"Strawberry"},{"floor":13.0,"key":"War Paint"},{"floor":23.0,"key":"Bottled Tornado"},{"floor":26.0,"key":"Matryoshka"},{"floor":27,"key":"Oddly Smooth Stone"}],"event_choices":[{"damage_healed":20.0,"max_hp_gain":0.0,"max_hp_loss":0.0,"gold_gain":0.0,"event_name":"The Cleric","player_choice":"Healed","floor":5.0,"gold_loss":35.0,"damage_taken":0.0},{"damage_healed":0.0,"max_hp_gain":5.0,"max_hp_loss":0.0,"gold_gain":0.0,"event_name":"Big Fish","player_choice":"Donut","floor":14.0,"gold_loss":0.0,"damage_taken":0.0}],"is_beta":false,"boss_relics":[{"not_picked":["SacredBark","Cursed Key"],"picked":"HolyWater"}],"items_purged_floors":[],"is_endless":false,"potions_floor_spawned":[7,11,13,16,19,22,23],"killed_by":"Shelled Parasite and Fungi","ascension_level":1}}