{"host":"qdfumeom6htv8yxl","time":1610057744,"event":{"mods":["AchievementEnabler","BaseMod","Bestiary","Block Reminder","Minty Spire (QoL Compilation)","Quick Restart","Relic Stats"],"gold_per_floor":[109,109,122,137,153,153,153,153,205,205,222,237,86,105,105,179,179,159,159,159,159,59,59,59,59],"floor_reached":24,"playtime":1242,"items_purged":["Strike_G","Writhe"],"score":376,"play_id":"5fc2962c-cd90-46d7-a077-55bca65a9cb3","local_time":"20210107161544","is_ascension_mode":true,"campfire_choices":[{"data":"Venomology","floor":6.0,"key":"SMITH"},{"data":"Well Laid Plans","floor":10,"key":"SMITH"},{"data":"Crippling Poison","floor":15,"key":"SMITH"},{"data":"Bouncing Flask","floor":23,"key":"SMITH"}],"circlet_count":0,"master_deck":["AscendersBane","Strike_G","Strike_G","Defend_G","Defend_G","Defend_G","Defend_G","Defend_G","Survivor","Neutralize","Poisoned Stab","Venomology+1","Well Laid Plans+1","Deadly Poison","Leg Sweep","Sucker Punch","Footwork","Catalyst","Bouncing Flask+1","Crippling Poison+1","Adrenaline","RitualDagger"],"relics":["Ring of the Snake","NeowsBlessing","Akabeko","WristBlade","MutagenicStrength","Matryoshka"],"acts_visited":["Exordium","TheCity"],"potions_floor_usage":[8,14,16,16,18,24],"damage_taken":[{"damage":0.0,"enemies":"Small Slimes","floor":1.0,"turns":1.0},{"damage":0.0,"enemies":"Jaw Worm","floor":3.0,"turns":1.0},{"damage":0.0,"enemies":"Cultist","floor":4.0,"turns":1.0},{"damage":4.0,"enemies":"Red Slaver","floor":5.0,"turns":5.0},{"damage":0,"enemies":"3 Louse","floor":8,"turns":1},{"damage":0,"enemies":"Large Slime","floor":11,"turns":7},{"damage":4,"enemies":"Blue Slaver","floor":12,"turns":5},{"damage":9,"enemies":"3 Louse","floor":14,"turns":4},{"damage":4,"enemies":"Slime Boss","floor":16,"turns":8},{"damage":7,"enemies":"2 Thieves","floor":18,"turns":4},{"damage":14,"enemies":"Slavers","floor":24,"turns":2}],"seed_played":"1518955083596425731","potions_obtained":[{"floor":4.0,"key":"SmokeBomb"},{"floor":5.0,"key":"BlessingOfTheForge"}],"is_trial":false,"path_per_floor":["M","?","M","M","M","R","?","M","T","R","M","M","$","M","R","B",null,"M","?","?","?","$","R","E"],"character_chosen":"THE_SILENT","items_purchased":["Bouncing Flask"],"campfire_rested":0,"item_purchase_floors":[13],"current_hp_per_floor":[59,59,59,59,55,55,55,55,55,55,55,51,51,42,42,38,59,52,52,52,46,46,46,32,32],"gold":59,"neow_bonus":"THREE_ENEMY_KILL","is_daily":false,"chose_seed":false,"campfire_upgraded":4,"win_rate":0.0,"timestamp":1610057744,"path_taken":["M","?","M","M","M","R","?","M","T","R","?","M","?","M","R","BOSS","M","?","?","?","$","R","E"],"items_purchased_type":["Card"],"build_version":"2020-12-22","purchased_purges":2,"victory":false,"max_hp_per_floor":[66,66,66,66,66,66,66,66,66,66,66,66,66,66,66,66,66,66,66,66,66,66,66,66,66],"relic_stats":{"counters":[11,39],"obtain_stats":[{"Matryoshka":20,"NeowsBlessing":0,"WristBlade":17,"MutagenicStrength":19,"Akabeko":9,"Ring of the Snake":0},{"Matryoshka":10,"NeowsBlessing":0,"WristBlade":9,"MutagenicStrength":10,"Akabeko":5,"Ring of the Snake":0},{"Matryoshka":37,"NeowsBlessing":0,"WristBlade":33,"MutagenicStrength":37,"Akabeko":9,"Ring of the Snake":0}],"Ring of the Snake":[22]},"card_choices":[{"not_picked":["Slice","Concentrate"],"picked":"Poisoned Stab","floor":1.0},{"not_picked":["All Out Attack","Escape Plan"],"picked":"Well Laid Plans","floor":3.0},{"not_picked":["Acrobatics","Deflect"],"picked":"Deadly Poison","floor":4.0},{"not_picked":["Deadly Poison","Flying Knee"],"picked":"Leg Sweep","floor":5.0},{"not_picked":["Expertise","Choke"],"picked":"Footwork","floor":11},{"not_picked":["Finisher","Poisoned Stab"],"picked":"Catalyst","floor":12},{"not_picked":["Terror","Riddle With Holes"],"picked":"Crippling Poison","floor":14},{"not_picked":["Malaise","Die Die Die"],"picked":"Adrenaline","floor":16},{"not_picked":["Deadly Poison","Dagger Throw","Well Laid Plans"],"picked":"SKIP","floor":18},{"not_picked":["Deadly Poison","Dagger Throw","Well Laid Plans"],"picked":"SKIP","floor":18}],"player_experience":1731748,"relics_obtained":[{"floor":9,"key":"Akabeko"}],"event_choices":[{"damage_healed":0.0,"max_hp_gain":0.0,"max_hp_loss":0.0,"gold_gain":0.0,"cards_transformed":["Strike_G"],"event_name":"Living Wall","player_choice":"Change","floor":2.0,"gold_loss":0.0,"damage_taken":0.0,"cards_obtained":["Venomology"]},{"damage_healed":0.0,"max_hp_gain":0.0,"max_hp_loss":0.0,"gold_gain":0.0,"cards_transformed":["Strike_G"],"event_name":"Transmorgrifier","player_choice":"Transformed","floor":7.0,"gold_loss":0.0,"damage_taken":0.0,"cards_obtained":["Sucker Punch"]},{"damage_healed":0,"gold_gain":0,"player_choice":"Inject Mutagens","damage_taken":0,"relics_obtained":["MutagenicStrength"],"max_hp_gain":0,"max_hp_loss":0,"event_name":"Drug Dealer","floor":19,"gold_loss":0},{"damage_healed":0,"gold_gain":0,"player_choice":"Opened","damage_taken":0,"relics_obtained":["Matryoshka"],"max_hp_gain":0,"max_hp_loss":0,"event_name":"The Mausoleum","floor":20,"gold_loss":0,"cards_obtained":["Writhe"]},{"damage_healed":0,"gold_gain":0,"player_choice":"Joined the Cult","damage_taken":6,"max_hp_gain":0,"max_hp_loss":0,"event_name":"Nest","floor":21,"gold_loss":0,"cards_obtained":["RitualDagger"]}],"is_beta":false,"boss_relics":[{"not_picked":["Runic Dome","SlaversCollar"],"picked":"WristBlade"}],"items_purged_floors":[13,22],"is_endless":false,"potions_floor_spawned":[4,5,12],"killed_by":"Slavers","ascension_level":20}}