{"host":"3498uni0c31c9bdm","time":1610050974,"event":{"mods":["BaseMod","Better Third Choice","Minty Spire (QoL Compilation)","Replay The Spire","StSLib"],"gold_per_floor":[114,131,165,165,165,184,203,236,236,236,249,249,249,265,265,365,365,377,377,377,388,408,408,258,285,285,285,297,314,314,326,326,426,426,441,441,451,103,117,117,117,117,117,131,131,131,145,145,195,195,195,195,195],"floor_reached":52,"playtime":2711,"items_purged":["Voices","Decay"],"score":690,"play_id":"b547a5e4-2e84-4993-a87f-b7244c471286","local_time":"20210108072254","is_ascension_mode":true,"campfire_choices":[{"floor":10,"key":"REST"},{"floor":15,"key":"DIG"},{"floor":23,"key":"REST"},{"floor":27,"key":"RECALL"},{"floor":30,"key":"REST"},{"floor":32,"key":"REST"},{"floor":40,"key":"REST"},{"floor":43,"key":"REST"},{"floor":48,"key":"REST"},{"floor":51,"key":"REST"}],"circlet_count":0,"master_deck":["Strike_R+1","Strike_R","Strike_R","Strike_R+1","Strike_R+1","Defend_R+1","Defend_R+1","Defend_R+1","Defend_R+1","Bash","Clothesline+1","Armaments","ReplayTheSpireMod:Splinters","Clash+1","Judgement+1","Decay","Shrug It Off","Replay:Undeath\u0027s Touch","Spot Weakness","Wild Strike","Heavy Blade+1","Limit Break+1","AbeCurse","Sever Soul","Flex","Metallicize","Fire Breathing","Discovery","ReplayTheSpireMod:Muscle Training+1","Sword Boomerang","Iron Wave+1","Cleave","Dual Wield","Demonic Infusion+1","Flex","Infernal Blade+1","Defy Death","Enlightenment","Trip","Madness","Madness"],"relics":["Burning Blood","ReplayFunnel","Replay:Bottled Eggs","White Beast Statue","Thread and Needle","Gremlin Food","Abe\u0027s Treasure","ReplayTheSpireMod:CursedCoin","Golden Egg","Singing Bowl","SacredBark","Membership Card","Toy Ornithopter","Akabeko","Pantograph","StoneCalendar"],"acts_visited":["Exordium","TheCity","TheBeyond"],"potions_floor_usage":[8,8,8,16,16,22,25,29,29,33,33,33,39,44,47,49,52,52],"damage_taken":[{"damage":10,"enemies":"Small Slimes","floor":1,"turns":4},{"damage":10,"enemies":"Jaw Worm","floor":2,"turns":4},{"damage":0,"enemies":"2 Louse","floor":6,"turns":3},{"damage":0,"enemies":"Large Slime","floor":7,"turns":3},{"damage":28,"enemies":"Lagavulin","floor":8,"turns":12},{"damage":11,"enemies":"Gremlin Gang","floor":11,"turns":6},{"damage":6,"enemies":"Lots of Slimes","floor":14,"turns":5},{"damage":22,"enemies":"Slime Boss","floor":16,"turns":9},{"damage":11,"enemies":"Spheric Guardian","floor":18,"turns":4},{"damage":20,"enemies":"Shell Parasite","floor":21,"turns":5},{"damage":4,"enemies":"Sentry and Sphere","floor":22,"turns":4},{"damage":45,"enemies":"Slavers","floor":25,"turns":5},{"damage":16,"enemies":"Centurion and Healer","floor":28,"turns":5},{"damage":8,"enemies":"3 Cultists","floor":29,"turns":4},{"damage":20,"enemies":"Sentry and Sphere","floor":31,"turns":6},{"damage":61,"enemies":"Automaton","floor":33,"turns":11},{"damage":11,"enemies":"Orb Walker","floor":35,"turns":3},{"damage":27,"enemies":"3 Darklings","floor":37,"turns":5},{"damage":54,"enemies":"Sphere and 2 Shapes","floor":39,"turns":6},{"damage":68,"enemies":"Spire Growth","floor":44,"turns":6},{"damage":29,"enemies":"Maw","floor":47,"turns":7},{"damage":8,"enemies":"Mind Bloom Boss Battle","floor":49,"turns":8},{"damage":123,"enemies":"Replay:Hell Engine","floor":52,"turns":19}],"seed_played":"-7195255457919690616","potions_obtained":[{"floor":3,"key":"Languid Potion"},{"floor":3,"key":"Energy Potion"},{"floor":3,"key":"Dexterity Potion"},{"floor":11,"key":"BlessingOfTheForge"},{"floor":14,"key":"Fire Potion"},{"floor":16,"key":"Fruit Juice"},{"floor":18,"key":"Swift Potion"},{"floor":21,"key":"SpeedPotion"},{"floor":22,"key":"Weak Potion"},{"floor":25,"key":"GamblersBrew"},{"floor":28,"key":"DistilledChaos"},{"floor":29,"key":"Strength Potion"},{"floor":31,"key":"ColorlessPotion"},{"floor":33,"key":"BloodPotion"},{"floor":35,"key":"BloodPotion"},{"floor":37,"key":"SpeedPotion"},{"floor":39,"key":"Energy Potion"},{"floor":44,"key":"LiquidMemories"},{"floor":47,"key":"Strength Potion"},{"floor":49,"key":"EssenceOfSteel"}],"is_trial":false,"path_per_floor":["M","M","?","?","?","M","M","E","T","R","M","T","?","M","R","B",null,"M","?","?","M","M","R","$","E","T","R","M","M","R","M","R","B",null,"M","?","M","$","M","R","PTL","PTL","R","M","T","?","M","R","?","?","R","B"],"character_chosen":"IRONCLAD","items_purchased":["ReplayTheSpireMod:CursedCoin","Fire Breathing","Discovery","ReplayTheSpireMod:Muscle Training","Membership Card","Toy Ornithopter","Akabeko"],"campfire_rested":8,"item_purchase_floors":[24,24,24,24,38,38,38],"current_hp_per_floor":[68,64,64,32,32,38,44,22,22,46,41,41,41,41,41,25,66,61,61,61,47,54,79,79,40,40,40,30,28,53,39,64,9,66,61,61,40,40,33,59,59,59,85,62,62,57,41,67,91,80,91,0,0],"gold":195,"neow_bonus":"RANDOM_COMMON_RELIC","is_daily":false,"chose_seed":false,"campfire_upgraded":0,"win_rate":0.0,"timestamp":1610050974,"path_taken":["M","M","?","?","?","?","M","E","T","R","?","?","?","M","R","BOSS","M","?","?","?","M","R","$","E","T","R","M","M","R","?","R","BOSS","M","?","M","$","M","R","PTL","PTL","R","M","T","?","M","R","?","?","R","BOSS"],"items_purchased_type":["Relic","Card","Card","Card","Relic","Relic","Relic"],"build_version":"2020-12-22","purchased_purges":2,"victory":false,"max_hp_per_floor":[80,80,80,80,80,80,80,80,80,80,80,80,80,80,80,80,80,80,80,80,80,85,85,85,85,85,85,85,85,85,85,85,85,85,85,85,85,85,87,87,87,87,87,87,87,87,89,89,91,91,91,91,91],"card_choices":[{"not_picked":["Havoc","Clash"],"picked":"Clothesline","floor":1},{"not_picked":["Twin Strike","Rage"],"picked":"Armaments","floor":2},{"not_picked":["Run Through","Hemokinesis"],"picked":"Clash","floor":3},{"not_picked":["Sentinel","Run Through"],"picked":"Shrug It Off","floor":6},{"not_picked":["Clash","Burning Pact"],"picked":"Replay:Undeath\u0027s Touch","floor":7},{"not_picked":["Wild Strike","Sword Boomerang"],"picked":"Spot Weakness","floor":8},{"not_picked":["Clash","Warcry"],"picked":"Wild Strike","floor":11},{"not_picked":["Replay:Undeath\u0027s Touch","Body Slam"],"picked":"Heavy Blade","floor":14},{"not_picked":["Exhume","Hemogenesis"],"picked":"Limit Break","floor":16},{"not_picked":["Replay:Undeath\u0027s Touch","Havoc"],"picked":"Sever Soul","floor":18},{"not_picked":["Dark Embrace","Exhume"],"picked":"Flex","floor":21},{"not_picked":["True Grit","Sever Soul"],"picked":"Metallicize","floor":22},{"not_picked":["Clash+1","Body Slam"],"picked":"Sword Boomerang","floor":25},{"not_picked":["Run Through+1","Flex"],"picked":"Iron Wave+1","floor":28},{"not_picked":["Replay:Many Hands","Clothesline"],"picked":"Cleave","floor":29},{"not_picked":["Headbutt+1","Body Slam"],"picked":"Dual Wield","floor":31},{"not_picked":["Corruption","Brutality"],"picked":"Demonic Infusion","floor":33},{"not_picked":["Clash","Pummel"],"picked":"Flex","floor":35},{"not_picked":["Body Slam+1","Heavy Blade"],"picked":"Infernal Blade+1","floor":37},{"not_picked":["Shrug It Off+1","Sword Boomerang+1","Seeing Red"],"picked":"Singing Bowl","floor":39},{"not_picked":["Iron Wave+1","Clothesline+1"],"picked":"Defy Death","floor":44},{"not_picked":["Panache","Magnetism"],"picked":"Enlightenment","floor":46},{"not_picked":["Jack Of All Trades","Secret Technique"],"picked":"Trip","floor":46},{"not_picked":["Body Slam","Warcry+1","Havoc"],"picked":"Singing Bowl","floor":47},{"not_picked":["Run Through","ReplayTheSpireMod:Limb From Limb+1","Shrug It Off"],"picked":"Singing Bowl","floor":49}],"player_experience":662786,"relics_obtained":[{"floor":8,"key":"White Beast Statue"},{"floor":12,"key":"Thread and Needle"},{"floor":15,"key":"Gremlin Food"},{"floor":25,"key":"Golden Egg"},{"floor":26,"key":"Singing Bowl"},{"floor":45,"key":"Pantograph"},{"floor":49,"key":"StoneCalendar"}],"event_choices":[{"damage_healed":0,"gold_gain":0,"player_choice":"Cursed","damage_taken":0,"max_hp_gain":0,"max_hp_loss":0,"event_name":"Wheel of Change","floor":5,"gold_loss":0,"cards_obtained":["Decay"]},{"damage_healed":0,"gold_gain":0,"player_choice":"Smashed Altar","damage_taken":0,"max_hp_gain":0,"max_hp_loss":0,"event_name":"Forgotten Altar","floor":19,"gold_loss":0,"cards_obtained":["Decay"]},{"damage_healed":0,"gold_gain":0,"player_choice":"Ignored","damage_taken":0,"max_hp_gain":0,"max_hp_loss":0,"event_name":"Vampires","floor":20,"gold_loss":0},{"damage_healed":0,"gold_gain":0,"player_choice":"Ignored","damage_taken":0,"max_hp_gain":0,"max_hp_loss":0,"event_name":"Tomb of Lord Red Mask","floor":36,"gold_loss":0},{"damage_healed":0,"gold_gain":0,"player_choice":"Memory 2","damage_taken":5,"max_hp_gain":0,"max_hp_loss":0,"event_name":"SensoryStone","floor":46,"gold_loss":0},{"damage_healed":0,"gold_gain":0,"player_choice":"Fight","damage_taken":0,"max_hp_gain":0,"max_hp_loss":0,"event_name":"MindBloom","floor":49,"gold_loss":0},{"damage_healed":0,"gold_gain":0,"player_choice":"Embrace Madness","damage_taken":11,"max_hp_gain":0,"max_hp_loss":0,"event_name":"Winding Halls","floor":50,"gold_loss":0,"cards_obtained":["Madness","Madness"]}],"is_beta":false,"boss_relics":[{"not_picked":["Electric Blood","Fusion Hammer"],"picked":"Abe\u0027s Treasure"},{"not_picked":["Black Star","Mark of Pain"],"picked":"SacredBark"}],"items_purged_floors":[24,38],"is_endless":false,"potions_floor_spawned":[7,11,14,16,18,21,22,25,28,29,31,33,35,37,39,44,47,49],"killed_by":"Replay:Hell Engine","ascension_level":7}}