{"host":"kabf61oc9jgfwufg","time":1610025219,"event":{"mods":["AchievementEnabler","Act Like it!","Aspiration","BaseMod","Conspire","GifTheSpireLib","Halation","HexUI Lib","Hubris","Infinite Spire","Minty Spire (QoL Compilation)","Quick Restart","Rare Cards Sparkle","Replay The Spire","Shop Mod","StSLib","Waifu the Spire"],"gold_per_floor":[119,219,235,250,263,297,297,307,307,323,323,340,33,33,33,134,134,144,163,181,36,52,52,52,52],"floor_reached":24,"playtime":1472,"items_purged":["Strike_G","Strike_G"],"score":202,"play_id":"2b3d4804-b111-4f86-b143-d0a6d6d0d9e8","local_time":"20210107131339","is_ascension_mode":false,"campfire_choices":[{"data":"conspire:DoublingDagger","floor":7,"key":"SMITH"},{"data":"hubris:SlightOfHand","floor":11,"key":"SMITH"},{"floor":15,"key":"REST"},{"data":"ReplayTheSpireMod:Scrap Shanks","floor":23,"key":"SMITH"}],"circlet_count":0,"master_deck":["Strike_G","Strike_G","Strike_G","Defend_G","Defend_G","Defend_G","Defend_G","Defend_G","Survivor","Neutralize+1","conspire:DoublingDagger+1","Backstab","hubris:Sniper","hubris:SlightOfHand+1","conspire:DoublingDagger","Hidden Blade","ReplayTheSpireMod:Shiv Toss","ReplayTheSpireMod:Scrap Shanks+1","Flash of Steel","Adrenaline","Acrobatics+1","hubris:Sniper"],"relics":["Ring of the Snake","conspire:DecoderRing","Gambling Chip","Membership Card","conspire:SpecialSausage","infinitespire:Beetle Shell"],"acts_visited":["Exordium","TheCity"],"potions_floor_usage":[6,16,22,24,24],"damage_taken":[{"damage":9,"enemies":"Jaw Worm","floor":1,"turns":5},{"damage":0,"enemies":"Cultist","floor":3,"turns":5},{"damage":0,"enemies":"Small Slimes","floor":4,"turns":5},{"damage":12,"enemies":"Gremlin Gang","floor":5,"turns":8},{"damage":31,"enemies":"3 Sentries","floor":6,"turns":12},{"damage":4,"enemies":"Red Slaver","floor":8,"turns":5},{"damage":0,"enemies":"2 Fungi Beasts","floor":10,"turns":3},{"damage":0,"enemies":"Exordium Thugs","floor":12,"turns":4},{"damage":19,"enemies":"Hexaghost","floor":16,"turns":7},{"damage":16,"enemies":"Spheric Guardian","floor":18,"turns":4},{"damage":2,"enemies":"Chosen","floor":19,"turns":2},{"damage":9,"enemies":"Snake Plant","floor":20,"turns":3},{"damage":16,"enemies":"Cultist and Chosen","floor":22,"turns":4},{"damage":29,"enemies":"Nightmare","floor":24,"turns":7}],"seed_played":"6283062669757908924","potions_obtained":[{"floor":3,"key":"Regen Potion"},{"floor":8,"key":"Elixir"},{"floor":12,"key":"Venom Potion"},{"floor":16,"key":"SteroidPotion"},{"floor":18,"key":"Energy Potion"},{"floor":19,"key":"LiquidMemories"}],"is_trial":false,"path_per_floor":["M","?","M","M","M","E","R","M","T","M","R","M","$","?","R","B",null,"M","M","M","$","M","R","NM"],"character_chosen":"THE_SILENT","items_purchased":["ReplayTheSpireMod:Scrap Shanks","Membership Card","Flash of Steel","hubris:Sniper","infinitespire:Beetle Shell"],"campfire_rested":1,"item_purchase_floors":[13,13,13,21,21],"current_hp_per_floor":[61,61,61,61,49,33,33,29,29,29,29,29,29,29,50,31,70,54,52,43,43,27,27,0,0],"gold":52,"neow_bonus":"UPGRADE_CARD","is_daily":false,"chose_seed":false,"campfire_upgraded":3,"win_rate":0.0,"timestamp":1610025219,"path_taken":["M","?","M","M","M","E","R","M","T","M","R","?","$","?","R","BOSS","M","?","M","?","M","R","NM"],"items_purchased_type":["Card","Relic","Card","Card","Relic"],"build_version":"2020-12-22","purchased_purges":2,"victory":false,"max_hp_per_floor":[70,70,70,70,70,70,70,70,70,70,70,70,70,70,70,70,70,70,70,70,70,70,70,70,70],"card_choices":[{"not_picked":["Outmaneuver","PiercingWail","Deadly Poison"],"picked":"SKIP","floor":1},{"not_picked":["Reflex","Fluid Movement"],"picked":"conspire:DoublingDagger","floor":3},{"not_picked":["Deadly Poison","hubris:Sniper"],"picked":"Backstab","floor":4},{"not_picked":["Dagger Throw","Draining Mist"],"picked":"hubris:Sniper","floor":5},{"not_picked":["Expertise","Acrobatics"],"picked":"hubris:SlightOfHand","floor":6},{"not_picked":["Bane","Quick Slash"],"picked":"conspire:DoublingDagger","floor":8},{"not_picked":["conspire:PoisonWeapons","Sucker Punch"],"picked":"Hidden Blade","floor":10},{"not_picked":["Predator","conspire:PoisonWeapons"],"picked":"ReplayTheSpireMod:Shiv Toss","floor":12},{"not_picked":["Doppelganger","A Thousand Cuts"],"picked":"Adrenaline","floor":16},{"not_picked":["Toxin Wave","Choke"],"picked":"Acrobatics+1","floor":18},{"not_picked":["Dagger Spray","Predator","Skewer"],"picked":"SKIP","floor":19},{"not_picked":["Blade Dance","Deflect","Slice"],"picked":"SKIP","floor":20},{"not_picked":["Poisoned Stab","Sucker Punch","hubris:Counter+1"],"picked":"SKIP","floor":22}],"player_experience":59007,"relics_obtained":[{"floor":6,"key":"conspire:DecoderRing"},{"floor":9,"key":"Gambling Chip"}],"event_choices":[{"damage_healed":0,"gold_gain":100,"player_choice":"Pray","damage_taken":0,"max_hp_gain":0,"max_hp_loss":0,"event_name":"Golden Shrine","floor":2,"gold_loss":0},{"damage_healed":0,"gold_gain":0,"player_choice":"Ignored","damage_taken":0,"max_hp_gain":0,"max_hp_loss":0,"event_name":"NoteForYourself","floor":14,"gold_loss":0}],"is_beta":false,"boss_relics":[{"not_picked":["Kintsugi","conspire:SeveredTorchhead"],"picked":"conspire:SpecialSausage"}],"items_purged_floors":[13,21],"is_endless":false,"potions_floor_spawned":[3,8,12,16,18,19],"killed_by":"Nightmare","ascension_level":0}}