{"host":"eemx8njkng76fu5x","time":1610039795,"event":{"mods":["2.2 Compatiblity","BaseMod","Downfall","Minty Spire (QoL Compilation)","Permanent Neow","StSLib","Unceasing Turn Reminder","Unknown Chances"],"gold_per_floor":[99,115,134,134,154,154,180,213,138,151,151,168,93,120,136,215,215,140,150,161,181,195,21,21,54,73,73,104,204,204,61,75,147,147,147,165,22,22,45,76,76,371,400,420,420,447,447,479,498,498,498,525,4,4,4],"floor_reached":56,"playtime":3571,"items_purged":["Slimebound:SlimeTap","Slimebound:SamplingLick","Slimebound:Split","Slimebound:Tackle","Slimebound:HungryTackle"],"score":2127,"play_id":"c0ea22e6-408f-4876-b734-f3090be067e4","local_time":"20210108011635","is_ascension_mode":true,"campfire_choices":[{"data":"Slimebound:HauntingLick","floor":1,"key":"SMITH"},{"floor":9,"key":"RECALL"},{"data":"Slimebound:GrowthPunch","floor":13,"key":"SMITH"},{"data":"Slimebound:Recycling","floor":18,"key":"SMITH"},{"data":"Slimebound:GrowthPunch","floor":30,"key":"SMITH"},{"data":"Slimebound:SamplingLick","floor":35,"key":"SMITH"},{"data":"Slimebound:CorrosiveSpit","floor":47,"key":"SMITH"},{"data":"Slimebound:SpikyOuterGoop","floor":54,"key":"SMITH"}],"circlet_count":0,"master_deck":["AscendersBane","Slimebound:Strike_Slimebound+1","Slimebound:Strike_Slimebound+1","Slimebound:Defend_Slimebound+1","Slimebound:Defend_Slimebound+1","Slimebound:Defend_Slimebound+1","Slimebound:Defend_Slimebound+1","Slimebound:CorrosiveSpit+1","Slimebound:HauntingLick+1","Slimebound:GrowthPunch+1","Slimebound:GrowthPunch+1","Slimebound:Recollect+1","Slimebound:SamplingLick+1","Slimebound:Recycling+1","Slimebound:Recollect","Slimebound:SpikyOuterGoop+1","Slimebound:Recollect+1","Slimebound:Grow+1","Slimebound:Grow+1","Slimebound:SpikyOuterGoop+1"],"relics":["Slimebound:AbsorbEndCombatUpgraded","Orichalcum","Dream Catcher","downfall:HeartBlessingBlue","downfall:HeartBlessingRed","Art of War","downfall:HeartBlessingGreen","Mercury Hourglass","Smiling Mask","Frozen Egg 2","White Beast Statue","sneckomod:SneckoTalon","Potion Belt","Nunchaku","Pantograph","Bag of Preparation","Ornamental Fan","War Paint","Bottled Lightning","TheAbacus","Pen Nib"],"acts_visited":["Exordium","TheCity","TheBeyond","TheEnding"],"potions_floor_usage":[8,14,16,25,33,37,55,55],"damage_taken":[{"damage":4,"enemies":"Cultist","floor":2,"turns":4},{"damage":11,"enemies":"Jaw Worm","floor":3,"turns":3},{"damage":13,"enemies":"Small Slimes","floor":5,"turns":4},{"damage":22,"enemies":"Lagavulin","floor":8,"turns":8},{"damage":14,"enemies":"Exordium Thugs","floor":10,"turns":8},{"damage":13,"enemies":"3 Louse","floor":12,"turns":3},{"damage":19,"enemies":"3 Sentries","floor":14,"turns":9},{"damage":4,"enemies":"Large Slime","floor":15,"turns":3},{"damage":23,"enemies":"downfall:Ironclad","floor":16,"turns":9},{"damage":14,"enemies":"Shell Parasite","floor":19,"turns":8},{"damage":19,"enemies":"Snecko","floor":20,"turns":5},{"damage":24,"enemies":"Centurion and Healer","floor":21,"turns":8},{"damage":5,"enemies":"3 Cultists","floor":22,"turns":6},{"damage":8,"enemies":"downfall:FleeingMerchant","floor":23,"turns":4},{"damage":23,"enemies":"Slavers","floor":25,"turns":5},{"damage":25,"enemies":"Snake Plant","floor":26,"turns":4},{"damage":42,"enemies":"Gremlin Leader","floor":28,"turns":7},{"damage":8,"enemies":"downfall:LadyInBlue","floor":29,"turns":4},{"damage":8,"enemies":"downfall:FleeingMerchant","floor":31,"turns":4},{"damage":18,"enemies":"Shelled Parasite and Fungi","floor":32,"turns":5},{"damage":46,"enemies":"downfall:Defect","floor":33,"turns":10},{"damage":19,"enemies":"Orb Walker","floor":36,"turns":5},{"damage":26,"enemies":"downfall:FleeingMerchant","floor":37,"turns":4},{"damage":18,"enemies":"Giant Head","floor":40,"turns":9},{"damage":0,"enemies":"downfall:FleeingMerchant","floor":42,"turns":2},{"damage":10,"enemies":"Nemesis","floor":43,"turns":7},{"damage":0,"enemies":"3 Darklings","floor":44,"turns":5},{"damage":6,"enemies":"Giant Head","floor":46,"turns":7},{"damage":2,"enemies":"Nemesis","floor":48,"turns":9},{"damage":25,"enemies":"Jaw Worm Horde","floor":49,"turns":4},{"damage":3,"enemies":"downfall:Silent","floor":50,"turns":11},{"damage":39,"enemies":"downfall:CharBossMerchant","floor":52,"turns":10},{"damage":4,"enemies":"downfall:NeowBoss","floor":55,"turns":24}],"seed_played":"2377806669350661407","potions_obtained":[{"floor":5,"key":"Weak Potion"},{"floor":8,"key":"champ:CounterPotion"},{"floor":10,"key":"Fire Potion"},{"floor":12,"key":"Block Potion"},{"floor":15,"key":"DistilledChaos"},{"floor":20,"key":"Dexterity Potion"},{"floor":25,"key":"sneckomod:MuddlingPotion"},{"floor":26,"key":"Ancient Potion"},{"floor":29,"key":"DistilledChaos"},{"floor":33,"key":"GamblersBrew"},{"floor":37,"key":"SpeedPotion"},{"floor":40,"key":"Swift Potion"},{"floor":42,"key":"SteroidPotion"},{"floor":49,"key":"Strength Potion"}],"is_trial":false,"path_per_floor":["R","M","M","T","M","?","T","E","R","M","?","M","R","E","M","B",null,"R","M","M","M","M","$","T","E","M","?","E","?","R","$","M","B",null,"R","M","$","?","?","E","T","$","E","M","?","E","R","E","M","B",null,"E","$","R","B",null],"character_chosen":"SLIMEBOUND","items_purchased":["Slimebound:Recollect","Slimebound:Recollect","Slimebound:Grow+1","Slimebound:SpikyOuterGoop+1","TheAbacus","Pen Nib","PowerPotion"],"campfire_rested":0,"item_purchase_floors":[23,31,37,53,53,53,53],"current_hp_per_floor":[49,53,49,49,46,46,46,38,48,48,48,45,45,38,44,47,60,60,64,64,64,63,64,64,64,55,55,61,64,64,64,64,53,61,61,61,64,64,64,61,61,64,64,64,64,64,64,64,64,64,64,59,59,59,64],"gold":4,"neow_bonus":"THREE_CARDS","is_daily":false,"chose_seed":false,"campfire_upgraded":7,"win_rate":0.0,"timestamp":1610039795,"path_taken":["R","M","M","?","M","?","T","E","R","M","?","M","R","E","M","BOSS","R","M","M","M","M","$","T","E","M","?","E","?","R","$","M","BOSS","R","M","$","?","?","E","T","$","E","M","?","E","R","E","M","BOSS","E","$","R","BOSS"],"items_purchased_type":["Card","Card","Card","Card","Relic","Relic","Potion"],"build_version":"2020-12-22","purchased_purges":5,"victory":true,"max_hp_per_floor":[54,54,54,54,54,54,54,54,64,64,64,64,64,64,64,64,64,64,64,64,64,64,64,64,64,64,64,64,64,64,64,64,64,64,64,64,64,64,64,64,64,64,64,64,64,64,64,64,64,64,64,64,64,64,64],"card_choices":[{"not_picked":["Slimebound:ServeAndProtect","Slimebound:SplitLeeching"],"picked":"Slimebound:HauntingLick","floor":0},{"not_picked":["Slimebound:Schlurp","Slimebound:ComboTackle"],"picked":"Slimebound:GrowthPunch","floor":2},{"not_picked":["Slimebound:ComboTackle","Slimebound:FinishingTackle"],"picked":"Slimebound:SlimeTap","floor":3},{"not_picked":["Slimebound:Schlurp","Slimebound:ServeAndProtect"],"picked":"Slimebound:GrowthPunch","floor":5},{"not_picked":["Slimebound:RollThrough","Slimebound:ServeAndProtect","Slimebound:GoopTackle"],"picked":"SKIP","floor":8},{"not_picked":["Slimebound:ServeAndProtect","Slimebound:SplitAcid"],"picked":"Slimebound:SamplingLick","floor":10},{"not_picked":["Slimebound:SlimeSpikes","Slimebound:SplitAcid"],"picked":"Slimebound:Recollect","floor":12},{"not_picked":["Slimebound:SplitBruiser","Slimebound:Schlurp"],"picked":"Slimebound:SamplingLick","floor":14},{"not_picked":["Slimebound:FinishingTackle","Slimebound:SelfFormingGoo","Slimebound:DivideAndConquer"],"picked":"SKIP","floor":15},{"not_picked":["Slimebound:WasteNot","Slimebound:LeechLife"],"picked":"Slimebound:Recycling","floor":16},{"not_picked":["Slimebound:PressTheAttack","Slimebound:SplitBruiser","Slimebound:Replication"],"picked":"SKIP","floor":19},{"not_picked":["Slimebound:TongueLash+1","Slimebound:SplitBruiser","Slimebound:DivideAndConquer"],"picked":"SKIP","floor":20},{"not_picked":["Slimebound:FinishingTackle","Slimebound:SamplingLick","Slimebound:RollThrough"],"picked":"SKIP","floor":21},{"not_picked":["Slimebound:FinishingTackle","Slimebound:LeechEnergy"],"picked":"Slimebound:HungryTackle","floor":22},{"not_picked":["Slimebound:FinishingTackle+1","Slimebound:LeechLife","Slimebound:Prepare"],"picked":"SKIP","floor":23},{"not_picked":["Slimebound:Teamwork","Slimebound:FlameTackle","Slimebound:TagTeam"],"picked":"SKIP","floor":25},{"not_picked":["Slimebound:DivideAndConquer","Slimebound:SplitLeeching"],"picked":"Slimebound:SpikyOuterGoop","floor":26},{"not_picked":["Slimebound:ServeAndProtect","Slimebound:RollThrough","Slimebound:GoopSpray"],"picked":"SKIP","floor":28},{"not_picked":["Slimebound:ServeAndProtect","Slimebound:SlimeSpikes","Slimebound:SlimeBarrage"],"picked":"SKIP","floor":31},{"not_picked":["Slimebound:TongueLash","Slimebound:FormOfPuddle","Slimebound:Overexert+1"],"picked":"SKIP","floor":32},{"not_picked":["Slimebound:ComboTackle","Slimebound:GoopSpray","Slimebound:SplitMire"],"picked":"SKIP","floor":36},{"not_picked":["Slimebound:GoopSpray+1","Slimebound:Repurpose+1","Slimebound:LeadByExample+1"],"picked":"SKIP","floor":37},{"not_picked":["Slimebound:SamplingLick","Slimebound:SplitLeeching","Slimebound:FlameTackle+1"],"picked":"SKIP","floor":40},{"not_picked":["Slimebound:FinishingTackle","Slimebound:SplitLeeching"],"picked":"Slimebound:Grow+1","floor":42},{"not_picked":["Slimebound:PressTheAttack","Slimebound:Dissolve","Slimebound:Schlurp+1"],"picked":"SKIP","floor":43},{"not_picked":["Slimebound:FinishingTackle","Slimebound:GoopSpray+1","Slimebound:ComboTackle+1"],"picked":"SKIP","floor":44},{"not_picked":["Slimebound:Repurpose+1","Slimebound:Equalize+1","Slimebound:GoopSpray+1"],"picked":"SKIP","floor":46},{"not_picked":["Slimebound:SlimeSlap","Slimebound:LeechEnergy+1","Slimebound:LeechingTouch+1"],"picked":"SKIP","floor":48},{"not_picked":["Slimebound:SlimeSlap","Slimebound:LeechEnergy+1","Slimebound:LeechingTouch+1"],"picked":"SKIP","floor":48},{"not_picked":["Slimebound:SplitMire+1","Slimebound:DivideAndConquer","Slimebound:SplitBruiser"],"picked":"SKIP","floor":49},{"not_picked":["Slimebound:SplitAcid","Slimebound:LeechingTouch+1","Slimebound:ServeAndProtect+1"],"picked":"SKIP","floor":52}],"player_experience":465458,"relics_obtained":[{"floor":7,"key":"Orichalcum"},{"floor":8,"key":"Dream Catcher"},{"floor":14,"key":"Art of War"},{"floor":24,"key":"Mercury Hourglass"},{"floor":25,"key":"Smiling Mask"},{"floor":28,"key":"Frozen Egg 2"},{"floor":29,"key":"White Beast Statue"},{"floor":39,"key":"Potion Belt"},{"floor":40,"key":"Nunchaku"},{"floor":41,"key":"Pantograph"},{"floor":43,"key":"Bag of Preparation"},{"floor":46,"key":"Ornamental Fan"},{"floor":48,"key":"War Paint"},{"floor":52,"key":"Bottled Lightning"}],"event_choices":[{"damage_healed":0,"gold_gain":0,"player_choice":"Simplicity","damage_taken":0,"max_hp_gain":0,"max_hp_loss":0,"event_name":"Back to Basics","floor":27,"gold_loss":0,"cards_upgraded":["Slimebound:Strike_Slimebound","Slimebound:Strike_Slimebound","Slimebound:Defend_Slimebound","Slimebound:Defend_Slimebound","Slimebound:Defend_Slimebound","Slimebound:Defend_Slimebound"]}],"is_beta":false,"boss_relics":[{"not_picked":["Black Star","expansioncontent:StudyCardRelic"],"picked":"Slimebound:AbsorbEndCombatUpgraded"},{"not_picked":["Fusion Hammer","Pandora\u0027s Box"],"picked":"sneckomod:SneckoTalon"}],"items_purged_floors":[23,31,37,42,53],"is_endless":false,"potions_floor_spawned":[5,8,10,12,15,20,25,26,29,31,32,33,36,37,40,42,43,44,46,48,49,52],"ascension_level":16}}