{"host":"v4tuy5ykrbdcm9o9","time":1610059018,"event":{"mods":["BaseMod","Duelist Mod","Minty Spire (QoL Compilation)","Replay The Spire","StSLib"],"gold_per_floor":[119,119,119,134,146,171,171,200,225,225,240,41,64,30,30,125,125,142,142,10,110,128,128,159,179,179,196,231,105,124,153,153,253,253,267,280,333,0,0,34,34,63,63,76,104,115,149,149,149,149,149,149,18,51,51],"floor_reached":56,"playtime":5494,"items_purged":[],"score":1526,"play_id":"f129a5cb-6a65-4294-b428-c5ef8ffe9e77","local_time":"20210107173658","is_ascension_mode":true,"campfire_choices":[{"floor":7,"key":"REST"},{"floor":10,"key":"REST"},{"data":"Calculated Gamble","floor":15,"key":"SMITH"},{"data":"ReplayTheSpireMod:Scrap Shanks","floor":23,"key":"SMITH"},{"floor":32,"key":"REST"},{"floor":41,"key":"REST"},{"floor":49,"key":"RECALL"},{"data":"After Image","floor":52,"key":"SMITH"}],"circlet_count":0,"master_deck":["Strike_G","Strike_G+1","Strike_G+1","Strike_G+1","Strike_G","Defend_G","Defend_G","Defend_G","Defend_G","Defend_G","Survivor","Neutralize+1","Finisher","Acrobatics","Dagger Spray","ReplayTheSpireMod:Scrap Shanks+1","ReplayTheSpireMod:The Works","Calculated Gamble+1","Prepared","Storm of Steel","Accuracy+1","Blade Dance","Heel Hook+1","Backstab","Choke+1","Backstab","Corpse Explosion+1","Adrenaline+1","Blade Dance+1","Sneak Up+1","Crippling Poison+1","Acrobatics+1","ReplayTheSpireMod:Speed Training+1","Cloak And Dagger+1","After Image+1","Accuracy","Hidden Blade+1"],"relics":["Ring of the Snake","Lantern","Replay:Baseball","MealTicket","ReplayTheSpireMod:Lightbulb","Odd Mushroom","Busted Crown","Whetstone","Toxic Egg 2","Garlic","Kunai","Replay:Bronze Core","Pocketwatch","Bag of Marbles","Nunchaku","Omamori","Boot","Paper Crane","Akabeko","Replay:Bottled Snecko"],"acts_visited":["Exordium","TheCity","TheBeyond","TheEnding"],"potions_floor_usage":[8,11,24,24,28,30,40,50,50,54,55],"damage_taken":[{"damage":1,"enemies":"Jaw Worm","floor":1,"turns":4},{"damage":0,"enemies":"2 Louse","floor":4,"turns":2},{"damage":0,"enemies":"Cultist","floor":5,"turns":3},{"damage":26,"enemies":"Replay:BlueRogue","floor":6,"turns":6},{"damage":14,"enemies":"Gremlin Nob","floor":8,"turns":4},{"damage":0,"enemies":"Exordium Wildlife","floor":11,"turns":1},{"damage":2,"enemies":"The Mushroom Lair","floor":13,"turns":3},{"damage":30,"enemies":"Hexaghost","floor":16,"turns":9},{"damage":0,"enemies":"Chosen","floor":18,"turns":2},{"damage":11,"enemies":"Shell Parasite","floor":22,"turns":3},{"damage":30,"enemies":"Gremlin Leader","floor":24,"turns":3},{"damage":0,"enemies":"Centurion and Healer","floor":25,"turns":3},{"damage":0,"enemies":"3 Cultists","floor":27,"turns":3},{"damage":0,"enemies":"Replay:Snechameleon","floor":28,"turns":1},{"damage":12,"enemies":"Snake Plant","floor":30,"turns":3},{"damage":0,"enemies":"theDuelist:KaibaA2","floor":31,"turns":2},{"damage":15,"enemies":"Collector","floor":33,"turns":6},{"damage":6,"enemies":"Orb Walker","floor":35,"turns":3},{"damage":0,"enemies":"3 Darklings","floor":36,"turns":1},{"damage":15,"enemies":"2 Orb Walkers","floor":37,"turns":3},{"damage":25,"enemies":"Nemesis","floor":40,"turns":5},{"damage":0,"enemies":"Reptomancer","floor":42,"turns":3},{"damage":0,"enemies":"Spire Growth","floor":44,"turns":2},{"damage":0,"enemies":"R_Hoarder","floor":45,"turns":5},{"damage":2,"enemies":"Jaw Worm Horde","floor":46,"turns":3},{"damage":3,"enemies":"Reptomancer","floor":47,"turns":4},{"damage":8,"enemies":"Replay:Hell Engine","floor":50,"turns":6},{"damage":0,"enemies":"Shield and Spear","floor":54,"turns":4},{"damage":43,"enemies":"The Heart","floor":55,"turns":8}],"seed_played":"-2121449261850349881","potions_obtained":[{"floor":6,"key":"Fire Potion"},{"floor":8,"key":"BlessingOfTheForge"},{"floor":13,"key":"Ancient Potion"},{"floor":18,"key":"Elixir"},{"floor":22,"key":"BlessingOfTheForge"},{"floor":25,"key":"Weak Potion"},{"floor":27,"key":"FearPotion"},{"floor":31,"key":"Cursed Concoction"},{"floor":37,"key":"DuplicationPotion"},{"floor":40,"key":"LiquidMemories"},{"floor":44,"key":"Block Potion"}],"is_trial":false,"path_per_floor":["M","?","?","M","M","E","R","E","T","R","M","$","?","$","R","B",null,"M","?","$","?","M","R","E","M","T","M","E","$","M","E","R","B",null,"M","M","?","$","?","E","R","E","T","M","E","M","E","?","R","B",null,"R","$","E","B",null],"character_chosen":"THE_SILENT","items_purchased":["ReplayTheSpireMod:Lightbulb","Elixir","Accuracy","Adrenaline Potion","SteroidPotion","Backstab","Bag of Marbles","Nunchaku","Acrobatics+1","Accuracy","Hidden Blade+1","SkillPotion"],"campfire_rested":4,"item_purchase_floors":[12,14,20,20,29,29,38,38,38,53,53,53],"current_hp_per_floor":[62,62,62,62,62,36,61,47,47,72,72,84,82,84,84,54,77,77,61,76,76,65,65,35,35,35,35,35,50,38,38,64,49,79,73,73,58,73,73,48,74,74,74,74,74,72,69,69,69,61,82,82,89,89,46],"gold":51,"neow_bonus":"TWENTY_PERCENT_HP_BONUS","is_daily":false,"chose_seed":false,"campfire_upgraded":3,"win_rate":0.0,"timestamp":1610059018,"path_taken":["M","?","?","M","M","E","R","E","T","R","?","?","?","?","R","BOSS","M","?","$","?","?","R","E","M","T","M","E","$","M","E","R","BOSS","M","M","?","$","?","E","R","E","T","?","E","M","E","?","R","BOSS","R","$","E","BOSS"],"items_purchased_type":["Relic","Potion","Card","Potion","Potion","Card","Relic","Relic","Card","Card","Card","Potion"],"build_version":"2020-12-22","purchased_purges":0,"victory":true,"max_hp_per_floor":[84,84,84,84,84,84,84,84,84,84,84,84,84,84,84,84,84,84,89,89,89,89,89,89,89,89,89,89,89,89,89,89,89,89,89,89,89,89,89,89,89,89,89,89,89,89,89,89,89,89,89,89,89,89,89],"card_choices":[{"not_picked":["Quick Slash","Flying Knee"],"picked":"Finisher","floor":1},{"not_picked":["PiercingWail","Catalyst"],"picked":"Acrobatics","floor":4},{"not_picked":["Deflect","Finisher"],"picked":"Dagger Spray","floor":5},{"not_picked":["Acrobatics","Prepared"],"picked":"ReplayTheSpireMod:Scrap Shanks","floor":6},{"not_picked":["Quick Slash","Catalyst"],"picked":"ReplayTheSpireMod:The Works","floor":8},{"not_picked":["Expertise","Dash"],"picked":"Calculated Gamble","floor":11},{"not_picked":["Draining Mist","ReplayTheSpireMod:Exploit Weakness"],"picked":"Prepared","floor":13},{"not_picked":["Doppelganger","A Thousand Cuts"],"picked":"Storm of Steel","floor":16},{"not_picked":["Sucker Punch"],"picked":"SKIP","floor":18},{"not_picked":[],"picked":"Blade Dance","floor":22},{"not_picked":[],"picked":"Heel Hook+1","floor":24},{"not_picked":[],"picked":"Backstab","floor":25},{"not_picked":[],"picked":"Choke+1","floor":27},{"not_picked":["Poisoned Stab"],"picked":"SKIP","floor":28},{"not_picked":["Bane"],"picked":"SKIP","floor":30},{"not_picked":[],"picked":"Corpse Explosion+1","floor":31},{"not_picked":[],"picked":"Adrenaline+1","floor":33},{"not_picked":[],"picked":"Blade Dance+1","floor":35},{"not_picked":[],"picked":"Sneak Up+1","floor":36},{"not_picked":[],"picked":"Crippling Poison+1","floor":37},{"not_picked":["Catalyst+1"],"picked":"SKIP","floor":40},{"not_picked":[],"picked":"ReplayTheSpireMod:Speed Training+1","floor":42},{"not_picked":[],"picked":"Cloak And Dagger+1","floor":44},{"not_picked":["Dash"],"picked":"SKIP","floor":45},{"not_picked":["Skewer"],"picked":"SKIP","floor":46},{"not_picked":[],"picked":"After Image","floor":47},{"not_picked":["Crippling Poison+1"],"picked":"SKIP","floor":54}],"player_experience":565829,"relics_obtained":[{"floor":6,"key":"Lantern"},{"floor":8,"key":"Replay:Baseball"},{"floor":9,"key":"MealTicket"},{"floor":13,"key":"Odd Mushroom"},{"floor":24,"key":"Whetstone"},{"floor":26,"key":"Toxic Egg 2"},{"floor":28,"key":"Garlic"},{"floor":31,"key":"Kunai"},{"floor":37,"key":"Pocketwatch"},{"floor":40,"key":"Omamori"},{"floor":42,"key":"Boot"},{"floor":45,"key":"Paper Crane"},{"floor":47,"key":"Akabeko"},{"floor":54,"key":"Replay:Bottled Snecko"}],"event_choices":[{"damage_healed":0,"gold_gain":0,"player_choice":"Grow","damage_taken":0,"max_hp_gain":0,"max_hp_loss":0,"event_name":"Living Wall","floor":3,"gold_loss":0,"cards_upgraded":["Neutralize"]},{"damage_healed":0,"gold_gain":0,"player_choice":"Fought Mushrooms","damage_taken":0,"max_hp_gain":0,"max_hp_loss":0,"event_name":"Mushrooms","floor":13,"gold_loss":0},{"damage_healed":0,"gold_gain":0,"player_choice":"Shed Blood","damage_taken":21,"max_hp_gain":5,"max_hp_loss":0,"event_name":"Forgotten Altar","floor":19,"gold_loss":0},{"damage_healed":0,"gold_gain":100,"player_choice":"Pray","damage_taken":0,"max_hp_gain":0,"max_hp_loss":0,"event_name":"Golden Shrine","floor":21,"gold_loss":0},{"damage_healed":0,"gold_gain":0,"player_choice":"Fight","damage_taken":0,"max_hp_gain":0,"max_hp_loss":0,"event_name":"Mysterious Sphere","floor":37,"gold_loss":0},{"damage_healed":0,"gold_gain":0,"player_choice":"Upgraded","damage_taken":0,"max_hp_gain":0,"max_hp_loss":0,"event_name":"Upgrade Shrine","floor":39,"gold_loss":0,"cards_upgraded":["Accuracy"]}],"is_beta":false,"boss_relics":[{"not_picked":["Philosopher\u0027s Stone","Ectoplasm"],"picked":"Busted Crown"},{"not_picked":["Sozu","Ring of Chaos"],"picked":"Replay:Bronze Core"}],"items_purged_floors":[],"is_endless":false,"potions_floor_spawned":[6,8,13,18,22,25,27,31,37,40,44],"ascension_level":5}}