{"host":"pg153vf64di6ii13","time":1609967823,"event":{"mods":["Act Like it!","BaseMod","Colored Map","Colored Powertips","Conspire","Decade(Õı–°√˜)","Googly Eyes","Highlight Path","KomeijiMod","Minty Spire (QoL Compilation)","Reimu£®≤©¿ˆ¡È√Œ£©","StSLib","Youmu£®ªÍ∆«—˝√Œ£©"],"gold_per_floor":[109,284,295,308,328,328,328],"floor_reached":6,"playtime":836,"items_purged":[],"score":38,"play_id":"71990f45-27e2-4615-98e3-dd81bc2148dd","local_time":"20210107051703","is_ascension_mode":false,"campfire_choices":[],"circlet_count":0,"master_deck":["Decade_Attack","Decade_Attack","Decade_Attack","Decade_Attack","KamenRide","Decade_SpecialSkill","Decade_Defend","Decade_Defend","Decade_Defend","Decade_Defend","KamenRideBlade","FormRideJack","Doubt","FormRideStorm","Blade_Kick","MirrorWorld","FormRideDragon","KamenRideDenO","Hibiki_Attack2"],"relics":["Decadriver","TOEIDeficitBill","MirrorWorldRelic"],"acts_visited":["Exordium"],"potions_floor_usage":[],"damage_taken":[{"damage":11,"enemies":"Jaw Worm","floor":1,"turns":2},{"damage":0,"enemies":"2 Louse","floor":3,"turns":4},{"damage":1,"enemies":"Cultist","floor":4,"turns":6},{"damage":18,"enemies":"3 Louse","floor":5,"turns":5},{"damage":20,"enemies":"Gremlin Nob","floor":6,"turns":4}],"seed_played":"-8657193812981086693","potions_obtained":[{"floor":1,"key":"SpeedPotion"}],"is_trial":false,"path_per_floor":["M","?","M","M","M","E"],"character_chosen":"Decade","items_purchased":[],"campfire_rested":0,"item_purchase_floors":[],"current_hp_per_floor":[59,59,59,58,40,13,13],"gold":328,"neow_bonus":"","is_daily":false,"chose_seed":false,"campfire_upgraded":0,"win_rate":0.0,"timestamp":1609967823,"path_taken":["M","?","M","M","M","E"],"items_purchased_type":[],"build_version":"2020-12-22","purchased_purges":0,"victory":false,"max_hp_per_floor":[70,70,70,70,70,70,70],"card_choices":[{"not_picked":["Kiva_Frozen","DenO_Ax"],"picked":"KamenRideBlade","floor":1},{"not_picked":["UnarmedAttack7","FormRidePegasus"],"picked":"FormRideJack","floor":1},{"not_picked":["FormRideBasshaa","UnarmedAttack1"],"picked":"FormRideStorm","floor":3},{"not_picked":["FormRideStorm","FormRideFlame"],"picked":"Blade_Kick","floor":3},{"not_picked":["Blade_Slash","Blade_Mach"],"picked":"MirrorWorld","floor":4},{"not_picked":["KamenRideBlade","DenO_Ax"],"picked":"FormRideDragon","floor":4},{"not_picked":["Decade_Invisible","KamenRideKiva"],"picked":"KamenRideDenO","floor":5},{"not_picked":["Kiva_Eat","FormRideStorm"],"picked":"Hibiki_Attack2","floor":5}],"player_experience":0,"relics_obtained":[],"event_choices":[{"damage_healed":0,"gold_gain":175,"player_choice":"AGREE","damage_taken":0,"max_hp_gain":0,"max_hp_loss":0,"event_name":"Liars Game","floor":2,"gold_loss":0,"cards_obtained":["Doubt"]}],"is_beta":false,"boss_relics":[],"items_purged_floors":[],"is_endless":false,"potions_floor_spawned":[1],"killed_by":"Gremlin Nob","ascension_level":0}}