{"host":"ig7tc0uedzltt2sr","time":1610001386,"event":{"mods":["BaseMod","Better Twitch Integration","Block Reminder","Colored Map","Colored Powertips","Communication Mod","Current Relic Mod","GifTheSpireLib","HexUI Lib","Minty Spire (QoL Compilation)","Quick Restart","Random Character Button","Rare Cards Sparkle","Relic Sorter","Relic Stats","Slay the Relics Exporter","StSLib","SuperFastMode","Synergy Search","Twitch Decklist","Twitch Utils","everything is the same but u backflip on backflip","slay the spire mod where everything is the same but ironclad has a cowboy hat"],"gold_per_floor":[117,130,144,164,183,183,183],"floor_reached":6,"playtime":58,"items_purged":[],"score":40,"play_id":"e5c8ac6b-71c0-4ff6-b858-bc1c0116f9f7","local_time":"20210106223626","is_ascension_mode":false,"campfire_choices":[],"circlet_count":0,"master_deck":["Strike_R","Strike_R","Strike_R","Strike_R","Strike_R","Defend_R","Defend_R","Defend_R","Defend_R","Bash","Bloodletting","Reckless Charge","Wild Strike","Heavy Blade"],"relics":["Burning Blood","NeowsBlessing"],"acts_visited":["Exordium"],"potions_floor_usage":[],"damage_taken":[{"damage":0,"enemies":"2 Louse","floor":1,"turns":1},{"damage":0,"enemies":"Small Slimes","floor":2,"turns":1},{"damage":0,"enemies":"Jaw Worm","floor":3,"turns":1},{"damage":21,"enemies":"Red Slaver","floor":4,"turns":4},{"damage":32,"enemies":"Exordium Thugs","floor":5,"turns":7},{"damage":43,"enemies":"3 Sentries","floor":6,"turns":6}],"seed_played":"-2141874401026695150","potions_obtained":[{"floor":1,"key":"ColorlessPotion"},{"floor":5,"key":"DuplicationPotion"}],"is_trial":false,"path_per_floor":["M","M","M","M","M","E"],"character_chosen":"IRONCLAD","items_purchased":[],"campfire_rested":0,"item_purchase_floors":[],"current_hp_per_floor":[80,80,80,65,39,0,0],"gold":183,"neow_bonus":"THREE_ENEMY_KILL","is_daily":false,"chose_seed":false,"campfire_upgraded":0,"win_rate":0.0,"timestamp":1610001386,"path_taken":["M","M","M","M","M","E"],"items_purchased_type":[],"build_version":"2020-12-22","purchased_purges":0,"victory":false,"max_hp_per_floor":[80,80,80,80,80,80,80],"relic_stats":{"counters":[6,20],"obtain_stats":[{"NeowsBlessing":0,"Burning Blood":0},{"NeowsBlessing":0,"Burning Blood":0},{"NeowsBlessing":0,"Burning Blood":0}],"Burning Blood":12},"card_choices":[{"not_picked":["Inflame","Sword Boomerang"],"picked":"Bloodletting","floor":1},{"not_picked":["Battle Trance","Shrug It Off","Wild Strike"],"picked":"SKIP","floor":2},{"not_picked":["Armaments","Sword Boomerang"],"picked":"Reckless Charge","floor":3},{"not_picked":["Body Slam","Bloodletting"],"picked":"Wild Strike","floor":4},{"not_picked":["Iron Wave","Searing Blow"],"picked":"Heavy Blade","floor":5}],"player_experience":1450866,"relics_obtained":[],"event_choices":[],"is_beta":false,"boss_relics":[],"items_purged_floors":[],"is_endless":false,"potions_floor_spawned":[1,5],"killed_by":"3 Sentries","ascension_level":0}}