{"host":"g01l53quoe6lrer0","time":1610054886,"event":{"mods":["2.2 Compatiblity","AchievementEnabler","BaseMod","Colored Map","Highlight Path","Keyboard Shortcuts","Minty Spire (QoL Compilation)","Permanent Neow","StSLib","SuperFastMode","everything is the same but u backflip on backflip"],"gold_per_floor":[13,24,24,40,40,40,68,87,87,112,100,112,142,153,153,253,303,321,17,17,31,31,31,49,124,197,197,208,208,133,133,133,237,237,256,256,256],"floor_reached":38,"playtime":1259,"items_purged":["Strike_R"],"score":1009,"play_id":"f1324c01-7ba4-429b-b842-614f8024df6d","local_time":"20210108062806","is_ascension_mode":true,"campfire_choices":[{"data":"Corruption","floor":6.0,"key":"SMITH"},{"floor":15.0,"key":"REST"},{"data":"Offering","floor":23.0,"key":"SMITH"},{"data":"Dark Embrace","floor":27.0,"key":"SMITH"},{"data":"Dual Wield","floor":29.0,"key":"SMITH"},{"data":"Feel No Pain","floor":32.0,"key":"SMITH"}],"circlet_count":0,"master_deck":["AscendersBane","Strike_R","Strike_R+1","Defend_R","Defend_R","Defend_R","Defend_R","Bash","Corruption+1","Shrug It Off","Feel No Pain","Rampage","Fire Breathing","Shockwave","Dropkick","Dark Embrace+1","Offering+1","Disarm","True Grit","Sentinel","Flame Barrier","Feel No Pain+1","Dual Wield+1","Dropkick"],"relics":["Burning Blood","Ancient Tea Set","Nunchaku","Bottled Tornado","Bronze Scales","Tiny House","Bag of Preparation","Pantograph","Sozu"],"acts_visited":["Exordium","TheCity","TheBeyond"],"potions_floor_usage":[],"damage_taken":[{"damage":15.0,"enemies":"Cultist","floor":1.0,"turns":5.0},{"damage":1.0,"enemies":"2 Louse","floor":2.0,"turns":4.0},{"damage":2.0,"enemies":"Jaw Worm","floor":4.0,"turns":5.0},{"damage":13.0,"enemies":"Lagavulin","floor":7.0,"turns":7.0},{"damage":18.0,"enemies":"Large Slime","floor":8.0,"turns":6.0},{"damage":12.0,"enemies":"3 Sentries","floor":10.0,"turns":4.0},{"damage":12.0,"enemies":"Exordium Thugs","floor":11.0,"turns":4.0},{"damage":0.0,"enemies":"Looter","floor":12.0,"turns":4.0},{"damage":31.0,"enemies":"Gremlin Nob","floor":13.0,"turns":5.0},{"damage":15.0,"enemies":"2 Fungi Beasts","floor":14.0,"turns":3.0},{"damage":31.0,"enemies":"The Guardian","floor":16.0,"turns":9.0},{"damage":14.0,"enemies":"Spheric Guardian","floor":18.0,"turns":4.0},{"damage":7.0,"enemies":"Shell Parasite","floor":21.0,"turns":4.0},{"damage":2.0,"enemies":"Chosen and Byrds","floor":24.0,"turns":5.0},{"damage":8.0,"enemies":"3 Cultists","floor":28.0,"turns":6.0},{"damage":8.0,"enemies":"Collector","floor":33.0,"turns":4.0},{"damage":28.0,"enemies":"3 Darklings","floor":35.0,"turns":5.0},{"damage":6,"enemies":"Awakened One","floor":37,"turns":4}],"seed_played":"1103638929110322613","potions_obtained":[{"floor":1.0,"key":"Block Potion"},{"floor":7.0,"key":"SteroidPotion"},{"floor":8.0,"key":"Swift Potion"},{"floor":14.0,"key":"SpeedPotion"},{"floor":17.0,"key":"SteroidPotion"},{"floor":21.0,"key":"BloodPotion"},{"floor":28.0,"key":"FearPotion"}],"is_trial":false,"path_per_floor":["M","M","$","M","?","R","E","M","T","E","M","M","E","M","R","B",null,"M","$","?","M","?","R","M","?","T","R","M","R","?","?","R","B",null,"M","?","B",null],"character_chosen":"IRONCLAD","items_purchased":["Sentinel","Bag of Preparation"],"campfire_rested":1,"item_purchase_floors":[19,19],"current_hp_per_floor":[63,68,68,72,72,72,65,53,53,47,41,47,22,13,37,12,68,60,60,60,76,76,76,80,72,72,72,70,70,70,70,70,83,85,63,63,85],"gold":256,"neow_bonus":"THREE_RARE_CARDS","is_daily":false,"chose_seed":false,"campfire_upgraded":5,"win_rate":0.0,"timestamp":1610054886,"path_taken":["M","M","?","M","?","R","E","M","T","E","?","M","E","M","R","BOSS","M","$","?","M","?","R","M","?","T","R","?","R","?","?","R","BOSS","M","?","BOSS"],"items_purchased_type":["Card","Relic"],"build_version":"2020-12-22","purchased_purges":1,"victory":true,"max_hp_per_floor":[80,80,80,80,80,80,80,80,80,80,80,80,80,80,80,80,85,85,85,85,85,85,85,85,85,85,85,85,85,85,85,85,85,85,85,85,85],"card_choices":[{"not_picked":["Berserk","Barricade"],"picked":"Corruption","floor":0.0},{"not_picked":["Burning Pact","Warcry"],"picked":"Shrug It Off","floor":1.0},{"not_picked":["Armaments","Cleave"],"picked":"Feel No Pain","floor":2.0},{"not_picked":["Pommel Strike","Anger"],"picked":"Rampage","floor":4.0},{"not_picked":["Iron Wave","Body Slam"],"picked":"Fire Breathing","floor":7.0},{"not_picked":["Iron Wave","Thunderclap","Corruption"],"picked":"SKIP","floor":8.0},{"not_picked":["Whirlwind","Thunderclap"],"picked":"Shockwave","floor":10.0},{"not_picked":["Inflame","Thunderclap"],"picked":"Dropkick","floor":11.0},{"not_picked":["Disarm","Perfected Strike"],"picked":"Dark Embrace","floor":12.0},{"not_picked":["Cleave","Feed"],"picked":"Offering","floor":13.0},{"not_picked":["Headbutt","Perfected Strike"],"picked":"Disarm","floor":14.0},{"not_picked":["Havoc","Anger"],"picked":"True Grit","floor":17.0},{"not_picked":["Flex","Havoc","Carnage"],"picked":"SKIP","floor":18.0},{"not_picked":["Clothesline","Shrug It Off"],"picked":"Feel No Pain","floor":21.0},{"not_picked":["Bloodletting","Perfected Strike","Iron Wave"],"picked":"SKIP","floor":24.0},{"not_picked":["Whirlwind","Flame Barrier"],"picked":"Dual Wield","floor":28.0},{"not_picked":["Bloodletting","Second Wind+1","Inflame+1"],"picked":"SKIP","floor":35.0}],"player_experience":77260,"relics_obtained":[{"floor":7.0,"key":"Ancient Tea Set"},{"floor":9.0,"key":"Nunchaku"},{"floor":10.0,"key":"Bottled Tornado"},{"floor":13.0,"key":"Bronze Scales"},{"floor":26.0,"key":"Pantograph"}],"event_choices":[{"cards_removed":["Strike_R"],"damage_healed":0.0,"max_hp_gain":0.0,"max_hp_loss":0.0,"gold_gain":0.0,"event_name":"Purifier","player_choice":"Purged","floor":5.0,"gold_loss":0.0,"damage_taken":0.0},{"damage_healed":0.0,"max_hp_gain":0.0,"max_hp_loss":0.0,"gold_gain":0.0,"event_name":"The Library","player_choice":"Read","floor":20.0,"gold_loss":0.0,"damage_taken":0.0,"cards_obtained":["Flame Barrier"]},{"damage_healed":0.0,"max_hp_gain":0.0,"max_hp_loss":0.0,"gold_gain":0.0,"event_name":"The Mausoleum","player_choice":"Ignored","floor":22.0,"gold_loss":0.0,"damage_taken":0.0},{"damage_healed":0.0,"max_hp_gain":0.0,"max_hp_loss":0.0,"gold_gain":75.0,"event_name":"FaceTrader","player_choice":"Touch","floor":25.0,"gold_loss":0.0,"damage_taken":8.0},{"cards_removed":["Strike_R"],"damage_healed":0.0,"max_hp_gain":0.0,"max_hp_loss":0.0,"gold_gain":0.0,"event_name":"Beggar","player_choice":"Gave Gold","floor":30.0,"gold_loss":75.0,"damage_taken":0.0},{"damage_healed":0.0,"max_hp_gain":0.0,"max_hp_loss":0.0,"gold_gain":0.0,"event_name":"Duplicator","player_choice":"Copied","floor":31.0,"gold_loss":0.0,"damage_taken":0.0,"cards_obtained":["Dropkick"]},{"damage_healed":0.0,"max_hp_gain":0.0,"max_hp_loss":0.0,"gold_gain":0.0,"event_name":"SecretPortal","player_choice":"Took Portal","floor":36.0,"gold_loss":0.0,"damage_taken":0.0}],"is_beta":false,"boss_relics":[{"not_picked":["Snecko Eye","Velvet Choker"],"picked":"Tiny House"},{"not_picked":["SacredBark","Cursed Key"],"picked":"Sozu"}],"items_purged_floors":[19],"is_endless":false,"potions_floor_spawned":[1,7,8,14,21,28],"ascension_level":11}}