{"host":"a1eatafr7pisesky","time":1610040252,"event":{"mods":["AchievementEnabler","BaseMod","Colored Map","Keyboard Shortcuts","Minty Spire (QoL Compilation)","Say the Spire","StSLib","SuperFastMode","everything is the same but u backflip on backflip"],"gold_per_floor":[112,123,298,268,115,146,146,175,175,189,189,189,232,232,232,366,366,385,400,325,72,104,147,147,192,265,140,265,265,305,319,319,459,459,478,546,560,576,127,158,158,197,197,230,248,273,291,52,52,52,52,52,3,39,39],"floor_reached":56,"playtime":2699,"items_purged":["Doubt","Defend_P","Strike_P","Defend_P+1","Strike_P"],"score":2008,"play_id":"b5f56bf9-e4ba-45d1-9897-0aa75136d720","local_time":"20210108022412","is_ascension_mode":true,"campfire_choices":[{"data":"Eruption","floor":7.0,"key":"SMITH"},{"floor":12.0,"key":"REST"},{"floor":15.0,"key":"REST"},{"floor":24.0,"key":"REST"},{"floor":29.0,"key":"DIG"},{"floor":32.0,"key":"DIG"},{"floor":41.0,"key":"RECALL"},{"floor":49.0,"key":"DIG"},{"floor":52.0,"key":"DIG"}],"circlet_count":0,"master_deck":["Strike_P+1","Defend_P+1","Defend_P+1","Eruption+1","Vigilance+1","Vengeance+1","Pray+1","LessonLearned+1","Prostrate+1","FlurryOfBlows+1","ConjureBlade+1","Scrawl+1","Ghostly+1","Ghostly+1","Ghostly+1","Ghostly+1","Ghostly+1","Meditate+1","Vault+1","TalkToTheHand"],"relics":["PureWater","NeowsBlessing","Incense Burner","Oddly Smooth Stone","Singing Bowl","Golden Idol","Turnip","CeramicFish","SacredBark","Chemical X","Boot","InkBottle","Shovel","Darkstone Periapt","Ice Cream","Akabeko","Unceasing Top","Fusion Hammer","CaptainsWheel","TungstenRod","Toy Ornithopter","Art of War","War Paint","Gambling Chip","Mummified Hand","Nunchaku"],"acts_visited":["Exordium","TheCity","TheBeyond","TheEnding"],"potions_floor_usage":[55,55],"damage_taken":[{"damage":0.0,"enemies":"2 Louse","floor":1.0,"turns":2.0},{"damage":0.0,"enemies":"Small Slimes","floor":2.0,"turns":1.0},{"damage":0.0,"enemies":"Lagavulin","floor":6.0,"turns":1.0},{"damage":34.0,"enemies":"3 Sentries","floor":8.0,"turns":7.0},{"damage":0.0,"enemies":"Cultist","floor":10.0,"turns":5.0},{"damage":25.0,"enemies":"Lagavulin","floor":13.0,"turns":5.0},{"damage":9.0,"enemies":"Slime Boss","floor":16.0,"turns":6.0},{"damage":13.0,"enemies":"Spheric Guardian","floor":18.0,"turns":5.0},{"damage":7.0,"enemies":"2 Thieves","floor":19.0,"turns":4.0},{"damage":17.0,"enemies":"Centurion and Healer","floor":22.0,"turns":10.0},{"damage":25.0,"enemies":"Slavers","floor":23.0,"turns":4.0},{"damage":2.0,"enemies":"Colosseum Slavers","floor":28.0,"turns":5.0},{"damage":6.0,"enemies":"Colosseum Nobs","floor":28.0,"turns":8.0},{"damage":2.0,"enemies":"Gremlin Leader","floor":30.0,"turns":5.0},{"damage":8.0,"enemies":"Cultist and Chosen","floor":31.0,"turns":7.0},{"damage":6.0,"enemies":"Collector","floor":33.0,"turns":6.0},{"damage":2.0,"enemies":"Orb Walker","floor":35.0,"turns":4.0},{"damage":0.0,"enemies":"2 Orb Walkers","floor":36.0,"turns":6.0},{"damage":0.0,"enemies":"3 Darklings","floor":37.0,"turns":5.0},{"damage":12.0,"enemies":"Sphere and 2 Shapes","floor":38.0,"turns":8.0},{"damage":0.0,"enemies":"Reptomancer","floor":40.0,"turns":5.0},{"damage":0.0,"enemies":"Nemesis","floor":42.0,"turns":6.0},{"damage":0.0,"enemies":"Reptomancer","floor":44.0,"turns":5.0},{"damage":0.0,"enemies":"Maw","floor":45.0,"turns":6.0},{"damage":0.0,"enemies":"Spire Growth","floor":46.0,"turns":5.0},{"damage":0.0,"enemies":"Jaw Worm Horde","floor":47.0,"turns":5.0},{"damage":0.0,"enemies":"Donu and Deca","floor":50.0,"turns":6.0},{"damage":0.0,"enemies":"Shield and Spear","floor":54.0,"turns":6.0},{"damage":0,"enemies":"The Heart","floor":55,"turns":7}],"seed_played":"-645292025067010247","potions_obtained":[{"floor":1.0,"key":"SpeedPotion"},{"floor":4.0,"key":"Fruit Juice"},{"floor":4.0,"key":"DuplicationPotion"},{"floor":6.0,"key":"BottledMiracle"},{"floor":23.0,"key":"BottledMiracle"}],"is_trial":false,"path_per_floor":["M","M","?","?","$","E","R","E","T","M","?","R","E","?","R","B",null,"M","M","?","$","M","E","R","?","T","$","?","R","E","M","R","B",null,"M","?","M","M","$","E","R","E","T","E","M","M","M","$","R","B",null,"R","$","E","B",null],"character_chosen":"WATCHER","items_purchased":["LessonLearned","Chemical X","TungstenRod","TalkToTheHand","BottledMiracle"],"campfire_rested":3,"item_purchase_floors":[5,21,39,48,53],"current_hp_per_floor":[65,65,65,65,65,70,70,36,36,38,38,59,36,24,46,37,66,55,50,50,50,33,10,34,34,34,34,28,28,26,20,20,14,37,37,39,41,31,31,33,33,35,35,37,39,41,43,43,43,48,60,60,60,62,66],"gold":39,"neow_bonus":"THREE_ENEMY_KILL","is_daily":false,"chose_seed":false,"campfire_upgraded":1,"win_rate":0.0,"timestamp":1610040252,"path_taken":["M","M","?","?","$","E","R","E","T","?","?","R","E","?","R","BOSS","M","M","?","$","M","E","R","?","T","$","?","R","E","M","R","BOSS","M","?","M","M","$","E","R","E","T","E","M","M","M","$","R","BOSS","R","$","E","BOSS"],"items_purchased_type":["Card","Relic","Relic","Card","Potion"],"build_version":"2020-12-22","purchased_purges":5,"victory":true,"max_hp_per_floor":[72,72,72,72,72,77,77,77,77,79,73,73,75,75,75,75,75,77,79,79,79,79,81,81,40,40,40,42,42,42,44,44,44,44,46,48,50,52,52,54,54,56,56,58,60,62,64,64,64,64,64,64,64,66,66],"card_choices":[{"not_picked":["InnerPeace","Conclude"],"picked":"Vengeance","floor":1.0},{"not_picked":["Prostrate","ClearTheMind"],"picked":"Pray","floor":2.0},{"not_picked":["Crescendo","Sanctity"],"picked":"Prostrate","floor":6.0},{"not_picked":["LikeWater","ThirdEye"],"picked":"FlurryOfBlows","floor":8.0},{"not_picked":["PathToVictory","FlyingSleeves","Protect"],"picked":"Singing Bowl","floor":10.0},{"not_picked":["ThirdEye","ForeignInfluence","Wallop"],"picked":"Singing Bowl","floor":13.0},{"not_picked":["Judgement","MasterReality"],"picked":"ConjureBlade","floor":16.0},{"not_picked":["Study","FlurryOfBlows","Halt"],"picked":"Singing Bowl","floor":18.0},{"not_picked":["FollowUp+1","EmptyBody+1","Crescendo+1"],"picked":"Singing Bowl","floor":19.0},{"not_picked":["FlurryOfBlows","FlyingSleeves+1"],"picked":"Scrawl","floor":22.0},{"not_picked":["PathToVictory+1","BowlingBash+1","Indignation"],"picked":"Singing Bowl","floor":23.0},{"not_picked":["Vengeance+1","ForeignInfluence","PathToVictory"],"picked":"Singing Bowl","floor":28.0},{"not_picked":["WindmillStrike","EmptyFist"],"picked":"Meditate","floor":30.0},{"not_picked":["Protect","Evaluate+1","Wireheading"],"picked":"Singing Bowl","floor":31.0},{"not_picked":["Establishment","Omniscience"],"picked":"Vault","floor":33.0},{"not_picked":["DeceiveReality","CrushJoints","Pray+1"],"picked":"Singing Bowl","floor":35.0},{"not_picked":["EmptyBody","BowlingBash","Vengeance+1"],"picked":"Singing Bowl","floor":36.0},{"not_picked":["FlurryOfBlows+1","ThirdEye+1","Collect"],"picked":"Singing Bowl","floor":37.0},{"not_picked":["CutThroughFate","FollowUp","ReachHeaven"],"picked":"Singing Bowl","floor":38.0},{"not_picked":["Prostrate","Tantrum+1","FlurryOfBlows+1"],"picked":"Singing Bowl","floor":40.0},{"not_picked":["Worship+1","CutThroughFate","FollowUp"],"picked":"Singing Bowl","floor":42.0},{"not_picked":["Halt+1","CutThroughFate+1","FlurryOfBlows"],"picked":"Singing Bowl","floor":44.0},{"not_picked":["CutThroughFate","Perseverance","ClearTheMind"],"picked":"Singing Bowl","floor":45.0},{"not_picked":["CrushJoints","ThirdEye+1","FlyingSleeves+1"],"picked":"Singing Bowl","floor":46.0},{"not_picked":["WaveOfTheHand+1","CutThroughFate+1","Wallop"],"picked":"Singing Bowl","floor":47.0},{"not_picked":["Consecrate+1","Worship","ThirdEye+1"],"picked":"Singing Bowl","floor":54.0}],"player_experience":289385,"relics_obtained":[{"floor":6.0,"key":"Incense Burner"},{"floor":8.0,"key":"Oddly Smooth Stone"},{"floor":9.0,"key":"Singing Bowl"},{"floor":13.0,"key":"Turnip"},{"floor":23.0,"key":"Boot"},{"floor":26.0,"key":"InkBottle"},{"floor":28.0,"key":"Shovel"},{"floor":28.0,"key":"Darkstone Periapt"},{"floor":29.0,"key":"Ice Cream"},{"floor":30.0,"key":"Akabeko"},{"floor":32.0,"key":"Unceasing Top"},{"floor":36.0,"key":"CaptainsWheel"},{"floor":40.0,"key":"Toy Ornithopter"},{"floor":42.0,"key":"Art of War"},{"floor":44.0,"key":"War Paint"},{"floor":49.0,"key":"Gambling Chip"},{"floor":52.0,"key":"Mummified Hand"},{"floor":54.0,"key":"Nunchaku"}],"event_choices":[{"damage_healed":0.0,"max_hp_gain":0.0,"max_hp_loss":0.0,"gold_gain":175.0,"event_name":"Liars Game","player_choice":"AGREE","floor":3.0,"gold_loss":0.0,"damage_taken":0.0,"cards_obtained":["Doubt"]},{"damage_healed":0.0,"max_hp_gain":0.0,"max_hp_loss":0.0,"gold_gain":0.0,"event_name":"The Woman in Blue","player_choice":"Bought 2 Potions","floor":4.0,"gold_loss":0.0,"damage_taken":0.0},{"damage_healed":0.0,"max_hp_gain":0.0,"max_hp_loss":6.0,"gold_gain":0.0,"event_name":"Golden Idol","player_choice":"Lose Max HP","floor":11.0,"gold_loss":0.0,"damage_taken":0.0,"relics_obtained":["Golden Idol"]},{"damage_healed":0.0,"max_hp_gain":0.0,"max_hp_loss":0.0,"gold_gain":0.0,"event_name":"Scrap Ooze","player_choice":"Success","floor":14.0,"gold_loss":0.0,"damage_taken":12.0,"relics_obtained":["CeramicFish"]},{"cards_removed":["Strike_P"],"damage_healed":0.0,"max_hp_gain":0.0,"max_hp_loss":0.0,"gold_gain":0.0,"event_name":"Beggar","player_choice":"Gave Gold","floor":20.0,"gold_loss":75.0,"damage_taken":0.0},{"damage_healed":0.0,"max_hp_gain":0.0,"max_hp_loss":41.0,"gold_gain":0.0,"event_name":"Ghosts","player_choice":"Became a Ghost","floor":25.0,"gold_loss":0.0,"damage_taken":0.0,"cards_obtained":["Ghostly","Ghostly","Ghostly","Ghostly","Ghostly"]},{"damage_healed":0.0,"max_hp_gain":0.0,"max_hp_loss":0.0,"gold_gain":0.0,"event_name":"Colosseum","player_choice":"Fight","floor":28.0,"gold_loss":0.0,"damage_taken":0.0},{"damage_healed":0.0,"max_hp_gain":0.0,"max_hp_loss":0.0,"gold_gain":0.0,"event_name":"Colosseum","player_choice":"Fought Nobs","floor":28.0,"gold_loss":0.0,"damage_taken":0.0},{"damage_healed":0.0,"max_hp_gain":0.0,"max_hp_loss":0.0,"gold_gain":0.0,"event_name":"Mysterious Sphere","player_choice":"Fight","floor":36.0,"gold_loss":0.0,"damage_taken":0.0}],"is_beta":false,"boss_relics":[{"not_picked":["Calling Bell","Tiny House"],"picked":"SacredBark"},{"not_picked":["Runic Pyramid","Snecko Eye"],"picked":"Fusion Hammer"}],"items_purged_floors":[5,21,27,39,48],"is_endless":false,"potions_floor_spawned":[1,6,10,13,18,22,23,28,31,36,40,42,44,47],"ascension_level":7}}