{"host":"j45ucdvl5ntpx4kf","time":1610052418,"event":{"mods":["AchievementEnabler","BaseMod","Colored Map","Colored Powertips","Minty Spire (QoL Compilation)","StSLib"],"gold_per_floor":[115,40,115,133,133,162,162,177,177,200,200,212,238,254,254,254,254],"floor_reached":16,"playtime":626,"items_purged":["Strike_G"],"score":155,"play_id":"03636d7a-fff0-45d5-bee2-227865d9a80b","local_time":"20210107154658","is_ascension_mode":true,"campfire_choices":[{"floor":7,"key":"REST"},{"floor":11,"key":"REST"},{"data":"Leg Sweep","floor":15,"key":"SMITH"}],"circlet_count":0,"master_deck":["Strike_G","Strike_G","Strike_G","Strike_G","Defend_G","Defend_G","Defend_G","Defend_G+1","Defend_G","Survivor","Neutralize+1","Leg Sweep+1","Acrobatics","Underhanded Strike","Prepared"],"relics":["Velvet Choker","Tingsha","Mummified Hand","Centennial Puzzle","Anchor"],"acts_visited":["Exordium"],"potions_floor_usage":[],"damage_taken":[{"damage":0,"enemies":"2 Louse","floor":1,"turns":3},{"damage":0,"enemies":"Jaw Worm","floor":4,"turns":4},{"damage":44,"enemies":"Gremlin Nob","floor":6,"turns":8},{"damage":0,"enemies":"Cultist","floor":8,"turns":4},{"damage":0,"enemies":"2 Fungi Beasts","floor":12,"turns":3},{"damage":0,"enemies":"Lagavulin","floor":13,"turns":8},{"damage":0,"enemies":"Exordium Thugs","floor":14,"turns":4},{"damage":45,"enemies":"Hexaghost","floor":16,"turns":16}],"seed_played":"2444948650631104258","potions_obtained":[{"floor":4,"key":"BlessingOfTheForge"},{"floor":12,"key":"FearPotion"},{"floor":14,"key":"Explosive Potion"}],"is_trial":false,"path_per_floor":["M","$","?","M","?","E","R","M","T","T","R","M","E","M","R","B"],"character_chosen":"THE_SILENT","items_purchased":[],"campfire_rested":2,"item_purchase_floors":[],"current_hp_per_floor":[70,70,59,59,45,1,22,22,22,22,43,43,43,43,43,0,0],"gold":254,"neow_bonus":"BOSS_RELIC","is_daily":false,"chose_seed":false,"campfire_upgraded":1,"win_rate":0.0,"timestamp":1610052418,"path_taken":["M","$","?","M","?","E","R","M","T","?","R","M","E","M","R","BOSS"],"items_purchased_type":[],"build_version":"2020-12-22","purchased_purges":1,"victory":false,"max_hp_per_floor":[70,70,70,70,70,70,70,70,70,70,70,70,70,70,70,70,70],"card_choices":[{"not_picked":["Prepared","Masterful Stab","PiercingWail"],"picked":"SKIP","floor":1},{"not_picked":["Dodge and Roll","Caltrops"],"picked":"Leg Sweep","floor":4},{"not_picked":["Bouncing Flask","Blade Dance"],"picked":"Acrobatics","floor":6},{"not_picked":["Terror","Deadly Poison"],"picked":"Underhanded Strike","floor":8},{"not_picked":["PiercingWail","Outmaneuver"],"picked":"Prepared","floor":12},{"not_picked":["A Thousand Cuts","Quick Slash","Skewer"],"picked":"SKIP","floor":13},{"not_picked":["Predator","Noxious Fumes","Skewer"],"picked":"SKIP","floor":14}],"player_experience":137308,"relics_obtained":[{"floor":6,"key":"Tingsha"},{"floor":9,"key":"Mummified Hand"},{"floor":10,"key":"Centennial Puzzle"},{"floor":13,"key":"Anchor"}],"event_choices":[{"damage_healed":0,"gold_gain":75,"player_choice":"Gather Gold","damage_taken":11,"max_hp_gain":0,"max_hp_loss":0,"event_name":"World of Goop","floor":3,"gold_loss":0},{"damage_healed":0,"gold_gain":0,"player_choice":"Entered Light","damage_taken":14,"max_hp_gain":0,"max_hp_loss":0,"event_name":"Shining Light","floor":5,"gold_loss":0,"cards_upgraded":["Neutralize","Defend_G"]}],"is_beta":false,"boss_relics":[],"items_purged_floors":[2],"is_endless":false,"potions_floor_spawned":[4,12,14],"killed_by":"Hexaghost","ascension_level":3}}