{"host":"9v3x998ddbx8o276","time":1610010584,"event":{"mods":["AchievementEnabler","BaseMod","Colored Map","Colored Powertips","Highlight Path","Minty Spire (QoL Compilation)","Quick Restart","Rare Cards Sparkle"],"gold_per_floor":[110,129,149,2,13,13,27,55,55,80,95,124,124,124,124,203,203,223,4,14,14,14,14,49,62,62,62,74,474,504,504,504,504,504],"floor_reached":33,"playtime":1156,"items_purged":[],"score":660,"play_id":"d1202cc5-a3f3-47dd-a58b-9d3dc730c5b4","local_time":"20210107193944","is_ascension_mode":true,"campfire_choices":[{"data":"Fiend Fire","floor":6.0,"key":"SMITH"},{"data":"Juggernaut","floor":15.0,"key":"SMITH"},{"floor":23.0,"key":"REST"},{"floor":27.0,"key":"REST"},{"floor":32,"key":"REST"}],"circlet_count":0,"master_deck":["AscendersBane","Strike_R","Strike_R","Strike_R","Strike_R","Strike_R","Defend_R","Defend_R","Defend_R","Defend_R","Bash+1","Wild Strike","Shrug It Off","Fiend Fire+1","Feel No Pain","Shockwave","Cleave","Entrench","Juggernaut+1","Disarm","Havoc+1","Immolate","Body Slam+1","Feel No Pain","Clothesline","Battle Trance","Decay","Dual Wield","Inflame+1","Normality","Ghostly Armor","Reaper"],"relics":["Burning Blood","Pen Nib","Thread and Needle","Bag of Marbles","Ancient Tea Set","Shuriken","Cursed Key","DollysMirror","Lantern","Vajra","Old Coin","The Courier","Singing Bowl"],"acts_visited":["Exordium","TheCity"],"potions_floor_usage":[30],"damage_taken":[{"damage":11.0,"enemies":"Jaw Worm","floor":1.0,"turns":4.0},{"damage":1.0,"enemies":"2 Louse","floor":2.0,"turns":2.0},{"damage":13.0,"enemies":"Small Slimes","floor":3.0,"turns":3.0},{"damage":4.0,"enemies":"2 Fungi Beasts","floor":5.0,"turns":3.0},{"damage":3.0,"enemies":"3 Louse","floor":7.0,"turns":4.0},{"damage":10.0,"enemies":"Lagavulin","floor":8.0,"turns":5.0},{"damage":4.0,"enemies":"Gremlin Nob","floor":10.0,"turns":3.0},{"damage":3.0,"enemies":"Blue Slaver","floor":11.0,"turns":4.0},{"damage":0.0,"enemies":"Lagavulin","floor":12.0,"turns":2.0},{"damage":10.0,"enemies":"The Guardian","floor":16.0,"turns":9.0},{"damage":19.0,"enemies":"2 Thieves","floor":18.0,"turns":4.0},{"damage":18.0,"enemies":"Shell Parasite","floor":20.0,"turns":5.0},{"damage":35.0,"enemies":"Gremlin Leader","floor":24.0,"turns":4.0},{"damage":10.0,"enemies":"Centurion and Healer","floor":25.0,"turns":2.0},{"damage":9,"enemies":"Snecko","floor":28,"turns":3},{"damage":7,"enemies":"Colosseum Slavers","floor":29,"turns":4},{"damage":15,"enemies":"Colosseum Nobs","floor":29,"turns":4},{"damage":32,"enemies":"Slavers","floor":30,"turns":5},{"damage":103,"enemies":"Collector","floor":33,"turns":12}],"seed_played":"4910940704461187753","potions_obtained":[{"floor":2.0,"key":"Regen Potion"},{"floor":7.0,"key":"Explosive Potion"},{"floor":16.0,"key":"FairyPotion"}],"is_trial":false,"path_per_floor":["M","M","M","$","M","R","M","E","T","E","M","E","?","?","R","B",null,"M","$","M","?","?","R","E","M","T","R","M","?","E","?","R","B"],"character_chosen":"IRONCLAD","items_purchased":["Feel No Pain","PowerPotion","DollysMirror","Clothesline"],"campfire_rested":3,"item_purchase_floors":[4,4,19,19],"current_hp_per_floor":[63,68,61,61,63,63,66,62,62,64,67,73,50,50,50,46,68,55,55,43,43,43,65,36,32,32,54,51,41,15,15,37,0,0],"gold":504,"neow_bonus":"RANDOM_COMMON_RELIC","is_daily":false,"chose_seed":false,"campfire_upgraded":2,"win_rate":0.0,"timestamp":1610010584,"path_taken":["M","M","M","$","M","R","M","E","T","E","M","E","?","?","R","BOSS","M","$","M","?","?","R","E","M","T","R","M","?","E","?","R","BOSS"],"items_purchased_type":["Card","Potion","Relic","Card"],"build_version":"2020-12-22","purchased_purges":0,"victory":false,"max_hp_per_floor":[75,75,75,75,75,75,75,75,75,75,75,75,75,75,75,75,75,75,75,75,75,75,75,75,75,75,75,75,75,75,75,75,75,75],"card_choices":[{"not_picked":["True Grit","Clash"],"picked":"Wild Strike","floor":1.0},{"not_picked":["Pommel Strike","Rage"],"picked":"Shrug It Off","floor":2.0},{"not_picked":["Sword Boomerang","Dropkick"],"picked":"Fiend Fire","floor":3.0},{"not_picked":["Anger","Rupture"],"picked":"Shockwave","floor":5.0},{"not_picked":["Warcry","Rupture"],"picked":"Cleave","floor":7.0},{"not_picked":["Body Slam","Twin Strike"],"picked":"Entrench","floor":8.0},{"not_picked":["Pommel Strike","Bloodletting"],"picked":"Juggernaut","floor":10.0},{"not_picked":["Perfected Strike","Clothesline"],"picked":"Disarm","floor":11.0},{"not_picked":["Power Through","Clash"],"picked":"Havoc","floor":12.0},{"not_picked":["Exhume","Berserk"],"picked":"Immolate","floor":16.0},{"not_picked":["Flex","Iron Wave"],"picked":"Body Slam+1","floor":18.0},{"not_picked":["Sever Soul","Searing Blow+1"],"picked":"Battle Trance","floor":20.0},{"not_picked":["Perfected Strike","Cleave"],"picked":"Dual Wield","floor":24.0},{"not_picked":["Headbutt","Double Tap"],"picked":"Inflame+1","floor":25.0},{"not_picked":["Perfected Strike+1","Thunderclap","Blood for Blood"],"picked":"SKIP","floor":28},{"not_picked":["Hemokinesis","Clothesline"],"picked":"Ghostly Armor","floor":29},{"not_picked":["Headbutt+1","Uppercut"],"picked":"Reaper","floor":30}],"player_experience":2090474,"relics_obtained":[{"floor":8.0,"key":"Thread and Needle"},{"floor":9.0,"key":"Bag of Marbles"},{"floor":10.0,"key":"Ancient Tea Set"},{"floor":12.0,"key":"Shuriken"},{"floor":24.0,"key":"Lantern"},{"floor":26.0,"key":"Vajra"},{"floor":29,"key":"Old Coin"},{"floor":29,"key":"The Courier"},{"floor":30,"key":"Singing Bowl"}],"event_choices":[{"damage_healed":0.0,"max_hp_gain":0.0,"max_hp_loss":0.0,"gold_gain":0.0,"event_name":"Shining Light","player_choice":"Entered Light","floor":13.0,"gold_loss":0.0,"damage_taken":23.0,"cards_upgraded":["Havoc","Bash"]},{"damage_healed":0.0,"max_hp_gain":0.0,"max_hp_loss":0.0,"gold_gain":0.0,"event_name":"Liars Game","player_choice":"Ignored","floor":14.0,"gold_loss":0.0,"damage_taken":0.0},{"damage_healed":0.0,"max_hp_gain":0.0,"max_hp_loss":0.0,"gold_gain":0.0,"event_name":"Forgotten Altar","player_choice":"Smashed Altar","floor":21.0,"gold_loss":0.0,"damage_taken":0.0,"cards_obtained":["Decay"]},{"damage_healed":0.0,"max_hp_gain":0.0,"max_hp_loss":0.0,"gold_gain":0.0,"event_name":"The Mausoleum","player_choice":"Ignored","floor":22.0,"gold_loss":0.0,"damage_taken":0.0},{"damage_healed":0,"gold_gain":0,"player_choice":"Fight","damage_taken":0,"max_hp_gain":0,"max_hp_loss":0,"event_name":"Colosseum","floor":29,"gold_loss":0},{"damage_healed":0,"gold_gain":0,"player_choice":"Fought Nobs","damage_taken":0,"max_hp_gain":0,"max_hp_loss":0,"event_name":"Colosseum","floor":29,"gold_loss":0},{"damage_healed":0,"gold_gain":0,"player_choice":"Ignored","damage_taken":0,"max_hp_gain":0,"max_hp_loss":0,"event_name":"Cursed Tome","floor":31,"gold_loss":0}],"is_beta":false,"boss_relics":[{"not_picked":["Coffee Dripper","Black Star"],"picked":"Cursed Key"}],"items_purged_floors":[],"is_endless":false,"potions_floor_spawned":[2,7,8,16,18,20,25,29],"killed_by":"Collector","ascension_level":20}}