{"host":"zxkjcgzis4pm3za5","time":1610042575,"event":{"mods":["AchievementEnabler","BaseMod","Colored Map","Colored Powertips","Minty Spire (QoL Compilation)","Quick Restart","RNG Fix","Random Character Button","StSLib"],"gold_per_floor":[109,109,119,131,131,131,142,175,202,202,229,245,245,26,26,99,99,116,116,116,133,143,143,443,454,454,554,574,89,102,102,102,102,102],"floor_reached":33,"playtime":1158,"items_purged":["Strike_B"],"score":424,"play_id":"2a474434-7e13-4e7e-87b1-c1be62bd577a","local_time":"20210107233255","is_ascension_mode":true,"campfire_choices":[{"data":"Beam Cell","floor":6.0,"key":"SMITH"},{"data":"Dualcast","floor":10.0,"key":"SMITH"},{"floor":13.0,"key":"REST"},{"data":"Skim","floor":15.0,"key":"SMITH"},{"data":"Defragment","floor":23.0,"key":"SMITH"},{"floor":32.0,"key":"REST"}],"circlet_count":0,"master_deck":["AscendersBane","Strike_B","Strike_B","Defend_B+1","Defend_B","Defend_B","Defend_B","Zap+1","Dualcast+1","Skim+1","Cold Snap","Beam Cell+1","Gash","Undo","Reinforced Body","Ball Lightning","Reboot","CurseOfTheBell","Gash","Go for the Eyes","Defragment+1","Hologram","Shame","Leap+1","Self Repair","Apotheosis","Gash"],"relics":["Cracked Core","Du-Vu Doll","Sundial","Art of War","Bottled Lightning","ClockworkSouvenir","Calling Bell","Darkstone Periapt","Ice Cream","Vajra","Old Coin","Pocketwatch","Bottled Flame","DataDisk","OrangePellets"],"acts_visited":["Exordium","TheCity"],"potions_floor_usage":[],"damage_taken":[{"damage":2.0,"enemies":"Small Slimes","floor":1.0,"turns":3.0},{"damage":2.0,"enemies":"2 Louse","floor":3.0,"turns":3.0},{"damage":2.0,"enemies":"Jaw Worm","floor":4.0,"turns":2.0},{"damage":4.0,"enemies":"Looter","floor":7.0,"turns":3.0},{"damage":9.0,"enemies":"3 Sentries","floor":8.0,"turns":6.0},{"damage":31.0,"enemies":"Gremlin Nob","floor":11.0,"turns":5.0},{"damage":0.0,"enemies":"2 Fungi Beasts","floor":12.0,"turns":2.0},{"damage":21.0,"enemies":"Slime Boss","floor":16.0,"turns":12.0},{"damage":9.0,"enemies":"Spheric Guardian","floor":18.0,"turns":3.0},{"damage":4.0,"enemies":"3 Byrds","floor":21.0,"turns":4.0},{"damage":15.0,"enemies":"Snecko","floor":22.0,"turns":4.0},{"damage":2.0,"enemies":"Shelled Parasite and Fungi","floor":25.0,"turns":6.0},{"damage":18.0,"enemies":"Colosseum Slavers","floor":27.0,"turns":4.0},{"damage":9.0,"enemies":"Colosseum Nobs","floor":27.0,"turns":4.0},{"damage":0.0,"enemies":"Centurion and Healer","floor":28.0,"turns":4.0},{"damage":1.0,"enemies":"Snake Plant","floor":30.0,"turns":6.0},{"damage":54,"enemies":"Champ","floor":33,"turns":7}],"seed_played":"8068892950491392936","potions_obtained":[{"floor":3.0,"key":"Fire Potion"},{"floor":11.0,"key":"Ancient Potion"},{"floor":12.0,"key":"SpeedPotion"},{"floor":16.0,"key":"Explosive Potion"},{"floor":25.0,"key":"Regen Potion"},{"floor":27.0,"key":"SpeedPotion"}],"is_trial":false,"path_per_floor":["M","?","M","M","?","R","M","E","T","R","E","M","R","$","R","B",null,"M","?","?","M","M","R","?","M","T","?","M","$","M","?","R","B"],"character_chosen":"DEFECT","items_purchased":["ClockworkSouvenir","Apotheosis","DataDisk","OrangePellets"],"campfire_rested":2,"item_purchase_floors":[14,29,29,29],"current_hp_per_floor":[66,52,50,48,48,48,44,35,35,35,4,4,24,24,24,3,52,43,43,43,39,24,24,30,28,28,13,13,13,22,8,31,0,0],"gold":102,"neow_bonus":"ONE_RARE_RELIC","is_daily":false,"chose_seed":false,"campfire_upgraded":4,"win_rate":0.0,"timestamp":1610042575,"path_taken":["M","?","?","M","?","R","M","E","T","R","E","M","R","?","R","BOSS","M","?","?","?","M","R","?","?","T","?","M","$","M","?","R","BOSS"],"items_purchased_type":["Relic","Card","Relic","Relic"],"build_version":"2020-12-22","purchased_purges":1,"victory":false,"max_hp_per_floor":[68,68,68,68,68,68,68,68,68,68,68,68,68,68,68,68,68,68,68,68,68,68,68,74,74,74,74,74,74,74,79,79,79,79],"card_choices":[{"not_picked":["Redo","Force Field"],"picked":"Skim","floor":1.0},{"not_picked":["Sunder","Leap"],"picked":"Cold Snap","floor":3.0},{"not_picked":["Ball Lightning","Streamline"],"picked":"Beam Cell","floor":4.0},{"not_picked":["Redo","Leap"],"picked":"Gash","floor":7.0},{"not_picked":["Cold Snap","Thunder Strike"],"picked":"Undo","floor":8.0},{"not_picked":["Aggregate","Hello World"],"picked":"Reinforced Body","floor":11.0},{"not_picked":["Steam","Leap"],"picked":"Ball Lightning","floor":12.0},{"not_picked":["Machine Learning","Multi-Cast"],"picked":"Reboot","floor":16.0},{"not_picked":["Heatsinks","Hologram"],"picked":"Gash","floor":18.0},{"not_picked":["Streamline","Turbo"],"picked":"Defragment","floor":21.0},{"not_picked":["Streamline","Turbo"],"picked":"Hologram","floor":22.0},{"not_picked":["Beam Cell","Sweeping Beam"],"picked":"Leap+1","floor":25.0},{"not_picked":["Streamline","Stack"],"picked":"Self Repair","floor":28.0},{"not_picked":["Ball Lightning","Conserve Battery"],"picked":"Gash","floor":30.0}],"player_experience":191405,"relics_obtained":[{"floor":8.0,"key":"Sundial"},{"floor":9.0,"key":"Art of War"},{"floor":11.0,"key":"Bottled Lightning"},{"floor":17.0,"key":"Darkstone Periapt"},{"floor":17.0,"key":"Ice Cream"},{"floor":17.0,"key":"Vajra"},{"floor":27.0,"key":"Pocketwatch"},{"floor":27.0,"key":"Bottled Flame"}],"event_choices":[{"damage_healed":0.0,"max_hp_gain":0.0,"max_hp_loss":0.0,"gold_gain":0.0,"event_name":"Shining Light","player_choice":"Entered Light","floor":2.0,"gold_loss":0.0,"damage_taken":14.0,"cards_upgraded":["Defend_B","Zap"]},{"cards_removed":["Strike_B"],"damage_healed":0.0,"max_hp_gain":0.0,"max_hp_loss":0.0,"gold_gain":0.0,"event_name":"Bonfire Elementals","player_choice":"Offered Basic","floor":5.0,"gold_loss":0.0,"damage_taken":0.0},{"damage_healed":0.0,"max_hp_gain":0.0,"max_hp_loss":0.0,"gold_gain":0.0,"event_name":"The Library","player_choice":"Read","floor":19.0,"gold_loss":0.0,"damage_taken":0.0,"cards_obtained":["Go for the Eyes"]},{"damage_healed":0.0,"max_hp_gain":0.0,"max_hp_loss":0.0,"gold_gain":0.0,"event_name":"The Woman in Blue","player_choice":"Bought 0 Potions","floor":20.0,"gold_loss":0.0,"damage_taken":0.0},{"damage_healed":0.0,"max_hp_gain":0.0,"max_hp_loss":0.0,"gold_gain":0.0,"event_name":"Addict","player_choice":"Stole Relic","floor":24.0,"gold_loss":0.0,"damage_taken":0.0,"relics_obtained":["Old Coin"],"cards_obtained":["Shame"]},{"damage_healed":0.0,"max_hp_gain":0.0,"max_hp_loss":0.0,"gold_gain":0.0,"event_name":"Colosseum","player_choice":"Fight","floor":27.0,"gold_loss":0.0,"damage_taken":0.0},{"damage_healed":0.0,"max_hp_gain":0.0,"max_hp_loss":0.0,"gold_gain":0.0,"event_name":"Colosseum","player_choice":"Fought Nobs","floor":27.0,"gold_loss":0.0,"damage_taken":0.0},{"damage_healed":0.0,"max_hp_gain":5.0,"max_hp_loss":0.0,"gold_gain":0.0,"event_name":"Forgotten Altar","player_choice":"Shed Blood","floor":31.0,"gold_loss":0.0,"damage_taken":19.0}],"is_beta":false,"boss_relics":[{"not_picked":["Sozu","FrozenCore"],"picked":"Calling Bell"}],"items_purged_floors":[14],"is_endless":false,"potions_floor_spawned":[3,11,12,16,25,27,27],"killed_by":"Champ","ascension_level":13}}