{"host":"f8toxsj3bk02pkeu","time":1610028329,"event":{"mods":["BaseMod","Minty Spire (QoL Compilation)","Permanent Neow","Quick Restart","StSLib","SuperFastMode"],"gold_per_floor":[112,112,387,398,323,323,351,370,441,153,180,196,227,240,240,313,313,332,345,345,345],"floor_reached":20,"playtime":718,"items_purged":["Regret"],"score":438,"play_id":"ea0d7977-4b33-4ca6-9db6-7eec1f0f77e2","local_time":"20210107070529","is_ascension_mode":true,"campfire_choices":[{"data":"True Grit","floor":6.0,"key":"SMITH"},{"floor":15,"key":"REST"}],"circlet_count":0,"master_deck":["AscendersBane","Strike_R","Strike_R","Strike_R","Strike_R","Strike_R","Defend_R","Defend_R","Defend_R","Defend_R","Bash","True Grit+1","Rampage","Fiend Fire","Warcry+1"],"relics":["Burning Blood","NeowsBlessing","Oddly Smooth Stone","Singing Bowl","Shuriken","Bag of Marbles","Regal Pillow","Runic Pyramid"],"acts_visited":["Exordium","TheCity"],"potions_floor_usage":[13,13],"damage_taken":[{"damage":0.0,"enemies":"Cultist","floor":1.0,"turns":1.0},{"damage":0.0,"enemies":"Jaw Worm","floor":4.0,"turns":1.0},{"damage":0.0,"enemies":"Gremlin Nob","floor":7.0,"turns":1.0},{"damage":4.0,"enemies":"Small Slimes","floor":8.0,"turns":4.0},{"damage":46.0,"enemies":"3 Sentries","floor":11.0,"turns":9.0},{"damage":14,"enemies":"Gremlin Gang","floor":12,"turns":6},{"damage":18,"enemies":"Lagavulin","floor":13,"turns":6},{"damage":9,"enemies":"Red Slaver","floor":14,"turns":3},{"damage":18,"enemies":"The Guardian","floor":16,"turns":12},{"damage":34,"enemies":"Shell Parasite","floor":18,"turns":9},{"damage":6,"enemies":"Chosen","floor":19,"turns":6},{"damage":60,"enemies":"3 Cultists","floor":20,"turns":4}],"seed_played":"6279829128664604271","potions_obtained":[{"floor":11.0,"key":"Block Potion"},{"floor":12,"key":"Fire Potion"},{"floor":14,"key":"Ancient Potion"},{"floor":16,"key":"SpeedPotion"}],"is_trial":false,"path_per_floor":["M","?","?","M","$","R","E","M","T","$","E","M","E","M","R","B",null,"M","M","M"],"character_chosen":"IRONCLAD","items_purchased":["Shuriken"],"campfire_rested":1,"item_purchase_floors":[10],"current_hp_per_floor":[74,79,79,80,80,80,80,80,80,80,42,36,26,25,66,56,82,54,56,0,0],"gold":345,"neow_bonus":"THREE_ENEMY_KILL","is_daily":false,"chose_seed":false,"campfire_upgraded":1,"win_rate":0.0,"timestamp":1610028329,"path_taken":["M","?","?","M","$","R","E","M","T","$","E","?","E","M","R","BOSS","M","M","M"],"items_purchased_type":["Relic"],"build_version":"2020-12-22","purchased_purges":1,"victory":false,"max_hp_per_floor":[75,80,80,80,80,80,80,80,80,80,82,84,86,88,88,90,90,90,92,92,92],"card_choices":[{"not_picked":["Clash","Heavy Blade"],"picked":"True Grit","floor":1.0},{"not_picked":["Iron Wave","Perfected Strike"],"picked":"Rampage","floor":4.0},{"not_picked":["Clothesline","Havoc"],"picked":"Fiend Fire","floor":7.0},{"not_picked":["Hemokinesis","Wild Strike","Whirlwind"],"picked":"SKIP","floor":8.0},{"not_picked":["Exhume","Combust","Headbutt"],"picked":"Singing Bowl","floor":11.0},{"not_picked":["Iron Wave","Clothesline","Flex"],"picked":"Singing Bowl","floor":12},{"not_picked":["Cleave","Warcry","Battle Trance"],"picked":"Singing Bowl","floor":13},{"not_picked":["Exhume","Combust","Battle Trance"],"picked":"Singing Bowl","floor":14},{"not_picked":["Corruption","Impervious","Bludgeon"],"picked":"Singing Bowl","floor":16},{"not_picked":["Sever Soul","Clash"],"picked":"Warcry+1","floor":18},{"not_picked":["Headbutt","Perfected Strike","Clash"],"picked":"Singing Bowl","floor":19}],"player_experience":956857,"relics_obtained":[{"floor":7.0,"key":"Oddly Smooth Stone"},{"floor":9.0,"key":"Singing Bowl"},{"floor":11.0,"key":"Bag of Marbles"},{"floor":13,"key":"Regal Pillow"}],"event_choices":[{"damage_healed":0.0,"max_hp_gain":5.0,"max_hp_loss":0.0,"gold_gain":0.0,"event_name":"Big Fish","player_choice":"Donut","floor":2.0,"gold_loss":0.0,"damage_taken":0.0},{"damage_healed":0.0,"max_hp_gain":0.0,"max_hp_loss":0.0,"gold_gain":275.0,"event_name":"Golden Shrine","player_choice":"Desecrate","floor":3.0,"gold_loss":0.0,"damage_taken":0.0,"cards_obtained":["Regret"]}],"is_beta":false,"boss_relics":[{"not_picked":["Astrolabe","Runic Cube"],"picked":"Runic Pyramid"}],"items_purged_floors":[5],"is_endless":false,"potions_floor_spawned":[11,12,14,16,18],"killed_by":"3 Cultists","ascension_level":20}}