{"host":"hwrdjx5eod2cxh09","time":1610029055,"event":{"mods":["AchievementEnabler","BaseMod","Bestiary","Minty Spire (QoL Compilation)","Relic Stats"],"gold_per_floor":[115,115,115,115,125,155,179,179,255,273,273,298,318,338,338,441,441,456,456,472,65,65,96,96,114,114,125,125,154,166,176,176,271,271,287,105,120,120,60,92,92,110,110,142,156,156,189,189,189,189,189,189,14,41,41,41],"floor_reached":55,"playtime":2599,"items_purged":["Strike_R"],"score":793,"play_id":"7dfb2131-8ac7-41ba-85f8-ee6255380c29","local_time":"20210107231735","is_ascension_mode":true,"campfire_choices":[{"floor":8,"key":"REST"},{"data":"Shrug It Off","floor":11,"key":"SMITH"},{"data":"Impervious","floor":15,"key":"SMITH"},{"data":"Wild Strike","floor":24,"key":"SMITH"},{"data":"Bash","floor":28,"key":"SMITH"},{"data":"Berserk","floor":32,"key":"SMITH"},{"data":"Immolate","floor":41,"key":"SMITH"},{"floor":46,"key":"RECALL"},{"data":"Entrench","floor":49,"key":"SMITH"},{"data":"Shockwave","floor":52,"key":"SMITH"}],"circlet_count":0,"master_deck":["Strike_R","Strike_R","Defend_R","Defend_R","Defend_R","Defend_R","Bash+1","Pommel Strike+1","Dropkick","Intimidate+1","Wild Strike+1","Impervious+1","Offering","Perfected Strike+1","Wild Strike","Berserk+1","Shockwave+1","Immolate+1","Flex","Evolve","Perfected Strike+1","Bandage Up","Berserk","Uppercut","Shrug It Off+1","Entrench+1","Dual Wield+1","Power Through","Shrug It Off","Good Instincts"],"relics":["Burning Blood","Smiling Mask","Bag of Preparation","Bird Faced Urn","Strawberry","Bag of Marbles","SlaversCollar","Paper Frog","White Beast Statue","Self Forming Clay","Nunchaku","The Courier","Cursed Key","DollysMirror","Matryoshka","Lizard Tail","Bronze Scales","Lantern"],"acts_visited":["Exordium","TheCity","TheBeyond","TheEnding"],"potions_floor_usage":[12,16,23,33,50,54,55,55,55],"damage_taken":[{"damage":11,"enemies":"Jaw Worm","floor":1,"turns":6},{"damage":1,"enemies":"2 Louse","floor":5,"turns":3},{"damage":63,"enemies":"Lagavulin","floor":6,"turns":9},{"damage":0,"enemies":"Cultist","floor":10,"turns":2},{"damage":32,"enemies":"Gremlin Nob","floor":12,"turns":4},{"damage":0,"enemies":"Looter","floor":13,"turns":3},{"damage":0,"enemies":"Large Slime","floor":14,"turns":5},{"damage":37,"enemies":"Slime Boss","floor":16,"turns":18},{"damage":6,"enemies":"Chosen","floor":18,"turns":4},{"damage":14,"enemies":"3 Byrds","floor":20,"turns":7},{"damage":37,"enemies":"Gremlin Leader","floor":23,"turns":7},{"damage":20,"enemies":"Cultist and Chosen","floor":25,"turns":9},{"damage":6,"enemies":"Snecko","floor":27,"turns":4},{"damage":5,"enemies":"Book of Stabbing","floor":29,"turns":4},{"damage":0,"enemies":"Centurion and Healer","floor":30,"turns":5},{"damage":7,"enemies":"Chosen and Byrds","floor":31,"turns":3},{"damage":55,"enemies":"Champ","floor":33,"turns":11},{"damage":6,"enemies":"3 Shapes","floor":35,"turns":2},{"damage":0,"enemies":"Orb Walker","floor":37,"turns":1},{"damage":19,"enemies":"Reptomancer","floor":40,"turns":3},{"damage":21,"enemies":"Writhing Mass","floor":42,"turns":5},{"damage":6,"enemies":"Nemesis","floor":44,"turns":5},{"damage":24,"enemies":"Transient","floor":45,"turns":5},{"damage":8,"enemies":"Giant Head","floor":47,"turns":7},{"damage":121,"enemies":"Awakened One","floor":50,"turns":9},{"damage":35,"enemies":"Shield and Spear","floor":54,"turns":5},{"damage":74,"enemies":"The Heart","floor":55,"turns":6}],"seed_played":"-4611134688227310805","potions_obtained":[{"floor":6,"key":"Strength Potion"},{"floor":12,"key":"Regen Potion"},{"floor":18,"key":"Explosive Potion"},{"floor":23,"key":"LiquidMemories"},{"floor":25,"key":"GamblersBrew"},{"floor":29,"key":"Dexterity Potion"},{"floor":31,"key":"HeartOfIron"},{"floor":33,"key":"Strength Potion"},{"floor":35,"key":"BloodPotion"},{"floor":54,"key":"Energy Potion"}],"is_trial":false,"path_per_floor":["M","?","?","?","M","E","T","R","T","M","R","E","M","M","R","B",null,"M","?","M","$","?","E","R","M","T","M","R","E","M","M","R","B",null,"M","$","M","?","?","E","R","M","T","E","M","R","E","?","R","B",null,"R","$","E","B"],"character_chosen":"IRONCLAD","items_purchased":["FairyPotion","White Beast Statue","Evolve","DollysMirror","Power Through","Shrug It Off","Good Instincts","Swift Potion"],"campfire_rested":1,"item_purchase_floors":[21,21,36,36,53,53,53,53],"current_hp_per_floor":[75,75,63,63,68,11,18,44,44,50,50,24,30,36,36,14,87,87,87,79,79,79,48,48,34,34,34,34,35,41,42,42,32,87,87,87,87,87,87,74,74,63,63,71,59,59,67,67,67,20,87,87,87,64,0,0],"gold":41,"neow_bonus":"RANDOM_COMMON_RELIC","is_daily":false,"chose_seed":false,"campfire_upgraded":8,"win_rate":0.0,"timestamp":1610029055,"path_taken":["M","?","?","?","M","E","?","R","T","?","R","E","M","M","R","BOSS","M","?","M","$","?","E","R","?","T","M","R","E","M","M","R","BOSS","M","$","M","?","?","E","R","?","T","E","M","R","E","?","R","BOSS","R","$","E","BOSS"],"items_purchased_type":["Potion","Relic","Card","Relic","Card","Card","Card","Potion"],"build_version":"2020-12-22","purchased_purges":1,"victory":false,"max_hp_per_floor":[80,80,80,80,80,80,87,87,87,87,87,87,87,87,87,87,87,87,87,87,87,87,87,87,87,87,87,87,87,87,87,87,87,87,87,87,87,87,87,87,87,87,87,87,87,87,87,87,87,87,87,87,87,87,87,87],"relic_stats":{"Nunchaku":[18],"Lizard Tail":43,"counters":[27,152],"Self Forming Clay":[150],"Bird Faced Urn":[30],"Bronze Scales":[102],"Bag of Preparation":[52],"Smiling Mask":25,"Cursed Key":0,"obtain_stats":[{"Lantern":54,"Self Forming Clay":23,"The Courier":29,"Bag of Preparation":3,"Smiling Mask":0,"Cursed Key":34,"Burning Blood":0,"White Beast Statue":21,"SlaversCollar":17,"Nunchaku":26,"Lizard Tail":44,"Matryoshka":40,"DollysMirror":36,"Bird Faced Urn":6,"Strawberry":7,"Bronze Scales":47,"Bag of Marbles":12,"Paper Frog":19},{"Lantern":26,"Self Forming Clay":11,"The Courier":14,"Bag of Preparation":1,"Smiling Mask":0,"Cursed Key":17,"Burning Blood":0,"White Beast Statue":10,"SlaversCollar":8,"Nunchaku":12,"Lizard Tail":22,"Matryoshka":20,"DollysMirror":18,"Bird Faced Urn":3,"Strawberry":3,"Bronze Scales":24,"Bag of Marbles":5,"Paper Frog":9},{"Lantern":146,"Self Forming Clay":68,"The Courier":85,"Bag of Preparation":6,"Smiling Mask":0,"Cursed Key":104,"Burning Blood":0,"White Beast Statue":61,"SlaversCollar":50,"Nunchaku":77,"Lizard Tail":120,"Matryoshka":110,"DollysMirror":106,"Bird Faced Urn":18,"Strawberry":18,"Bronze Scales":132,"Bag of Marbles":24,"Paper Frog":54}],"Burning Blood":150},"card_choices":[{"not_picked":["Twin Strike","Reckless Charge"],"picked":"Pommel Strike","floor":1},{"not_picked":["Cleave","Heavy Blade"],"picked":"Dropkick","floor":5},{"not_picked":["Perfected Strike","Dual Wield"],"picked":"Shrug It Off","floor":6},{"not_picked":["Twin Strike","Rage"],"picked":"Intimidate","floor":10},{"not_picked":["True Grit","Sword Boomerang","Cleave"],"picked":"SKIP","floor":12},{"not_picked":["Cleave","Burning Pact"],"picked":"Wild Strike","floor":13},{"not_picked":["Heavy Blade","Clash"],"picked":"Impervious","floor":14},{"not_picked":["Barricade","Brutality"],"picked":"Offering","floor":16},{"not_picked":["Feel No Pain","Clash","Cleave"],"picked":"SKIP","floor":18},{"not_picked":["Anger","Hemokinesis","Warcry"],"picked":"SKIP","floor":20},{"not_picked":["Thunderclap","Blood for Blood","Impervious"],"picked":"SKIP","floor":23},{"not_picked":["Ghostly Armor","Rampage+1"],"picked":"Perfected Strike+1","floor":25},{"not_picked":["Headbutt+1","Anger+1"],"picked":"Wild Strike","floor":27},{"not_picked":["Heavy Blade","Reckless Charge","Feel No Pain"],"picked":"SKIP","floor":29},{"not_picked":["Carnage","Bloodletting"],"picked":"Berserk","floor":30},{"not_picked":["Headbutt+1","True Grit"],"picked":"Shockwave","floor":31},{"not_picked":["Feed","Exhume"],"picked":"Immolate","floor":33},{"not_picked":["Heavy Blade+1","Armaments"],"picked":"Flex","floor":35},{"not_picked":["Cleave","Thunderclap","Carnage"],"picked":"SKIP","floor":37},{"not_picked":["Forethought","PanicButton"],"picked":"Bandage Up","floor":38},{"not_picked":["Hemokinesis+1","Headbutt+1","Burning Pact+1"],"picked":"SKIP","floor":40},{"not_picked":["Flex+1","Blood for Blood"],"picked":"Shrug It Off+1","floor":42},{"not_picked":["Clash+1","Twin Strike+1"],"picked":"Entrench","floor":44},{"not_picked":["Reaper","Pommel Strike"],"picked":"Dual Wield+1","floor":45},{"not_picked":["Perfected Strike","Metallicize","Warcry+1"],"picked":"SKIP","floor":47},{"not_picked":["Body Slam","Cleave+1","Searing Blow"],"picked":"SKIP","floor":54}],"player_experience":191797,"relics_obtained":[{"floor":6,"key":"Bird Faced Urn"},{"floor":7,"key":"Strawberry"},{"floor":12,"key":"Bag of Marbles"},{"floor":23,"key":"Self Forming Clay"},{"floor":26,"key":"Nunchaku"},{"floor":29,"key":"The Courier"},{"floor":40,"key":"Matryoshka"},{"floor":44,"key":"Lizard Tail"},{"floor":47,"key":"Bronze Scales"},{"floor":54,"key":"Lantern"}],"event_choices":[{"damage_healed":0,"gold_gain":0,"player_choice":"Grow","damage_taken":0,"max_hp_gain":0,"max_hp_loss":0,"event_name":"Living Wall","floor":2,"gold_loss":0,"cards_upgraded":["Pommel Strike"]},{"damage_healed":0,"gold_gain":0,"player_choice":"Success","damage_taken":12,"relics_obtained":["Bag of Preparation"],"max_hp_gain":0,"max_hp_loss":0,"event_name":"Scrap Ooze","floor":3,"gold_loss":0},{"damage_healed":0,"gold_gain":0,"player_choice":"Ignored","damage_taken":0,"max_hp_gain":0,"max_hp_loss":0,"event_name":"Golden Idol","floor":4,"gold_loss":0},{"damage_healed":0,"gold_gain":0,"player_choice":"Opened","damage_taken":0,"relics_obtained":["Paper Frog"],"max_hp_gain":0,"max_hp_loss":0,"event_name":"The Mausoleum","floor":19,"gold_loss":0},{"damage_healed":0,"gold_gain":0,"player_choice":"Forge","damage_taken":0,"max_hp_gain":0,"max_hp_loss":0,"event_name":"Accursed Blacksmith","floor":22,"gold_loss":0,"cards_upgraded":["Intimidate"]},{"damage_healed":0,"gold_gain":0,"player_choice":"Memory 1","damage_taken":0,"max_hp_gain":0,"max_hp_loss":0,"event_name":"SensoryStone","floor":38,"gold_loss":0},{"damage_healed":0,"gold_gain":0,"cards_transformed":["Strike_R","Strike_R"],"player_choice":"Transformed Cards","damage_taken":0,"max_hp_gain":0,"max_hp_loss":0,"event_name":"Designer","floor":39,"gold_loss":60,"cards_obtained":["Berserk","Uppercut"]},{"cards_removed":["Shrug It Off"],"damage_healed":0,"gold_gain":0,"player_choice":"Removed Skill","damage_taken":0,"max_hp_gain":0,"max_hp_loss":0,"event_name":"Falling","floor":48,"gold_loss":0}],"is_beta":false,"boss_relics":[{"not_picked":["Velvet Choker","Calling Bell"],"picked":"SlaversCollar"},{"not_picked":["SacredBark","Coffee Dripper"],"picked":"Cursed Key"}],"items_purged_floors":[21],"is_endless":false,"potions_floor_spawned":[6,12,18,23,25,27,29,30,31,33,35,37,40,42,44,45,47,54],"killed_by":"The Heart","ascension_level":1}}