{"host":"sc0o2qwpf9j16a4i","time":1610010549,"event":{"mods":["AchievementEnabler","BaseMod","BetterRewards","Block Reminder","Colored Map","Colored Powertips","Custom Start","Highlight Path","Minty Spire (QoL Compilation)","Relic Stats"],"gold_per_floor":[116,74,89,101,111,145,145,174,174,174,200,200,200,212,212,289,289,308,308,308,308,23,23,50,50,50,50,50,79,79,93,93,167,167,177,177,225,241,1240,1240,1259,587,587,587,601,633,15,15,15],"floor_reached":48,"playtime":1588,"items_purged":["Normality","Normality"],"score":1349,"play_id":"91a17241-0282-4402-953d-4c01724b413d","local_time":"20210107110909","is_ascension_mode":true,"campfire_choices":[{"data":"Inflame","floor":7.0,"key":"SMITH"},{"floor":12.0,"key":"REST"},{"data":"Disarm","floor":15.0,"key":"SMITH"},{"data":"True Grit","floor":23.0,"key":"SMITH"},{"data":"True Grit","floor":25.0,"key":"SMITH"},{"data":"Inflame","floor":27.0,"key":"SMITH"},{"data":"Immolate","floor":30.0,"key":"SMITH"},{"data":"Shockwave","floor":32.0,"key":"SMITH"},{"floor":40.0,"key":"REST"},{"floor":44.0,"key":"REST"}],"circlet_count":0,"master_deck":["AscendersBane","Defend_R+1","Defend_R+1","Defend_R+1","Defend_R+1","Bash","Inflame+1","Blood for Blood","Blood for Blood","Fire Breathing","Shockwave+1","Sword Boomerang","Inflame+1","Disarm+1","True Grit+1","Metallicize+1","Combust+1","Immolate+1","Dropkick","Berserk+1","Evolve+1","True Grit+1","Juggernaut+1","Heavy Blade","Immolate","Metamorphosis","The Bomb","Spot Weakness+1","Flame Barrier","Dark Embrace+1","Chrysalis","Burning Pact","Demon Form+1","Dark Embrace+1"],"relics":["Burning Blood","MealTicket","Bag of Preparation","Dream Catcher","Frozen Egg 2","Mango","Snecko Eye","Orichalcum","Smiling Mask","Mercury Hourglass","StrikeDummy","Empty Cage","CaptainsWheel","Toolbox","Bag of Marbles","Mummified Hand","Medical Kit","Eternal Feather"],"acts_visited":["Exordium","TheCity","TheBeyond"],"potions_floor_usage":[46,48],"damage_taken":[{"damage":4.0,"enemies":"2 Louse","floor":1.0,"turns":4.0},{"damage":7.0,"enemies":"Jaw Worm","floor":3.0,"turns":3.0},{"damage":9.0,"enemies":"Cultist","floor":4.0,"turns":4.0},{"damage":11.0,"enemies":"Looter","floor":5.0,"turns":3.0},{"damage":15.0,"enemies":"Lagavulin","floor":6.0,"turns":7.0},{"damage":35.0,"enemies":"3 Sentries","floor":8.0,"turns":6.0},{"damage":16.0,"enemies":"Lagavulin","floor":11.0,"turns":6.0},{"damage":6.0,"enemies":"Blue Slaver","floor":14.0,"turns":5.0},{"damage":15.0,"enemies":"Hexaghost","floor":16.0,"turns":10.0},{"damage":11.0,"enemies":"3 Byrds","floor":18.0,"turns":3.0},{"damage":10.0,"enemies":"Gremlin Leader","floor":24.0,"turns":5.0},{"damage":12.0,"enemies":"Book of Stabbing","floor":29.0,"turns":5.0},{"damage":0.0,"enemies":"Spheric Guardian","floor":31.0,"turns":3.0},{"damage":52.0,"enemies":"Automaton","floor":33.0,"turns":10.0},{"damage":29.0,"enemies":"3 Darklings","floor":35.0,"turns":3.0},{"damage":29.0,"enemies":"2 Orb Walkers","floor":37.0,"turns":4.0},{"damage":0.0,"enemies":"3 Shapes","floor":38.0,"turns":3.0},{"damage":14.0,"enemies":"Transient","floor":41.0,"turns":6.0},{"damage":50.0,"enemies":"Jaw Worm Horde","floor":45.0,"turns":4.0},{"damage":36,"enemies":"Nemesis","floor":46,"turns":7},{"damage":28,"enemies":"Spire Growth","floor":48,"turns":4}],"seed_played":"-8427210111047642459","potions_obtained":[{"floor":3.0,"key":"Weak Potion"},{"floor":4.0,"key":"LiquidMemories"},{"floor":8.0,"key":"AttackPotion"},{"floor":18.0,"key":"PowerPotion"},{"floor":29.0,"key":"Dexterity Potion"},{"floor":33.0,"key":"Dexterity Potion"},{"floor":37.0,"key":"Block Potion"},{"floor":38.0,"key":"PowerPotion"},{"floor":45.0,"key":"Swift Potion"}],"is_trial":false,"path_per_floor":["M","$","M","M","M","E","R","E","T","?","E","R","?","M","R","B",null,"M","?","?","?","$","R","E","R","T","R","?","E","R","M","R","B",null,"M","?","?","M","?","R","M","$","T","R","M","E","$","M"],"character_chosen":"IRONCLAD","items_purchased":["Inflame","Blood for Blood","MealTicket","BlessingOfTheForge","Fire Breathing","Orichalcum","Evolve+1","True Grit","Dark Embrace+1","Toolbox","Bag of Marbles","Chrysalis","Medical Kit","Eternal Feather","Dark Embrace+1","PowerPotion"],"campfire_rested":3,"item_purchase_floors":[0,0,0,0,2,22,22,22,42,42,42,42,47,47,47,47],"current_hp_per_floor":[57,72,71,68,63,54,54,25,25,25,29,55,48,48,48,39,77,72,46,46,46,61,61,57,57,57,57,57,51,51,57,57,11,73,50,40,17,23,23,51,43,58,58,86,42,12,27,0,0],"gold":15,"neow_bonus":"","is_daily":false,"chose_seed":false,"campfire_upgraded":7,"win_rate":0.0,"timestamp":1610010549,"path_taken":["M","$","M","M","M","E","R","E","T","?","E","R","?","M","R","BOSS","M","?","?","?","$","R","E","R","T","R","?","E","R","M","R","BOSS","M","?","?","M","?","R","M","$","T","R","M","E","$","M"],"items_purchased_type":["Card","Card","Relic","Potion","Card","Relic","Card","Card","Card","Relic","Relic","Card","Relic","Relic","Card","Potion"],"build_version":"2020-12-22","purchased_purges":2,"victory":false,"max_hp_per_floor":[75,75,75,75,75,75,75,75,75,75,89,89,89,89,89,89,89,89,94,94,94,94,94,94,94,94,94,94,94,94,94,94,94,94,94,94,94,94,94,94,94,94,94,94,94,94,94,94,94],"relic_stats":{"counters":[33,155],"Eternal Feather":0,"Bag of Preparation":[32],"Orichalcum":[96],"Smiling Mask":75,"Medical Kit":[0],"Burning Blood":186,"Mercury Hourglass":[176],"Dream Catcher":3,"Mummified Hand":[17],"Snecko Eye":[102,112,92,119],"MealTicket":75,"obtain_stats":[{"Mango":11,"Eternal Feather":47,"PreservedInsect":11,"Bag of Preparation":6,"Frozen Egg 2":9,"Orichalcum":22,"Sling":14,"Smiling Mask":24,"Empty Cage":34,"Medical Kit":47,"Burning Blood":0,"Mercury Hourglass":26,"Nunchaku":9,"Dream Catcher":8,"CaptainsWheel":37,"Mummified Hand":46,"Snecko Eye":17,"Toolbox":42,"MealTicket":7,"Black Star":17,"Art of War":19,"Bag of Marbles":42,"StrikeDummy":29},{"Mango":19,"Eternal Feather":32,"PreservedInsect":6,"Bag of Preparation":17,"Frozen Egg 2":18,"Orichalcum":22,"Sling":7,"Smiling Mask":23,"Empty Cage":26,"Medical Kit":32,"Burning Blood":0,"Mercury Hourglass":23,"Nunchaku":5,"Dream Catcher":18,"CaptainsWheel":28,"Mummified Hand":32,"Snecko Eye":21,"Toolbox":30,"MealTicket":4,"Black Star":8,"Art of War":9,"Bag of Marbles":30,"StrikeDummy":24},{"Mango":83,"Eternal Feather":151,"PreservedInsect":27,"Bag of Preparation":71,"Frozen Egg 2":77,"Orichalcum":101,"Sling":29,"Smiling Mask":106,"Empty Cage":124,"Medical Kit":151,"Burning Blood":0,"Mercury Hourglass":106,"Nunchaku":23,"Dream Catcher":77,"CaptainsWheel":131,"Mummified Hand":151,"Snecko Eye":98,"Toolbox":140,"MealTicket":18,"Black Star":36,"Art of War":40,"Bag of Marbles":140,"StrikeDummy":111}]},"card_choices":[{"not_picked":["Heavy Blade","Body Slam"],"picked":"Blood for Blood","floor":1.0},{"not_picked":["Flex","Body Slam"],"picked":"Shockwave","floor":3.0},{"not_picked":["Perfected Strike","Carnage"],"picked":"Sword Boomerang","floor":4.0},{"not_picked":["Pummel","Fire Breathing","Flex"],"picked":"SKIP","floor":5.0},{"not_picked":["Shockwave","Pummel"],"picked":"Inflame","floor":6.0},{"not_picked":["Inflame","Shrug It Off"],"picked":"Disarm","floor":8.0},{"not_picked":["Brutality+1","Evolve+1"],"picked":"True Grit","floor":11.0},{"not_picked":["Dual Wield","Armaments"],"picked":"Metallicize+1","floor":12.0},{"not_picked":["Clothesline","Armaments"],"picked":"Combust+1","floor":14.0},{"not_picked":["Corruption+1","Feed"],"picked":"Immolate","floor":16.0},{"not_picked":["Pommel Strike","Headbutt+1","Ghostly Armor"],"picked":"SKIP","floor":18.0},{"not_picked":["Power Through","Perfected Strike+1","Armaments"],"picked":"SKIP","floor":24.0},{"not_picked":["Anger+1","Whirlwind+1"],"picked":"Juggernaut+1","floor":29.0},{"not_picked":["Perfected Strike","Reckless Charge"],"picked":"Heavy Blade","floor":31.0},{"not_picked":["Berserk+1","Offering"],"picked":"Immolate","floor":33.0},{"not_picked":["Perfected Strike","Sword Boomerang","Pommel Strike"],"picked":"SKIP","floor":35.0},{"not_picked":["PanicButton","Violence"],"picked":"Metamorphosis","floor":36.0},{"not_picked":["Secret Weapon","Mind Blast"],"picked":"The Bomb","floor":36.0},{"not_picked":["Fire Breathing+1","Pommel Strike+1"],"picked":"Spot Weakness+1","floor":37.0},{"not_picked":["Combust+1","Intimidate+1","Perfected Strike"],"picked":"SKIP","floor":38.0},{"not_picked":["Wild Strike+1","Cleave"],"picked":"Flame Barrier","floor":41.0},{"not_picked":["Combust+1","Cleave"],"picked":"Burning Pact","floor":44.0},{"not_picked":["Searing Blow+1","Cleave+1","Clash+1"],"picked":"SKIP","floor":45.0},{"not_picked":["Shockwave+1","Combust+1"],"picked":"Demon Form+1","floor":46}],"player_experience":556002,"relics_obtained":[{"floor":6.0,"key":"Bag of Preparation"},{"floor":8.0,"key":"Dream Catcher"},{"floor":9.0,"key":"Frozen Egg 2"},{"floor":11.0,"key":"Mango"},{"floor":24.0,"key":"Smiling Mask"},{"floor":26.0,"key":"Mercury Hourglass"},{"floor":29.0,"key":"StrikeDummy"},{"floor":37.0,"key":"CaptainsWheel"},{"floor":46,"key":"Mummified Hand"}],"event_choices":[{"damage_healed":0.0,"max_hp_gain":0.0,"max_hp_loss":0.0,"gold_gain":0.0,"event_name":"Dead Adventurer","player_choice":"Searched \u00270\u0027 times","floor":10.0,"gold_loss":0.0,"damage_taken":0.0},{"cards_removed":["Strike_R"],"damage_healed":0.0,"max_hp_gain":0.0,"max_hp_loss":0.0,"gold_gain":0.0,"event_name":"Golden Wing","player_choice":"Card Removal","floor":13.0,"gold_loss":0.0,"damage_taken":7.0},{"damage_healed":0.0,"max_hp_gain":5.0,"max_hp_loss":0.0,"gold_gain":0.0,"event_name":"Forgotten Altar","player_choice":"Shed Blood","floor":19.0,"gold_loss":0.0,"damage_taken":31.0},{"damage_healed":0.0,"max_hp_gain":0.0,"max_hp_loss":0.0,"gold_gain":0.0,"cards_transformed":["Strike_R","Strike_R"],"event_name":"Drug Dealer","player_choice":"Became Test Subject","floor":20.0,"gold_loss":0.0,"damage_taken":0.0,"cards_obtained":["Dropkick","Berserk"]},{"damage_healed":0.0,"max_hp_gain":0.0,"max_hp_loss":0.0,"gold_gain":0.0,"event_name":"Back to Basics","player_choice":"Simplicity","floor":21.0,"gold_loss":0.0,"damage_taken":0.0,"cards_upgraded":["Strike_R","Strike_R","Defend_R","Defend_R","Defend_R","Defend_R"]},{"damage_healed":0.0,"max_hp_gain":0.0,"max_hp_loss":0.0,"gold_gain":0.0,"event_name":"SensoryStone","player_choice":"Memory 3","floor":36.0,"gold_loss":0.0,"damage_taken":10.0},{"damage_healed":0.0,"max_hp_gain":0.0,"max_hp_loss":0.0,"gold_gain":0.0,"event_name":"Mysterious Sphere","player_choice":"Fight","floor":37.0,"gold_loss":0.0,"damage_taken":0.0},{"damage_healed":0.0,"max_hp_gain":0.0,"max_hp_loss":0.0,"gold_gain":999.0,"event_name":"MindBloom","player_choice":"Gold","floor":39.0,"gold_loss":0.0,"damage_taken":0.0,"cards_obtained":["Normality","Normality"]}],"is_beta":false,"boss_relics":[{"not_picked":["SacredBark","Black Star"],"picked":"Snecko Eye"},{"not_picked":["Philosopher\u0027s Stone","Fusion Hammer"],"picked":"Empty Cage"}],"items_purged_floors":[42,47],"is_endless":false,"potions_floor_spawned":[3,4,8,18,29,33,37,38,45],"killed_by":"Spire Growth","ascension_level":20}}