{"host":"pa9f0x1gh89g8gxw","time":1610008858,"event":{"mods":["BaseMod","Colored Powertips","Hubris","Infinite Spire","Minty Spire (QoL Compilation)","Replay The Spire","StSLib"],"gold_per_floor":[118,118,129,129,145,172,191,209,283,283,10,45,95,115,115,223,223,242,167,82,82,32,66,16,47,47,49,49,68,96,135,135,137,137],"floor_reached":33,"playtime":1511,"items_purged":["Strike_B","hubris:Lust","Shame"],"score":382,"play_id":"07150a16-25d1-465d-a367-b9c0cb940c86","local_time":"20210107194058","is_ascension_mode":true,"campfire_choices":[{"data":"Defragment","floor":10,"key":"SMITH"},{"data":"Chaos","floor":15,"key":"SMITH"},{"floor":32,"key":"DIG"}],"circlet_count":0,"master_deck":["Strike_B","Strike_B","Strike_B","Defend_B","Defend_B","Defend_B","Zap","Dualcast","Chaos+1","Glacier","Cold Snap+1","Defragment+1","Conserve Battery","Gash+1","Creative AI+1","Cold Snap","White Noise","Tempest+1","Parasite","Gash","Blizzard+1","Doom and Gloom"],"relics":["Cracked Core","ReplayTheSpireMod:Ninjato","Replay:Rubber Ducky","Darkstone Periapt","Lantern","Pocketwatch","Ring of Greed","Smiling Mask","Replay:Bandana","ReplayTheSpireMod:Ring of Exchange","Ring of Chaos","hubris:Metronome","hubris:TenFootPole","Whetstone","hubris:64BitClover","Runic Pyramid","hubris:TerracottaHorce","ReplayTheSpireMod:Lightbulb","infinitespire:BottledMercury"],"acts_visited":["Exordium","TheCity"],"potions_floor_usage":[16,18,30,31,31,33,33],"damage_taken":[{"damage":1,"enemies":"Cultist","floor":1,"turns":3},{"damage":1,"enemies":"2 Louse","floor":3,"turns":2},{"damage":0,"enemies":"Small Slimes","floor":5,"turns":3},{"damage":26,"enemies":"3 Sentries","floor":6,"turns":9},{"damage":6,"enemies":"3 Louse","floor":7,"turns":4},{"damage":7,"enemies":"2 Fungi Beasts","floor":8,"turns":6},{"damage":0,"enemies":"Lagavulin","floor":12,"turns":7},{"damage":0,"enemies":"Looter","floor":14,"turns":3},{"damage":7,"enemies":"Slime Boss","floor":16,"turns":13},{"damage":13,"enemies":"3 Byrds","floor":18,"turns":4},{"damage":3,"enemies":"Gremlin Leader","floor":23,"turns":10},{"damage":7,"enemies":"Replay:Snechameleon","floor":25,"turns":6},{"damage":7,"enemies":"2 Thieves","floor":27,"turns":4},{"damage":17,"enemies":"Sentry and Sphere","floor":29,"turns":5},{"damage":40,"enemies":"Centurion and Healer","floor":30,"turns":5},{"damage":15,"enemies":"Slavers","floor":31,"turns":4},{"damage":15,"enemies":"Collector","floor":33,"turns":2}],"seed_played":"6775921370247136205","potions_obtained":[{"floor":3,"key":"SkillPotion"},{"floor":7,"key":"Explosive Potion"},{"floor":8,"key":"LiquidBronze"},{"floor":16,"key":"Reflective Coating"},{"floor":18,"key":"DistilledChaos"},{"floor":25,"key":"Adrenaline Potion"},{"floor":30,"key":"DistilledChaos"},{"floor":31,"key":"Regen Potion"}],"is_trial":false,"path_per_floor":["M","?","M","?","M","E","M","M","T","R","$","E","?","M","R","B",null,"M","?","?","?","$","E","$","E","T","M","AVR","M","M","E","R","B"],"character_chosen":"DEFECT","items_purchased":["Lantern","Conserve Battery"],"campfire_rested":0,"item_purchase_floors":[11,11],"current_hp_per_floor":[74,85,84,84,84,58,52,45,45,45,45,45,51,51,51,50,97,84,84,84,84,84,81,81,74,74,73,73,56,16,1,1,0,0],"gold":137,"neow_bonus":"ONE_RANDOM_RARE_CARD","is_daily":false,"chose_seed":false,"campfire_upgraded":2,"win_rate":0.0,"timestamp":1610008858,"path_taken":["M","?","?","?","M","E","?","M","T","R","$","E","?","M","R","BOSS","M","?","?","?","$","E","?","E","T","M","AVR","M","M","E","R","BOSS"],"items_purchased_type":["Relic","Card"],"build_version":"2020-12-22","purchased_purges":3,"victory":false,"max_hp_per_floor":[75,85,85,85,85,85,85,85,85,85,85,85,91,91,91,97,97,97,97,97,97,97,97,97,97,97,103,103,103,103,103,103,103,103],"card_choices":[{"not_picked":["Streamline","Heatsinks","Lockon"],"picked":"SKIP","floor":1},{"not_picked":["Leap","Streamline"],"picked":"Chaos","floor":3},{"not_picked":["Sunder","Barrage"],"picked":"Glacier","floor":5},{"not_picked":["Barrage","Streamline"],"picked":"Cold Snap","floor":6},{"not_picked":["hubris:DoWhile","Reinforced Body","Panic Button"],"picked":"SKIP","floor":7},{"not_picked":["Hologram","ReplayTheSpireMod:System Scan"],"picked":"Defragment","floor":8},{"not_picked":["Beam Cell","Hello World","hubris:PowerSurge"],"picked":"SKIP","floor":12},{"not_picked":["Conserve Battery","Barrage"],"picked":"Gash","floor":14},{"not_picked":["Buffer","Hyperbeam"],"picked":"Creative AI","floor":16},{"not_picked":["Stack","Rebound+1"],"picked":"Cold Snap","floor":18},{"not_picked":["hubris:SpecializedCircuitry","Force Field"],"picked":"White Noise","floor":23},{"not_picked":["Coolheaded+1","Stack+1"],"picked":"Tempest+1","floor":25},{"not_picked":["Heatsinks","Rebound"],"picked":"Gash","floor":27},{"not_picked":["Ball Lightning","Barrage"],"picked":"Blizzard+1","floor":29},{"not_picked":["Steam+1","Turbo"],"picked":"Doom and Gloom","floor":30},{"not_picked":["Leap","hubris:PowerSurge+1","Crystallizer"],"picked":"SKIP","floor":31}],"player_experience":464857,"relics_obtained":[{"floor":6,"key":"Replay:Rubber Ducky"},{"floor":9,"key":"Darkstone Periapt"},{"floor":12,"key":"Pocketwatch"},{"floor":13,"key":"Ring of Greed"},{"floor":13,"key":"Smiling Mask"},{"floor":13,"key":"Replay:Bandana"},{"floor":13,"key":"ReplayTheSpireMod:Ring of Exchange"},{"floor":23,"key":"hubris:TenFootPole"},{"floor":25,"key":"Whetstone"},{"floor":26,"key":"hubris:64BitClover"},{"floor":31,"key":"ReplayTheSpireMod:Lightbulb"},{"floor":32,"key":"infinitespire:BottledMercury"}],"event_choices":[{"cards_removed":["Echo Form"],"damage_healed":1,"gold_gain":0,"player_choice":"Offered Rare","damage_taken":0,"max_hp_gain":10,"max_hp_loss":0,"event_name":"Bonfire Elementals","floor":2,"gold_loss":0},{"damage_healed":0,"gold_gain":0,"player_choice":"Gave Potion","damage_taken":0,"relics_obtained":["ReplayTheSpireMod:Ninjato"],"max_hp_gain":0,"max_hp_loss":0,"event_name":"WeMeetAgain","floor":4,"gold_loss":0},{"cards_removed":["Defend_B"],"damage_healed":0,"gold_gain":0,"player_choice":"Gave Gold","damage_taken":0,"max_hp_gain":0,"max_hp_loss":0,"event_name":"Beggar","floor":19,"gold_loss":75},{"damage_healed":0,"gold_gain":0,"player_choice":"Obtained Relic","damage_taken":0,"relics_obtained":["hubris:Metronome"],"max_hp_gain":0,"max_hp_loss":0,"event_name":"Addict","floor":20,"gold_loss":85}],"is_beta":false,"boss_relics":[{"not_picked":["Runic Dome","hubris:CrackedHourglass"],"picked":"Ring of Chaos"}],"items_purged_floors":[11,22,24],"is_endless":false,"potions_floor_spawned":[3,7,8,16,18,25,30,31],"killed_by":"Collector","ascension_level":1}}