{"host":"e5j9gsw9gssw3h6t","time":1610035864,"event":{"mods":["BaseMod","Colored Powertips","Minty Spire (QoL Compilation)","Relic Stats","Replay The Spire","StSLib"],"gold_per_floor":[118,118,136,86,138,166,196,210,234,245,264,278,295,295,295,295,295],"floor_reached":16,"playtime":665,"items_purged":[],"score":135,"play_id":"20b5002f-a2d6-4d9a-83e7-2656d6c7f7bc","local_time":"20210107111104","is_ascension_mode":true,"campfire_choices":[{"floor":15.0,"key":"REST"}],"circlet_count":0,"master_deck":["Strike_G","Strike_G","Strike_G","Strike_G","Strike_G","Defend_G","Defend_G","Defend_G","Defend_G+1","Defend_G+1","Survivor","Neutralize","Phantasmal Killer","Blade Dance","Riddle With Holes","Hidden Blade","ReplayTheSpireMod:Splinters","Draining Mist","Accuracy","Accuracy","A Thousand Cuts","PiercingWail"],"relics":["Ring of the Snake","Blue Candle","Blue Doll","War Paint","ReplayTheSpireMod:TigerMarble"],"acts_visited":["Exordium"],"potions_floor_usage":[16],"damage_taken":[{"damage":4.0,"enemies":"Jaw Worm","floor":1.0,"turns":5.0},{"damage":0.0,"enemies":"2 Louse","floor":3.0,"turns":2.0},{"damage":24.0,"enemies":"Lagavulin","floor":6.0,"turns":6.0},{"damage":2.0,"enemies":"Small Slimes","floor":8.0,"turns":4.0},{"damage":19.0,"enemies":"Exordium Wildlife","floor":10.0,"turns":5.0},{"damage":0.0,"enemies":"Blue Slaver","floor":11.0,"turns":4.0},{"damage":12.0,"enemies":"Looter","floor":12.0,"turns":4.0},{"damage":1.0,"enemies":"Lots of Slimes","floor":13.0,"turns":6.0},{"damage":33,"enemies":"The Guardian","floor":16,"turns":7}],"seed_played":"3187187270543132643","potions_obtained":[{"floor":3.0,"key":"Doom Potion"},{"floor":5.0,"key":"SpeedPotion"},{"floor":10.0,"key":"SteroidPotion"}],"is_trial":false,"path_per_floor":["M","?","M","$","?","E","?","M","T","M","M","M","M","?","R","B"],"character_chosen":"THE_SILENT","items_purchased":["Hidden Blade"],"campfire_rested":1,"item_purchase_floors":[4],"current_hp_per_floor":[59,59,59,59,59,35,35,33,33,14,14,2,1,1,22,0,0],"gold":295,"neow_bonus":"ONE_RANDOM_RARE_CARD","is_daily":false,"chose_seed":false,"campfire_upgraded":0,"win_rate":0.0,"timestamp":1610035864,"path_taken":["M","?","M","$","?","E","?","M","T","M","M","M","?","?","R","BOSS"],"items_purchased_type":["Card"],"build_version":"2020-12-22","purchased_purges":0,"victory":false,"max_hp_per_floor":[70,70,70,70,70,70,70,70,70,70,70,70,70,70,70,70,70],"relic_stats":{"counters":[9,43],"Blue Candle":[8],"War Paint":["Defend_G","Defend_G"],"obtain_stats":[{"Blue Candle":5,"Blue Doll":6,"ReplayTheSpireMod:TigerMarble":9,"War Paint":7,"Ring of the Snake":0},{"Blue Candle":2,"Blue Doll":3,"ReplayTheSpireMod:TigerMarble":4,"War Paint":3,"Ring of the Snake":0},{"Blue Candle":7,"Blue Doll":13,"ReplayTheSpireMod:TigerMarble":17,"War Paint":13,"Ring of the Snake":0}],"Ring of the Snake":[18]},"card_choices":[{"not_picked":["Outmaneuver","Deadly Poison"],"picked":"Blade Dance","floor":1.0},{"not_picked":["Bane","Quick Slash"],"picked":"Riddle With Holes","floor":3.0},{"not_picked":["Underhanded Strike","Riddle With Holes"],"picked":"Draining Mist","floor":5.0},{"not_picked":["Skewer","Cloak And Dagger"],"picked":"Accuracy","floor":6.0},{"not_picked":["Unload","Prepared","Quick Slash"],"picked":"SKIP","floor":8.0},{"not_picked":["Choke","Replay:Poison Smokescreen"],"picked":"Accuracy","floor":10.0},{"not_picked":["Catalyst","Flying Knee","Quick Slash"],"picked":"SKIP","floor":11.0},{"not_picked":["Backflip","Flying Knee"],"picked":"A Thousand Cuts","floor":12.0},{"not_picked":["Poisoned Stab","Heel Hook"],"picked":"PiercingWail","floor":13.0}],"player_experience":136161,"relics_obtained":[{"floor":5.0,"key":"Blue Candle"},{"floor":6.0,"key":"Blue Doll"},{"floor":9.0,"key":"ReplayTheSpireMod:TigerMarble"}],"event_choices":[{"damage_healed":0.0,"max_hp_gain":0.0,"max_hp_loss":0.0,"gold_gain":0.0,"event_name":"The Cleric","player_choice":"Leave","floor":2.0,"gold_loss":0.0,"damage_taken":0.0},{"damage_healed":0.0,"max_hp_gain":0.0,"max_hp_loss":0.0,"gold_gain":30.0,"event_name":"Dead Adventurer","player_choice":"Searched \u00272\u0027 times","floor":7.0,"gold_loss":0.0,"damage_taken":0.0,"relics_obtained":["War Paint"]},{"damage_healed":0.0,"max_hp_gain":0.0,"max_hp_loss":0.0,"gold_gain":0.0,"event_name":"Golden Wing","player_choice":"Ignored","floor":14.0,"gold_loss":0.0,"damage_taken":0.0}],"is_beta":false,"boss_relics":[],"items_purged_floors":[],"is_endless":false,"potions_floor_spawned":[3,10,12],"killed_by":"The Guardian","ascension_level":6}}