{"host":"n7mxhpjy89lltbhc","time":1610014695,"event":{"mods":["2.2 Compatiblity","Act Like it!","Bard","BaseMod","Better Match","Better Sensory Stone","Better Synergies","Better Vampires","BetterRewards","Colored Map","Colored Powertips","Downfall","Gensokyo","Hubris","Infinite Spire","Jedi Mod","Marisa????????","Minty Spire (QoL Compilation)","Permanent Neow","Rare Cards Sparkle","Relic Sorter","Relic Stats","Replay The Spire","Shop Mod","Small Relic Pack","Spicy Shops","StSLib","Strawberry Spire","The Blue Laboratory","The Marked","The Servant 0.9.4","Waifu the Spire","Wandering Minibosses"],"gold_per_floor":[114,132,48,48,65,65,65],"floor_reached":6,"playtime":210,"items_purged":[],"score":67,"play_id":"fe79a6f2-aae0-4708-a758-2223344afa73","local_time":"25640107171815","is_ascension_mode":true,"campfire_choices":[],"circlet_count":0,"master_deck":["AscendersBane","Strike_S","Strike_S","Strike_S","Strike_S","Defend_S","Defend_S","Defend_S","Defend_S","KidneyShot","Exchange","Duplication","Luminosity","SilverBlades","Gensokyo:TarnishedGold","Gensokyo:Shovel"],"relics":["Uniform","Ring of Misfortune","Ring of Fury"],"acts_visited":["Gensokyo:Gensokyo"],"potions_floor_usage":[],"damage_taken":[{"damage":5,"enemies":"Gensokyo:Gryphon","floor":1,"turns":6},{"damage":11,"enemies":"Gensokyo:2_Kodama","floor":2,"turns":5},{"damage":1,"enemies":"Gensokyo:3_Fairies","floor":5,"turns":5},{"damage":44,"enemies":"Gensokyo:Aya","floor":6,"turns":6}],"seed_played":"4711943910183311978","potions_obtained":[],"is_trial":false,"path_per_floor":["M","M","COS","?","M","E"],"character_chosen":"THE_SERVANT","items_purchased":[],"campfire_rested":0,"item_purchase_floors":[],"current_hp_per_floor":[49,38,38,38,37,0,0],"gold":65,"neow_bonus":"ONE_RANDOM_RARE_CARD","is_daily":false,"chose_seed":false,"campfire_upgraded":0,"win_rate":0.0,"timestamp":1610014695,"path_taken":["M","M","COS","?","M","E"],"items_purchased_type":[],"build_version":"2020-12-22","purchased_purges":0,"victory":false,"max_hp_per_floor":[60,60,60,60,60,60,60],"relic_stats":{"counters":[4,22],"obtain_stats":[{"Ring of Misfortune":4,"Ring of Fury":4,"Uniform":0},{"Ring of Misfortune":2,"Ring of Fury":2,"Uniform":0},{"Ring of Misfortune":11,"Ring of Fury":11,"Uniform":0}]},"card_choices":[{"not_picked":["ShiftingGears","Rewind"],"picked":"Luminosity","floor":1},{"not_picked":["Ricochet","Manipulate"],"picked":"SilverBlades","floor":2},{"not_picked":["Potential","Manipulate","Luminosity"],"picked":"SKIP","floor":5}],"player_experience":1042132,"relics_obtained":[{"floor":4,"key":"Ring of Misfortune"},{"floor":4,"key":"Ring of Fury"}],"event_choices":[],"is_beta":false,"boss_relics":[],"items_purged_floors":[],"is_endless":false,"potions_floor_spawned":[],"killed_by":"Gensokyo:Aya","ascension_level":17}}