{"host":"ig7tc0uedzltt2sr","time":1610063113,"event":{"mods":["BaseMod","Better Twitch Integration","Block Reminder","Colored Map","Colored Powertips","Communication Mod","Current Relic Mod","GifTheSpireLib","HexUI Lib","Minty Spire (QoL Compilation)","Quick Restart","Random Character Button","Rare Cards Sparkle","Relic Sorter","Relic Stats","Slay the Relics Exporter","StSLib","SuperFastMode","Synergy Search","Twitch Decklist","Twitch Utils","everything is the same but u backflip on backflip","slay the spire mod where everything is the same but ironclad has a cowboy hat"],"gold_per_floor":[119,119,139,151,111,111,111,111,111,111,111],"floor_reached":10,"playtime":69,"items_purged":[],"score":56,"play_id":"24e54fdf-6a91-422e-b3ff-764d98e2fa01","local_time":"20210107154513","is_ascension_mode":false,"campfire_choices":[{"floor":6,"key":"REST"},{"floor":8,"key":"REST"}],"circlet_count":0,"master_deck":["Strike_R","Strike_R","Strike_R","Strike_R","Strike_R","Defend_R","Defend_R","Defend_R","Defend_R","Bash","Clash","Shockwave","Battle Trance","Dark Embrace"],"relics":["Burning Blood"],"acts_visited":["Exordium"],"potions_floor_usage":[],"damage_taken":[{"damage":31,"enemies":"2 Louse","floor":1,"turns":6},{"damage":10,"enemies":"Small Slimes","floor":3,"turns":6},{"damage":20,"enemies":"Cultist","floor":4,"turns":7},{"damage":94,"enemies":"Lagavulin","floor":10,"turns":12}],"seed_played":"627480226064883366","potions_obtained":[{"floor":3,"key":"ColorlessPotion"},{"floor":4,"key":"ColorlessPotion"}],"is_trial":false,"path_per_floor":["M","?","M","M","$","R","?","R","T","E"],"character_chosen":"IRONCLAD","items_purchased":["Dark Embrace"],"campfire_rested":2,"item_purchase_floors":[5],"current_hp_per_floor":[63,63,59,45,45,71,71,88,88,0,0],"gold":111,"neow_bonus":"TEN_PERCENT_HP_BONUS","is_daily":false,"chose_seed":false,"campfire_upgraded":0,"win_rate":0.0,"timestamp":1610063113,"path_taken":["M","?","M","M","$","R","?","R","T","E"],"items_purchased_type":["Card"],"build_version":"2020-12-22","purchased_purges":0,"victory":false,"max_hp_per_floor":[88,88,88,88,88,88,88,88,88,88,88],"relic_stats":{"counters":[4,31],"obtain_stats":[{"Burning Blood":0},{"Burning Blood":0},{"Burning Blood":0}],"Burning Blood":18},"card_choices":[{"not_picked":["Perfected Strike","Twin Strike"],"picked":"Clash","floor":1},{"not_picked":["Rupture","True Grit"],"picked":"Shockwave","floor":3},{"not_picked":["Heavy Blade","Whirlwind"],"picked":"Battle Trance","floor":4}],"player_experience":1461852,"relics_obtained":[],"event_choices":[{"damage_healed":0,"gold_gain":0,"player_choice":"Ignored","damage_taken":0,"max_hp_gain":0,"max_hp_loss":0,"event_name":"Golden Wing","floor":2,"gold_loss":0},{"damage_healed":0,"gold_gain":0,"player_choice":"Fled","damage_taken":0,"max_hp_gain":0,"max_hp_loss":0,"event_name":"Scrap Ooze","floor":7,"gold_loss":0}],"is_beta":false,"boss_relics":[],"items_purged_floors":[],"is_endless":false,"potions_floor_spawned":[3,4],"killed_by":"Lagavulin","ascension_level":0}}