{"host":"4nqeo0vu1vuav7gg","time":1610043695,"event":{"mods":["AchievementEnabler","BaseMod","Block Reminder","Colored Map","Colored Powertips","Highlight Path","Minty Spire (QoL Compilation)","Quick Restart","Rare Cards Sparkle","Relic Relevance Reorder","StSLib"],"gold_per_floor":[110,128,128,143,143,143,172,172,172,203,203,203,203],"floor_reached":12,"playtime":379,"items_purged":[],"score":168,"play_id":"c52f2db8-46de-4eb3-a61e-2804d8fb9c1b","local_time":"20210107192135","is_ascension_mode":true,"campfire_choices":[{"data":"Zap","floor":6,"key":"SMITH"},{"data":"Defragment","floor":11,"key":"SMITH"}],"circlet_count":0,"master_deck":["AscendersBane","Strike_B","Strike_B","Strike_B","Strike_B","Defend_B","Defend_B","Defend_B","Defend_B","Zap+1","Dualcast","BootSequence","Consume","Regret","Chill","Defragment+1"],"relics":["Cracked Core","Blue Candle","TungstenRod","Boot"],"acts_visited":["Exordium"],"potions_floor_usage":[7,10,10],"damage_taken":[{"damage":7,"enemies":"Jaw Worm","floor":1,"turns":4},{"damage":0,"enemies":"2 Louse","floor":2,"turns":2},{"damage":2,"enemies":"Cultist","floor":4,"turns":3},{"damage":29,"enemies":"3 Sentries","floor":7,"turns":12},{"damage":2,"enemies":"Lagavulin","floor":10,"turns":6},{"damage":44,"enemies":"Gremlin Nob","floor":12,"turns":3}],"seed_played":"6262540996940276907","potions_obtained":[{"floor":1,"key":"DuplicationPotion"},{"floor":2,"key":"FearPotion"},{"floor":4,"key":"Swift Potion"},{"floor":7,"key":"Fire Potion"}],"is_trial":false,"path_per_floor":["M","M","?","M","$","R","E","?","T","E","R","E"],"character_chosen":"DEFECT","items_purchased":[],"campfire_rested":0,"item_purchase_floors":[],"current_hp_per_floor":[64,64,64,62,62,62,33,30,30,28,28,0,0],"gold":203,"neow_bonus":"TEN_PERCENT_HP_BONUS","is_daily":false,"chose_seed":false,"campfire_upgraded":2,"win_rate":0.0,"timestamp":1610043695,"path_taken":["M","M","?","M","$","R","E","?","T","E","R","E"],"items_purchased_type":[],"build_version":"2020-12-22","purchased_purges":0,"victory":false,"max_hp_per_floor":[78,78,78,78,78,78,78,78,78,78,78,78,78],"card_choices":[{"not_picked":["Reprogram","Streamline"],"picked":"BootSequence","floor":1},{"not_picked":["Stack","Auto Shields"],"picked":"Consume","floor":2},{"not_picked":["Steam","Reprogram"],"picked":"Chill","floor":4},{"not_picked":["Sunder","Coolheaded"],"picked":"Defragment","floor":7},{"not_picked":["Consume","All For One","Leap"],"picked":"SKIP","floor":10}],"player_experience":1057621,"relics_obtained":[{"floor":7,"key":"Boot"},{"floor":10,"key":"Blue Candle"}],"event_choices":[{"damage_healed":0,"gold_gain":0,"player_choice":"Box","damage_taken":0,"relics_obtained":["TungstenRod"],"max_hp_gain":0,"max_hp_loss":0,"event_name":"Big Fish","floor":3,"gold_loss":0,"cards_obtained":["Regret"]},{"damage_healed":0,"gold_gain":0,"player_choice":"Bought 0 Potions","damage_taken":0,"max_hp_gain":0,"max_hp_loss":0,"event_name":"The Woman in Blue","floor":8,"gold_loss":0}],"is_beta":false,"boss_relics":[],"items_purged_floors":[],"is_endless":false,"potions_floor_spawned":[1,2,4,7],"killed_by":"Gremlin Nob","ascension_level":19}}