{"host":"kw4o7b3ro2ktmmbe","time":1610001220,"event":{"mods":["Arknights The Spire","BaseMod","Evolution","Minty Spire (QoL Compilation)","StSLib"],"gold_per_floor":[114,124,141,153,10,10,23,23,72,72,88,98,98,108,108,204,204,223,223,223,223,238,238,273,299,299,299,309,234,252,267,267,363,363,373,373,383,398,450,484,484,518,542,542,542,578,597,116,116,116],"floor_reached":51,"playtime":6447,"items_purged":["ats:Defend"],"score":724,"play_id":"31b58edd-0f47-45e9-b6a2-ae17f017a83a","local_time":"20210107193340","is_ascension_mode":false,"campfire_choices":[{"data":"ats:Revitalization","floor":6.0,"key":"SMITH"},{"data":"ats:Echo Reverb","floor":8.0,"key":"SMITH"},{"data":"ats:Composite Medical Shells","floor":10.0,"key":"SMITH"},{"data":"ats:Revitalization","floor":15.0,"key":"SMITH"},{"data":"ats:Calcification","floor":23.0,"key":"SMITH"},{"data":"ats:Revitalization","floor":27.0,"key":"SMITH"},{"data":"ats:Counter Healing Mode","floor":32.0,"key":"SMITH"},{"data":"ats:Revitalization","floor":41,"key":"SMITH"},{"data":"ats:Shell Defense","floor":49,"key":"SMITH"}],"circlet_count":0,"master_deck":["ats:Strike C","ats:Strike G","ats:Strike S","ats:Strike V","ats:Defend+1","ats:Defend","ats:Defend","ats:Emotion Absorption","ats:Revitalization+1","ats:Apocalypse","ats:Composite Medical Shells+1","ats:Echo Reverb+1","ats:Revitalization+1","ats:Calcification+1","ats:Counter Healing Mode+1","ats:Revitalization+1","ats:Shell Defense+1","ats:Shell Defense+1","ats:Roar Of Ursus","ats:Revitalization+1","ats:Revitalization+1","ats:Revitalization+1"],"relics":["ats:Sanity","EVO:Axolotl","OrangePellets","Akabeko","Philosopher\u0027s Stone","MutagenicStrength","Meat on the Bone","ats:Originium","Red Mask","Lantern","Runic Pyramid","War Paint","ats:Ability Aura","CaptainsWheel","Orichalcum","CeramicFish","Vajra","ats:Military Tradition"],"acts_visited":["Exordium","TheCity","TheBeyond"],"potions_floor_usage":[50,50],"damage_taken":[{"damage":5.0,"enemies":"Cultist","floor":1.0,"turns":4.0},{"damage":1.0,"enemies":"Jaw Worm","floor":2.0,"turns":3.0},{"damage":8.0,"enemies":"Small Slimes","floor":3.0,"turns":4.0},{"damage":17.0,"enemies":"Looter","floor":4.0,"turns":5.0},{"damage":8.0,"enemies":"3 Louse","floor":7.0,"turns":5.0},{"damage":9.0,"enemies":"Exordium Wildlife","floor":11.0,"turns":4.0},{"damage":18.0,"enemies":"Blue Slaver","floor":12.0,"turns":5.0},{"damage":8.0,"enemies":"Red Slaver","floor":14.0,"turns":3.0},{"damage":25.0,"enemies":"Slime Boss","floor":16.0,"turns":6.0},{"damage":27.0,"enemies":"Chosen","floor":18.0,"turns":5.0},{"damage":34.0,"enemies":"3 Byrds","floor":22.0,"turns":3.0},{"damage":63.0,"enemies":"Gremlin Leader","floor":24.0,"turns":9.0},{"damage":85.0,"enemies":"Masked Bandits","floor":25.0,"turns":8.0},{"damage":30.0,"enemies":"3 Cultists","floor":28.0,"turns":7.0},{"damage":27.0,"enemies":"Centurion and Healer","floor":30.0,"turns":9.0},{"damage":55.0,"enemies":"Snake Plant","floor":31.0,"turns":5.0},{"damage":95.0,"enemies":"Automaton","floor":33.0,"turns":11.0},{"damage":43.0,"enemies":"3 Darklings","floor":35.0,"turns":6.0},{"damage":40,"enemies":"Orb Walker","floor":37,"turns":5},{"damage":70,"enemies":"3 Darklings","floor":38,"turns":7},{"damage":337,"enemies":"Giant Head","floor":40,"turns":16},{"damage":123,"enemies":"Nemesis","floor":42,"turns":13},{"damage":280,"enemies":"Giant Head","floor":46,"turns":13},{"damage":26,"enemies":"Spire Growth","floor":47,"turns":7},{"damage":149,"enemies":"Donu and Deca","floor":50,"turns":10}],"seed_played":"1438439451945610623","potions_obtained":[{"floor":2.0,"key":"LiquidBronze"},{"floor":3.0,"key":"Regen Potion"},{"floor":11.0,"key":"Fire Potion"},{"floor":18.0,"key":"SteroidPotion"},{"floor":22.0,"key":"BlessingOfTheForge"},{"floor":25.0,"key":"SteroidPotion"},{"floor":28.0,"key":"Block Potion"},{"floor":33.0,"key":"ats:Emergency Sanity Potion"},{"floor":38,"key":"ats:Top Emergency Sanity Potion"},{"floor":46,"key":"BlessingOfTheForge"},{"floor":47,"key":"SpeedPotion"}],"is_trial":false,"path_per_floor":["M","M","M","M","$","R","M","R","T","R","M","M","?","M","R","B",null,"M","?","?","$","M","R","E","?","T","R","M","?","M","M","R","B",null,"M","?","M","M","T","E","R","E","T","?","?","E","M","$","R","B",null],"character_chosen":"DOCTOR_CLASS","items_purchased":["OrangePellets","Vajra","ats:Military Tradition"],"campfire_rested":0,"item_purchase_floors":[5,48,48],"current_hp_per_floor":[74,73,68,65,65,65,73,73,73,73,77,79,79,77,77,77,79,59,44,44,44,24,24,57,51,51,51,74,74,84,69,69,84,84,84,84,81,76,76,84,84,84,84,84,84,84,84,84,84,84],"gold":116,"neow_bonus":"TEN_PERCENT_HP_BONUS","is_daily":false,"chose_seed":false,"campfire_upgraded":9,"win_rate":0.0,"timestamp":1610001220,"path_taken":["M","M","M","M","?","R","M","R","T","R","M","M","?","M","R","BOSS","M","?","?","$","M","R","E","?","T","R","M","?","?","M","R","BOSS","M","?","M","?","?","E","R","E","T","?","?","E","?","$","R","BOSS"],"items_purchased_type":["Relic","Relic","Relic"],"build_version":"2020-12-22","purchased_purges":1,"victory":true,"max_hp_per_floor":[79,79,79,79,79,79,79,79,79,79,79,79,79,79,79,79,79,79,84,84,84,84,84,84,84,84,84,84,84,84,84,84,84,84,84,84,84,84,84,84,84,84,84,84,84,84,84,84,84,84],"card_choices":[{"not_picked":["ats:Powerful Strike","ats:Automatic Cover"],"picked":"ats:Ignite","floor":1.0},{"not_picked":["ats:Apocalypse","ats:Hammer On"],"picked":"ats:Revitalization","floor":2.0},{"not_picked":["ats:Flexible Camouflage","ats:Childhood Dance"],"picked":"ats:Apocalypse","floor":3.0},{"not_picked":["ats:Beaten Up","ats:Powerful Strike"],"picked":"ats:Composite Medical Shells","floor":4.0},{"not_picked":["ats:Hammer On","ats:Consecutive Shot Auto"],"picked":"ats:Echo Reverb","floor":7.0},{"not_picked":["ats:Poison Spread","ats:Childhood Dance"],"picked":"ats:Revitalization","floor":11.0},{"not_picked":["ats:Leaping Hammer","ats:Chain Hook","ats:Cat Scratch"],"picked":"SKIP","floor":12.0},{"not_picked":["ats:Explosion Area Strengthen","ats:Leaping Hammer","ats:Poison Spread"],"picked":"SKIP","floor":14.0},{"not_picked":["ats:True Silver Slash","ats:Roar Of Ursus"],"picked":"ats:Calcification","floor":16.0},{"not_picked":["ats:Poison Spread","ats:Shell Defense"],"picked":"ats:Counter Healing Mode","floor":18.0},{"not_picked":["ats:Flexible Camouflage","ats:Burning Ground+1"],"picked":"ats:Revitalization","floor":22.0},{"not_picked":["ats:Powerful Strike","ats:Durian","ats:Cat Scratch"],"picked":"SKIP","floor":24.0},{"not_picked":["ats:Magnetic Hammer","ats:Closed Bolt Burst Fire"],"picked":"ats:Shell Defense","floor":28.0},{"not_picked":["ats:Magnetic Hammer","ats:Explosion Area Strengthen","ats:Neurotoxin"],"picked":"SKIP","floor":30.0},{"not_picked":["ats:Counter Healing Mode","ats:Cat Scratch"],"picked":"ats:Shell Defense","floor":31.0},{"not_picked":["ats:Fractured Body","ats:True Silver Slash"],"picked":"ats:Roar Of Ursus","floor":33.0},{"not_picked":["ats:Assault Order+1","ats:Curse Doll","ats:Leaping Hammer+1"],"picked":"SKIP","floor":35.0},{"not_picked":["ats:Hook Shot","ats:Assault Order","ats:Childhood Dance"],"picked":"SKIP","floor":37},{"not_picked":["ats:Childhood Dance+1","ats:Ignite"],"picked":"ats:Revitalization","floor":38},{"not_picked":["ats:LN2 Cannon+1","ats:Cat Scratch+1","ats:Hook Shot"],"picked":"SKIP","floor":40},{"not_picked":["ats:Hammer On+1","ats:Powerful Strike"],"picked":"ats:Revitalization+1","floor":42},{"not_picked":["ats:Curse Doll","ats:Powerful Strike"],"picked":"ats:Revitalization+1","floor":46},{"not_picked":["ats:Powerful Strike","ats:True Silver Slash","ats:Consecutive Shot Auto+1"],"picked":"SKIP","floor":47}],"player_experience":1783925,"relics_obtained":[{"floor":9.0,"key":"Akabeko"},{"floor":24.0,"key":"Meat on the Bone"},{"floor":24.0,"key":"ats:Originium"},{"floor":25.0,"key":"Red Mask"},{"floor":26.0,"key":"Lantern"},{"floor":39,"key":"War Paint"},{"floor":40,"key":"ats:Originium"},{"floor":40,"key":"ats:Ability Aura"},{"floor":42,"key":"ats:Originium"},{"floor":42,"key":"CaptainsWheel"},{"floor":43,"key":"Orichalcum"},{"floor":46,"key":"CeramicFish"}],"event_choices":[{"damage_healed":0.0,"max_hp_gain":0.0,"max_hp_loss":0.0,"gold_gain":0.0,"event_name":"Dead Adventurer","player_choice":"Searched \u00270\u0027 times","floor":13.0,"gold_loss":0.0,"damage_taken":0.0},{"damage_healed":0.0,"max_hp_gain":5.0,"max_hp_loss":0.0,"gold_gain":0.0,"event_name":"Forgotten Altar","player_choice":"Shed Blood","floor":19.0,"gold_loss":0.0,"damage_taken":20.0},{"damage_healed":0.0,"max_hp_gain":0.0,"max_hp_loss":0.0,"gold_gain":0.0,"event_name":"Drug Dealer","player_choice":"Inject Mutagens","floor":20.0,"gold_loss":0.0,"damage_taken":0.0,"relics_obtained":["MutagenicStrength"]},{"damage_healed":0.0,"max_hp_gain":0.0,"max_hp_loss":0.0,"gold_gain":0.0,"event_name":"Masked Bandits","player_choice":"Fought Bandits","floor":25.0,"gold_loss":0.0,"damage_taken":0.0},{"cards_removed":["ats:Armor Crushing Shot"],"damage_healed":0.0,"max_hp_gain":0.0,"max_hp_loss":0.0,"gold_gain":0.0,"event_name":"Beggar","player_choice":"Gave Gold","floor":29.0,"gold_loss":75.0,"damage_taken":0.0},{"damage_healed":0,"gold_gain":0,"player_choice":"Ignored","damage_taken":0,"max_hp_gain":0,"max_hp_loss":0,"event_name":"Transmorgrifier","floor":36,"gold_loss":0},{"cards_removed":["ats:Ignite"],"damage_healed":0,"gold_gain":0,"player_choice":"Removed Attack","damage_taken":0,"max_hp_gain":0,"max_hp_loss":0,"event_name":"Falling","floor":44,"gold_loss":0},{"damage_healed":0,"gold_gain":0,"player_choice":"Bought 0 Potions","damage_taken":0,"max_hp_gain":0,"max_hp_loss":0,"event_name":"The Woman in Blue","floor":45,"gold_loss":0}],"is_beta":false,"boss_relics":[{"not_picked":["SlaversCollar","Sozu"],"picked":"Philosopher\u0027s Stone"},{"not_picked":["Astrolabe","Snecko Eye"],"picked":"Runic Pyramid"}],"items_purged_floors":[48],"is_endless":false,"potions_floor_spawned":[2,3,11,12,14,18,22,25,28,33,38,46,47],"ascension_level":0}}