{"host":"6qo42zgaknezulyg","time":1610022806,"event":{"mods":["2.2 Compatiblity","BaseMod","Colored Map","Downfall","Keyboard Shortcuts","Minty Spire (QoL Compilation)","Permanent Neow","Quick Restart","StSLib","SuperFastMode"],"gold_per_floor":[99,118,129,229,229,247,247,266,266,298,310,345,345,356,370,442,442,442,459,72,72,72,72,72,72,57,90,90,90,90,103,115,187,187,87,87,98,152,152,184,261,361,361,361,361,379,379],"floor_reached":48,"playtime":3067,"items_purged":["bronze:Strike"],"score":1291,"play_id":"a374d63b-0805-4a96-88b1-58e561bf09b5","local_time":"20210107213326","is_ascension_mode":true,"campfire_choices":[{"data":"bronze:Replicate","floor":1.0,"key":"SMITH"},{"floor":9.0,"key":"REST"},{"floor":13.0,"key":"REST"},{"floor":18.0,"key":"RECALL"},{"floor":23.0,"key":"REST"},{"floor":28.0,"key":"REST"},{"floor":35.0,"key":"REST"},{"floor":43.0,"key":"REST"}],"circlet_count":0,"master_deck":["AscendersBane","bronze:Defend","bronze:Defend","bronze:Defend","bronze:Replicate+1","bronze:Goto","bronze:MaxOutput","bronze:ChildClass","bronze:Branch","bronze:ChildClass","bronze:GetLatest","bronze:InfiniteLoop","bronze:Repair","bronze:Frontload","bronze:Format","bronze:Boost","bronze:InfiniteBeams","bronze:ItsAFeature","bronze:Mutator","bronze:DigitalCarnage","bronze:ChildClass+1","bronze:GetLatest+1","downfall:Aged","downfall:Malfunctioning","Injury","Parasite"],"relics":["bronze:BronzeCore","Pear","Blood Vial","hexamod:BolsterEngine","Fusion Hammer","Lantern","Toxic Egg 2","Art of War","Bag of Preparation","Busted Crown","downfall:HeartBlessingRed","Juzu Bracelet","Gambling Chip","bronze:BottledCode","Happy Flower","Blue Candle","White Beast Statue","downfall:TeleportStone","Cursed Key"],"acts_visited":["Exordium","TheCity","TheBeyond"],"potions_floor_usage":[47,47],"damage_taken":[{"damage":8.0,"enemies":"Small Slimes","floor":2.0,"turns":5.0},{"damage":1.0,"enemies":"2 Louse","floor":3.0,"turns":2.0},{"damage":0.0,"enemies":"Cultist","floor":6.0,"turns":3.0},{"damage":0.0,"enemies":"Blue Slaver","floor":8.0,"turns":4.0},{"damage":21.0,"enemies":"Gremlin Nob","floor":10.0,"turns":5.0},{"damage":7.0,"enemies":"Exordium Wildlife","floor":11.0,"turns":5.0},{"damage":2.0,"enemies":"Lagavulin","floor":12.0,"turns":5.0},{"damage":0.0,"enemies":"3 Louse","floor":14.0,"turns":3.0},{"damage":0.0,"enemies":"Blue Slaver","floor":15.0,"turns":2.0},{"damage":49.0,"enemies":"downfall:Watcher","floor":16.0,"turns":11.0},{"damage":2.0,"enemies":"Shell Parasite","floor":19.0,"turns":5.0},{"damage":0.0,"enemies":"downfall:FleeingMerchant","floor":20.0,"turns":4.0},{"damage":0.0,"enemies":"downfall:FleeingMerchant","floor":26.0,"turns":4.0},{"damage":16.0,"enemies":"Slavers","floor":27.0,"turns":6.0},{"damage":20.0,"enemies":"Snake Plant","floor":31.0,"turns":5.0},{"damage":0.0,"enemies":"Cultist and Chosen","floor":32.0,"turns":4.0},{"damage":52.0,"enemies":"downfall:Ironclad","floor":33.0,"turns":8.0},{"damage":1.0,"enemies":"3 Shapes","floor":37.0,"turns":3.0},{"damage":0.0,"enemies":"2 Orb Walkers","floor":38.0,"turns":3.0},{"damage":15.0,"enemies":"Reptomancer","floor":40.0,"turns":5.0},{"damage":0.0,"enemies":"downfall:LadyInBlue","floor":42.0,"turns":5.0},{"damage":1.0,"enemies":"3 Darklings","floor":46.0,"turns":4.0},{"damage":68,"enemies":"downfall:Defect","floor":47,"turns":6}],"seed_played":"6028897207508610768","potions_obtained":[{"floor":6.0,"key":"bronze:BuildAFunctionPotion"},{"floor":8.0,"key":"sneckomod:MuddlingPotion"},{"floor":14.0,"key":"CultistPotion"},{"floor":15.0,"key":"hexamod:SoulburnPotion"},{"floor":16.0,"key":"AttackPotion"},{"floor":22.0,"key":"CultistPotion"}],"is_trial":false,"path_per_floor":["R","M","M","?","?","M","T","M","R","E","M","E","R","M","M","B",null,"R","M","$","?","?","R","T","?","$","E","R","?","T","M","M","B",null,"R","T","M","?","?","E","T","?","R","?","?","M","B",null],"character_chosen":"THE_AUTOMATON","items_purchased":["bronze:Boost","bronze:InfiniteBeams","Lantern"],"campfire_rested":6,"item_purchase_floors":[20,20,20],"current_hp_per_floor":[42,34,33,33,33,33,43,43,64,43,38,38,59,61,70,29,62,62,69,73,52,52,75,75,75,77,62,78,78,78,58,67,24,65,78,78,77,78,68,58,58,67,68,68,68,67,7],"gold":379,"neow_bonus":"REMOVE_TWO","is_daily":false,"chose_seed":false,"campfire_upgraded":1,"win_rate":0.0,"timestamp":1610022806,"path_taken":["R","M","M","?","?","M","T","M","R","E","M","E","R","?","M","BOSS","R","M","$","?","?","R","T","?","?","E","R","?","?","?","M","BOSS","R","?","M","?","?","E","T","?","R","?","?","M","BOSS"],"items_purchased_type":["Card","Card","Relic"],"build_version":"2020-12-22","purchased_purges":1,"victory":true,"max_hp_per_floor":[63,63,63,63,63,63,73,73,73,73,73,73,73,73,73,73,73,73,73,73,78,78,78,78,78,78,78,78,78,78,78,78,78,78,78,78,78,78,68,68,68,68,68,68,68,68,68],"card_choices":[{"not_picked":["bronze:Invalidate","bronze:WildBeam"],"picked":"bronze:MaxOutput","floor":2.0},{"not_picked":["bronze:OilSpill","bronze:Allocate"],"picked":"bronze:ChildClass","floor":3.0},{"not_picked":["bronze:GetLatest","bronze:WildBeam"],"picked":"bronze:Branch","floor":6.0},{"not_picked":["bronze:Shell","bronze:WildBeam"],"picked":"bronze:ChildClass","floor":8.0},{"not_picked":["bronze:Break","bronze:OilSpill","bronze:CutThrough"],"picked":"SKIP","floor":10.0},{"not_picked":["bronze:BitShift","bronze:Refactor"],"picked":"bronze:GetLatest","floor":11.0},{"not_picked":["bronze:BugBarrage","bronze:Assembly"],"picked":"bronze:InfiniteLoop","floor":12.0},{"not_picked":["bronze:BitShift","bronze:Overheat"],"picked":"bronze:Repair","floor":14.0},{"not_picked":["bronze:Philosophize","bronze:RecursiveStrike"],"picked":"bronze:Frontload","floor":15.0},{"not_picked":["bronze:Assembly","bronze:HyperBeam"],"picked":"bronze:Format","floor":16.0},{"not_picked":["bronze:ForLoop","bronze:Overheat+1","bronze:BugBarrage"],"picked":"SKIP","floor":19.0},{"not_picked":["bronze:DarkDash","bronze:WhirlingStrike","bronze:Invalidate"],"picked":"SKIP","floor":20.0},{"not_picked":["bronze:WildBeam","bronze:WhirlingStrike+1"],"picked":"bronze:ItsAFeature","floor":26.0},{"not_picked":["bronze:Deprecate+1","bronze:MaxOutput"],"picked":"bronze:Mutator","floor":27.0},{"not_picked":["bronze:NullPointer","bronze:Deprecate+1"],"picked":"bronze:DigitalCarnage","floor":31.0},{"not_picked":["bronze:CutThrough","bronze:ItsAFeature"],"picked":"bronze:ChildClass+1","floor":32.0},{"not_picked":["bronze:DelayedGuard+1"],"picked":"SKIP","floor":37.0},{"not_picked":["bronze:DelayedGuard+1"],"picked":"SKIP","floor":37.0},{"not_picked":[],"picked":"bronze:GetLatest+1","floor":40.0},{"not_picked":["bronze:Iterate"],"picked":"SKIP","floor":46.0}],"player_experience":1138394,"relics_obtained":[{"floor":7.0,"key":"Pear"},{"floor":10.0,"key":"Blood Vial"},{"floor":12.0,"key":"hexamod:BolsterEngine"},{"floor":24.0,"key":"Toxic Egg 2"},{"floor":27.0,"key":"Art of War"},{"floor":30.0,"key":"Bag of Preparation"},{"floor":36.0,"key":"Juzu Bracelet"},{"floor":38.0,"key":"Gambling Chip"},{"floor":40.0,"key":"Happy Flower"},{"floor":41.0,"key":"Blue Candle"},{"floor":42.0,"key":"White Beast Statue"}],"event_choices":[{"damage_healed":0.0,"max_hp_gain":0.0,"max_hp_loss":0.0,"gold_gain":0.0,"event_name":"Mysterious Sphere","player_choice":"Fight","floor":38.0,"gold_loss":0.0,"damage_taken":0.0}],"is_beta":false,"boss_relics":[{"not_picked":["sneckomod:SneckoTalon","Snecko Eye"],"picked":"Fusion Hammer"},{"not_picked":["Runic Pyramid","Empty Cage"],"picked":"Busted Crown"}],"items_purged_floors":[20],"is_endless":false,"potions_floor_spawned":[6,8,14,15,16,27,31,32,33,38,42,46],"ascension_level":16}}