{"host":"jksa5rawk3m4gilz","time":1610040905,"event":{"mods":["BaseMod","Colored Map","Highlight Path","Minty Spire (QoL Compilation)","Quick Restart"],"gold_per_floor":[119,119,129,57,57,69,115,127,139,177,200,225,237,249,249],"floor_reached":14,"playtime":328,"items_purged":[],"score":203,"play_id":"0031d0ec-0e02-4ca8-b443-4814403bc32c","local_time":"20210107183505","is_ascension_mode":true,"campfire_choices":[{"data":"TalkToTheHand","floor":6,"key":"SMITH"},{"data":"Eruption","floor":8,"key":"SMITH"},{"floor":13,"key":"REST"}],"circlet_count":0,"master_deck":["AscendersBane","Strike_P","Strike_P","Strike_P","Defend_P","Defend_P","Defend_P","Defend_P","Eruption+1","Vigilance+1","Consecrate","TalkToTheHand+1","Fasting2","Brilliance","LessonLearned+1","Prostrate"],"relics":["PureWater","NeowsBlessing","MawBank","Strawberry","Ornamental Fan","Shovel"],"acts_visited":["Exordium"],"potions_floor_usage":[14],"damage_taken":[{"damage":0,"enemies":"Cultist","floor":1,"turns":1},{"damage":0,"enemies":"2 Louse","floor":3,"turns":1},{"damage":0,"enemies":"3 Sentries","floor":7,"turns":1},{"damage":53,"enemies":"Lagavulin","floor":10,"turns":6},{"damage":1,"enemies":"Small Slimes","floor":11,"turns":3},{"damage":5,"enemies":"Exordium Wildlife","floor":12,"turns":5},{"damage":33,"enemies":"3 Sentries","floor":14,"turns":4}],"seed_played":"-7731036678916618542","potions_obtained":[{"floor":7,"key":"Ancient Potion"},{"floor":10,"key":"Energy Potion"}],"is_trial":false,"path_per_floor":["M","?","M","$","?","R","E","R","T","E","M","M","R","E"],"character_chosen":"WATCHER","items_purchased":["Fasting2"],"campfire_rested":1,"item_purchase_floors":[4],"current_hp_per_floor":[65,65,65,65,53,53,60,60,60,7,6,1,24,0,0],"gold":249,"neow_bonus":"THREE_ENEMY_KILL","is_daily":false,"chose_seed":false,"campfire_upgraded":2,"win_rate":0.0,"timestamp":1610040905,"path_taken":["M","?","?","$","?","R","E","R","T","E","M","M","R","E"],"items_purchased_type":["Card"],"build_version":"2020-12-22","purchased_purges":0,"victory":false,"max_hp_per_floor":[72,72,72,72,72,72,79,79,79,79,79,79,79,79,79],"card_choices":[{"not_picked":["FlyingSleeves","Crescendo"],"picked":"Consecrate","floor":1},{"not_picked":["PathToVictory","FlurryOfBlows"],"picked":"TalkToTheHand","floor":3},{"not_picked":["BowlingBash","Meditate"],"picked":"Brilliance","floor":7},{"not_picked":["LikeWater","Crescendo"],"picked":"LessonLearned","floor":10},{"not_picked":["EmptyBody","Evaluate","BowlingBash"],"picked":"SKIP","floor":11},{"not_picked":["Crescendo","PathToVictory"],"picked":"Prostrate","floor":12}],"player_experience":2114501,"relics_obtained":[{"floor":7,"key":"Strawberry"},{"floor":9,"key":"Ornamental Fan"},{"floor":10,"key":"Shovel"}],"event_choices":[{"cards_removed":["Strike_P"],"damage_healed":0,"gold_gain":0,"player_choice":"Purged","damage_taken":0,"max_hp_gain":0,"max_hp_loss":0,"event_name":"Purifier","floor":2,"gold_loss":0},{"damage_healed":0,"gold_gain":0,"player_choice":"Success","damage_taken":12,"relics_obtained":["MawBank"],"max_hp_gain":0,"max_hp_loss":0,"event_name":"Scrap Ooze","floor":5,"gold_loss":0}],"is_beta":false,"boss_relics":[],"items_purged_floors":[],"is_endless":false,"potions_floor_spawned":[7,10,11,12],"killed_by":"3 Sentries","ascension_level":13}}