{"host":"1a3cjta80tad0aqj","time":1610055634,"event":{"mods":["2.2 Compatiblity","AchievementEnabler","BaseMod","Colored Map","DeckTracker","KOR Keyword Fix","Keyboard Shortcuts","Minty Spire (QoL Compilation)","Permanent Neow","Quick Restart","Random Character Button","StSLib","SuperFastMode","everything is the same but u backflip on backflip"],"gold_per_floor":[115,290,215,235,87,87,87,87,87,117,136,147,147,162,162,262,262,276,276,289,302,177,177,190,190,190,190,40,40,56,70,70,171,171,186,186,206,79,94,94,94,94,94,94,112,124,144,144,144,144,144],"floor_reached":50,"playtime":2554,"items_purged":["Doubt","Defend_P","Defend_P","Strike_P"],"score":469,"play_id":"0a912114-7599-4687-a0ce-5ffad105928e","local_time":"20210108064034","is_ascension_mode":false,"campfire_choices":[{"data":"Eruption","floor":6.0,"key":"SMITH"},{"data":"FollowUp","floor":8.0,"key":"SMITH"},{"data":"EmptyFist","floor":13.0,"key":"SMITH"},{"data":"Vigilance","floor":15.0,"key":"SMITH"},{"floor":23.0,"key":"REST"},{"data":"Ragnarok","floor":25.0,"key":"SMITH"},{"floor":32.0,"key":"REST"},{"data":"WreathOfFlame","floor":40.0,"key":"SMITH"},{"data":"Tantrum","floor":42.0,"key":"SMITH"},{"data":"Vault","floor":44.0,"key":"SMITH"},{"floor":49.0,"key":"REST"}],"circlet_count":0,"master_deck":["Strike_P","Strike_P","Defend_P","Defend_P","Eruption+1","Vigilance+1","FollowUp+1","Consecrate","Vengeance","EmptyFist+1","Ragnarok+1","Halt","Crescendo+1","Tantrum+1","WreathOfFlame+1","Vault+1","Tantrum+1","CarveReality+1","InnerPeace","ClearTheMind+1","Consecrate+1","Master of Strategy"],"relics":["Cursed Key"],"acts_visited":["Exordium","TheCity","TheBeyond"],"potions_floor_usage":[50,50],"damage_taken":[{"damage":0.0,"enemies":"Jaw Worm","floor":1.0,"turns":4.0},{"damage":7.0,"enemies":"Small Slimes","floor":4.0,"turns":2.0},{"damage":0.0,"enemies":"3 Sentries","floor":10.0,"turns":4.0},{"damage":0.0,"enemies":"Cultist","floor":11.0,"turns":3.0},{"damage":2.0,"enemies":"3 Louse","floor":12.0,"turns":2.0},{"damage":1.0,"enemies":"2 Fungi Beasts","floor":14.0,"turns":2.0},{"damage":27.0,"enemies":"Slime Boss","floor":16.0,"turns":5.0},{"damage":5.0,"enemies":"Shell Parasite","floor":18.0,"turns":2.0},{"damage":16.0,"enemies":"2 Thieves","floor":20.0,"turns":4.0},{"damage":28.0,"enemies":"Centurion and Healer","floor":21.0,"turns":5.0},{"damage":2.0,"enemies":"Cultist and Chosen","floor":24.0,"turns":4.0},{"damage":0.0,"enemies":"Snake Plant","floor":30.0,"turns":2.0},{"damage":0.0,"enemies":"3 Cultists","floor":31.0,"turns":3.0},{"damage":46.0,"enemies":"Collector","floor":33.0,"turns":5.0},{"damage":4.0,"enemies":"3 Darklings","floor":35.0,"turns":4.0},{"damage":7.0,"enemies":"Orb Walker","floor":37.0,"turns":2.0},{"damage":9.0,"enemies":"Jaw Worm Horde","floor":39.0,"turns":4.0},{"damage":0.0,"enemies":"Maw","floor":45.0,"turns":4.0},{"damage":6.0,"enemies":"4 Shapes","floor":46.0,"turns":2.0},{"damage":9.0,"enemies":"Jaw Worm Horde","floor":47.0,"turns":3.0},{"damage":66,"enemies":"Awakened One","floor":50,"turns":6}],"seed_played":"5307346780381883643","potions_obtained":[{"floor":4.0,"key":"Dexterity Potion"},{"floor":12.0,"key":"Energy Potion"},{"floor":14.0,"key":"BlessingOfTheForge"},{"floor":18.0,"key":"Ambrosia"},{"floor":24.0,"key":"DistilledChaos"},{"floor":30.0,"key":"StancePotion"},{"floor":31.0,"key":"SpeedPotion"},{"floor":33.0,"key":"Ancient Potion"},{"floor":39.0,"key":"Block Potion"},{"floor":45.0,"key":"Energy Potion"},{"floor":46.0,"key":"FearPotion"},{"floor":47.0,"key":"Fruit Juice"}],"is_trial":false,"path_per_floor":["M","?","$","M","$","R","?","R","T","E","M","M","R","M","R","B",null,"M","?","M","M","$","R","M","R","T","?","$","T","M","M","R","B",null,"M","?","M","$","M","R","?","R","T","R","M","M","M","?","R","B"],"character_chosen":"WATCHER","items_purchased":["SteroidPotion","DistilledChaos","SkillPotion"],"campfire_rested":3,"item_purchase_floors":[5,38,38],"current_hp_per_floor":[72,72,72,65,65,65,65,65,65,65,65,63,63,62,62,35,72,67,67,51,23,23,44,42,42,42,42,42,42,42,42,63,17,72,68,68,61,61,52,52,52,52,52,52,52,46,42,42,65,0,0],"gold":144,"neow_bonus":"BOSS_RELIC","is_daily":false,"chose_seed":true,"campfire_upgraded":8,"win_rate":0.0,"timestamp":1610055634,"path_taken":["M","?","$","M","$","R","?","R","T","E","?","M","R","M","R","BOSS","M","?","M","M","$","R","M","R","T","?","$","?","?","M","R","BOSS","M","?","M","$","M","R","?","R","T","R","?","M","M","?","R","BOSS"],"items_purchased_type":["Potion","Potion","Potion"],"build_version":"2020-12-22","purchased_purges":4,"victory":false,"max_hp_per_floor":[72,72,72,72,72,72,72,72,72,72,72,72,72,72,72,72,72,72,72,72,72,72,72,72,72,72,72,72,72,72,72,72,72,72,72,72,72,72,72,72,72,72,72,72,72,72,77,77,77,77,77],"card_choices":[{"not_picked":["ForeignInfluence","FlurryOfBlows"],"picked":"FollowUp","floor":1.0},{"not_picked":["SashWhip","Prostrate","FlyingSleeves"],"picked":"SKIP","floor":4.0},{"not_picked":["Swivel","Indignation"],"picked":"Vengeance","floor":10.0},{"not_picked":["Halt","CrushJoints"],"picked":"FearNoEvil","floor":11.0},{"not_picked":["Perseverance","WheelKick"],"picked":"EmptyFist","floor":12.0},{"not_picked":["Fasting2","Sanctity","FlurryOfBlows"],"picked":"SKIP","floor":14.0},{"not_picked":["SpiritShield","Wish"],"picked":"Ragnarok","floor":16.0},{"not_picked":["FlyingSleeves","ForeignInfluence+1"],"picked":"Halt","floor":18.0},{"not_picked":["CrushJoints","Collect"],"picked":"Crescendo+1","floor":20.0},{"not_picked":["Halt","SandsOfTime+1","Evaluate"],"picked":"SKIP","floor":21.0},{"not_picked":["FlurryOfBlows","JustLucky","Halt"],"picked":"SKIP","floor":24.0},{"not_picked":["FlurryOfBlows","JustLucky","Halt"],"picked":"SKIP","floor":24.0},{"not_picked":["FollowUp","Consecrate","CrushJoints"],"picked":"SKIP","floor":30.0},{"not_picked":["ForeignInfluence+1","Conclude+1"],"picked":"WreathOfFlame","floor":31.0},{"not_picked":["MasterReality","SpiritShield"],"picked":"Vault","floor":33.0},{"not_picked":["Pray+1","MentalFortress+1","DeceiveReality+1"],"picked":"SKIP","floor":35.0},{"not_picked":["Evaluate+1","Consecrate"],"picked":"Tantrum+1","floor":37.0},{"not_picked":["Weave","Tantrum"],"picked":"CarveReality+1","floor":39.0},{"not_picked":["CrushJoints","Wireheading+1","FlyingSleeves"],"picked":"SKIP","floor":45.0},{"not_picked":["DevaForm","Worship"],"picked":"ClearTheMind+1","floor":46.0},{"not_picked":["Nirvana+1","JustLucky+1"],"picked":"Consecrate+1","floor":47.0},{"not_picked":["Purity","Forethought"],"picked":"Master of Strategy","floor":48.0}],"player_experience":182937,"relics_obtained":[],"event_choices":[{"damage_healed":0.0,"max_hp_gain":0.0,"max_hp_loss":0.0,"gold_gain":175.0,"event_name":"Liars Game","player_choice":"AGREE","floor":2.0,"gold_loss":0.0,"damage_taken":0.0,"cards_obtained":["Doubt"]},{"damage_healed":0.0,"max_hp_gain":0.0,"max_hp_loss":0.0,"gold_gain":0.0,"event_name":"Match and Keep!","player_choice":"1 cards matched","floor":7.0,"gold_loss":0.0,"damage_taken":0.0,"cards_obtained":["Consecrate"]},{"damage_healed":0.0,"max_hp_gain":0.0,"max_hp_loss":0.0,"gold_gain":0.0,"event_name":"Ghosts","player_choice":"Ignored","floor":19.0,"gold_loss":0.0,"damage_taken":0.0},{"damage_healed":0.0,"max_hp_gain":0.0,"max_hp_loss":0.0,"gold_gain":0.0,"event_name":"The Library","player_choice":"Read","floor":27.0,"gold_loss":0.0,"damage_taken":0.0,"cards_obtained":["Tantrum"]},{"cards_removed":["FearNoEvil"],"damage_healed":0.0,"max_hp_gain":0.0,"max_hp_loss":0.0,"gold_gain":0.0,"event_name":"Falling","player_choice":"Removed Attack","floor":36.0,"gold_loss":0.0,"damage_taken":0.0},{"damage_healed":0.0,"max_hp_gain":0.0,"max_hp_loss":0.0,"gold_gain":0.0,"cards_transformed":["Strike_P"],"event_name":"Transmorgrifier","player_choice":"Transformed","floor":41.0,"gold_loss":0.0,"damage_taken":0.0,"cards_obtained":["InnerPeace"]},{"damage_healed":0.0,"max_hp_gain":0.0,"max_hp_loss":0.0,"gold_gain":0.0,"event_name":"SensoryStone","player_choice":"Memory 1","floor":48.0,"gold_loss":0.0,"damage_taken":0.0}],"is_beta":false,"boss_relics":[{"not_picked":[]},{"not_picked":[]}],"items_purged_floors":[3,5,22,28],"is_endless":false,"potions_floor_spawned":[4,12,14,18,24,30,31,33,39,45,46,47],"killed_by":"Awakened One","ascension_level":0}}