{"host":"da4a6z8aof69aasy","time":1610033151,"event":{"mods":["AchievementEnabler","BaseMod","Block Reminder","Colored Powertips","DeckTracker","Highlight Path","Minty Spire (QoL Compilation)","Permanent Neow","Relic Stats","StSLib"],"gold_per_floor":[112,128,138,138,154,154,229,264,311,325,325,337,337],"floor_reached":12,"playtime":1176,"items_purged":[],"score":140,"play_id":"85131c79-49f8-4f7a-99e2-d3baf1fe894e","local_time":"20210107172551","is_ascension_mode":true,"campfire_choices":[{"data":"Defragment","floor":6,"key":"SMITH"}],"circlet_count":0,"master_deck":["AscendersBane","Strike_B","Strike_B","Strike_B","Strike_B","Defend_B","Defend_B","Defend_B","Defend_B","Zap","Dualcast","Defragment+1","Ball Lightning","Sweeping Beam","Core Surge","Ball Lightning"],"relics":["Cracked Core","Tiny Chest","White Beast Statue","Art of War","MawBank"],"acts_visited":["Exordium"],"potions_floor_usage":[8],"damage_taken":[{"damage":4,"enemies":"Jaw Worm","floor":1,"turns":3},{"damage":3,"enemies":"2 Louse","floor":2,"turns":3},{"damage":2,"enemies":"Small Slimes","floor":3,"turns":3},{"damage":9,"enemies":"Exordium Thugs","floor":5,"turns":4},{"damage":25,"enemies":"3 Sentries","floor":8,"turns":5},{"damage":7,"enemies":"Gremlin Gang","floor":10,"turns":4},{"damage":30,"enemies":"Lagavulin","floor":12,"turns":5}],"seed_played":"4691991277487798511","potions_obtained":[{"floor":2,"key":"Regen Potion"},{"floor":10,"key":"PotionOfCapacity"}],"is_trial":false,"path_per_floor":["M","M","M","?","M","R","?","E","T","M","?","E"],"character_chosen":"DEFECT","items_purchased":[],"campfire_rested":0,"item_purchase_floors":[],"current_hp_per_floor":[60,57,55,60,51,51,40,29,29,22,22,0,0],"gold":337,"neow_bonus":"RANDOM_COMMON_RELIC","is_daily":false,"chose_seed":false,"campfire_upgraded":1,"win_rate":0.0,"timestamp":1610033151,"path_taken":["M","M","M","?","M","R","?","E","T","M","?","E"],"items_purchased_type":[],"build_version":"2020-12-22","purchased_purges":0,"victory":false,"max_hp_per_floor":[71,71,71,76,76,76,76,76,76,76,76,76,76],"relic_stats":{"counters":[7,27],"Tiny Chest":0,"Art of War":[3],"MawBank":12,"obtain_stats":[{"Tiny Chest":0,"Art of War":9,"Cracked Core":0,"MawBank":11,"White Beast Statue":8},{"Tiny Chest":0,"Art of War":5,"Cracked Core":0,"MawBank":6,"White Beast Statue":5},{"Tiny Chest":0,"Art of War":18,"Cracked Core":0,"MawBank":22,"White Beast Statue":18}]},"card_choices":[{"not_picked":["Beam Cell","Streamline"],"picked":"Defragment","floor":1},{"not_picked":["Redo","Rebound"],"picked":"Ball Lightning","floor":2},{"not_picked":["Compile Driver","Rebound"],"picked":"Sweeping Beam","floor":3},{"not_picked":["Go for the Eyes","Rebound"],"picked":"Core Surge","floor":5},{"not_picked":["Force Field","Streamline","Beam Cell"],"picked":"SKIP","floor":8},{"not_picked":["Stack","Sweeping Beam"],"picked":"Ball Lightning","floor":10}],"player_experience":2022574,"relics_obtained":[{"floor":8,"key":"White Beast Statue"},{"floor":9,"key":"Art of War"}],"event_choices":[{"damage_healed":0,"gold_gain":0,"player_choice":"Donut","damage_taken":0,"max_hp_gain":5,"max_hp_loss":0,"event_name":"Big Fish","floor":4,"gold_loss":0},{"damage_healed":0,"gold_gain":75,"player_choice":"Gather Gold","damage_taken":11,"max_hp_gain":0,"max_hp_loss":0,"event_name":"World of Goop","floor":7,"gold_loss":0},{"damage_healed":0,"gold_gain":0,"player_choice":"Gave Potion","damage_taken":0,"relics_obtained":["MawBank"],"max_hp_gain":0,"max_hp_loss":0,"event_name":"WeMeetAgain","floor":11,"gold_loss":0}],"is_beta":false,"boss_relics":[],"items_purged_floors":[],"is_endless":false,"potions_floor_spawned":[2,10],"killed_by":"Lagavulin","ascension_level":15}}