{"host":"qheym18ww6mhskxf","time":1610056015,"event":{"mods":["BaseMod","CapriCore","Friendly Minions","KOR Keyword Fix","Minty Spire (QoL Compilation)","Quick Restart","RRrroohrrRGHHhhh!!","Rare Cards Sparkle","Remove Card Discount Mod","Shop Mod","Spicy Shops","StSLib","Username Fix"],"gold_per_floor":[113,133,133,133,144,144,176,176,176,176,24,56,83,2,2,101,101,115,214,73,73,205,321,321,457,481,609,621,757,781,68,68,172,172,185,185,1,1,0,0,128,128,128,152,1,133,153,281,281,376,376,396,461,472,389,409,465,253,307,307,357,357,357,427,445,445,546,546,563,563,574,154,154,317,464,464,464],"floor_reached":76,"playtime":2504,"items_purged":["Strike_B","Defend_B","Defend_B","Strike_B","Strike_B","Strike_B","Defend_B","Defend_B+1"],"score":2950,"play_id":"ad2f9f42-e95f-4423-ac0b-6564e3df1e95","local_time":"20210108064655","daily_mods":["Heirloom","Time Dilation","DeadlyEvents","Elite Swarm"],"is_ascension_mode":true,"campfire_choices":[{"data":"Zap","floor":6.0,"key":"SMITH"},{"data":"Dualcast","floor":8.0,"key":"SMITH"},{"data":"Defend_B","floor":10.0,"key":"SMITH"},{"floor":15.0,"key":"REST"},{"data":"Sweeping Beam","floor":24.0,"key":"SMITH"},{"data":"Buffer","floor":28.0,"key":"SMITH"},{"floor":32.0,"key":"REST"},{"data":"Sweeping Beam","floor":40.0,"key":"SMITH"},{"data":"Core Surge","floor":42.0,"key":"SMITH"},{"floor":49.0,"key":"DIG"},{"floor":62.0,"key":"DIG"},{"floor":66.0,"key":"DIG"}],"circlet_count":0,"master_deck":["Zap+1","Dualcast+1","rorgmod:Steady Aim+1","Sweeping Beam+1","Core Surge+1","Sweeping Beam+1","Core Surge+1","Buffer+1","Trip+1","rorgmod:Steady Aim+1","Seek+1","Swift Strike+1","rorgmod:Leap+1","Conserve Battery+1","Finesse+1","Electrodynamics+1"],"relics":["Cracked Core","Unceasing Top","Happy Flower","HornCleat","MerchantsRug","Pen Nib","Gremlin Horn","rorgmod:Black Star","Bag of Preparation","Bronze Scales","rorgmod:Coolant Medium","Mercury Hourglass","InkBottle","Eternal Feather","Ancient Tea Set","Orichalcum","DataDisk","Shovel","Blue Candle","Toxic Egg 2","Question Card","Regal Pillow","Vajra","Akabeko","Bag of Marbles","rorgmod:The Boot","Omamori","Centennial Puzzle","Medical Kit","Blood Vial","TheAbacus","Frozen Egg 2","Red Mask","rorgmod:Glossy Coat","Molten Egg 2","White Beast Statue","Lantern","Anchor","PreservedInsect","rorgmod:Data Disk","Meat on the Bone","Bottled Lightning","Potion Belt","Nuclear Battery","Runic Capacitor","Letter Opener","HandDrill","Pantograph","Girya","Sundial","Inserter","rorgmod:Ceramic Fish","Cables","Oddly Smooth Stone"],"acts_visited":["Exordium","TheCity","TheBeyond","Exordium","TheCity"],"potions_floor_usage":[],"damage_taken":[{"damage":2.0,"enemies":"Jaw Worm","floor":1.0,"turns":3.0},{"damage":0.0,"enemies":"Small Slimes","floor":2.0,"turns":4.0},{"damage":0.0,"enemies":"2 Louse","floor":5.0,"turns":2.0},{"damage":19.0,"enemies":"Gremlin Nob","floor":7.0,"turns":4.0},{"damage":12.0,"enemies":"Lagavulin","floor":12.0,"turns":5.0},{"damage":12.0,"enemies":"3 Sentries","floor":13.0,"turns":6.0},{"damage":7.0,"enemies":"The Guardian","floor":16.0,"turns":7.0},{"damage":2.0,"enemies":"Chosen","floor":18.0,"turns":3.0},{"damage":7.0,"enemies":"Book of Stabbing","floor":22.0,"turns":4.0},{"damage":0.0,"enemies":"Gremlin Leader","floor":23.0,"turns":3.0},{"damage":6.0,"enemies":"Book of Stabbing","floor":25.0,"turns":3.0},{"damage":24.0,"enemies":"Slavers","floor":27.0,"turns":2.0},{"damage":0.0,"enemies":"Gremlin Leader","floor":29.0,"turns":1.0},{"damage":0.0,"enemies":"2 Thieves","floor":30.0,"turns":1.0},{"damage":0.0,"enemies":"Collector","floor":33.0,"turns":5.0},{"damage":0.0,"enemies":"3 Shapes","floor":35.0,"turns":1.0},{"damage":0.0,"enemies":"Giant Head","floor":41.0,"turns":6.0},{"damage":0.0,"enemies":"Nemesis","floor":46.0,"turns":1.0},{"damage":0.0,"enemies":"3 Darklings","floor":47.0,"turns":1.0},{"damage":0.0,"enemies":"Giant Head","floor":48.0,"turns":4.0},{"damage":0.0,"enemies":"Donu and Deca","floor":50.0,"turns":5.0},{"damage":0.0,"enemies":"Jaw Worm","floor":52.0,"turns":1.0},{"damage":0.0,"enemies":"Small Slimes","floor":54.0,"turns":1.0},{"damage":0.0,"enemies":"Cultist","floor":56.0,"turns":1.0},{"damage":0.0,"enemies":"Gremlin Nob","floor":57.0,"turns":2.0},{"damage":0.0,"enemies":"3 Sentries","floor":59.0,"turns":1.0},{"damage":0.0,"enemies":"Lagavulin","floor":61.0,"turns":2.0},{"damage":0.0,"enemies":"Gremlin Nob","floor":64.0,"turns":1.0},{"damage":0.0,"enemies":"2 Fungi Beasts","floor":65.0,"turns":1.0},{"damage":0.0,"enemies":"Slime Boss","floor":67.0,"turns":1.0},{"damage":0.0,"enemies":"3 Byrds","floor":69.0,"turns":1.0},{"damage":0.0,"enemies":"Shell Parasite","floor":71.0,"turns":1.0},{"damage":0.0,"enemies":"Book of Stabbing","floor":74.0,"turns":2.0},{"damage":0.0,"enemies":"Slavers","floor":75.0,"turns":1.0}],"seed_played":"-4468787102533167778","potions_obtained":[{"floor":2.0,"key":"DuplicationPotion"},{"floor":7.0,"key":"Ancient Potion"},{"floor":13.0,"key":"PowerPotion"},{"floor":18.0,"key":"PowerPotion"},{"floor":30.0,"key":"Fire Potion"},{"floor":47.0,"key":"Energy Potion"},{"floor":50.0,"key":"Strength Potion"},{"floor":52.0,"key":"PowerPotion"},{"floor":54.0,"key":"SteroidPotion"},{"floor":56.0,"key":"LiquidBronze"},{"floor":65.0,"key":"SkillPotion"},{"floor":67.0,"key":"PowerPotion"},{"floor":69.0,"key":"FocusPotion"},{"floor":71.0,"key":"Dexterity Potion"}],"is_trial":true,"path_per_floor":["M","M","?","?","M","R","E","R","T","R","$","E","E","$","R","B",null,"M","?","$","T","E","E","R","E","T","E","R","E","M","$","R","B",null,"M","?","$","?","?","R","E","R","T","T","$","E","M","E","R","B",null,"M","?","M","$","M","E","$","E","T","E","R","?","E","M","R","B",null,"M","?","M","$","?","E","E","R"],"character_chosen":"DEFECT","items_purchased":["MerchantsRug","Sweeping Beam","Sweeping Beam","Gremlin Horn","Bag of Preparation","Medical Kit","Blood Vial","Trip+1","Pantograph","DollysMirror","TheAbacus","Frozen Egg 2","PreservedInsect","rorgmod:Leap+1","Runic Capacitor","Letter Opener","HandDrill","Finesse+1","rorgmod:Ceramic Fish","Cables","Oddly Smooth Stone"],"campfire_rested":2,"item_purchase_floors":[11,11,14,14,20,31,31,31,31,31,37,37,45,45,55,55,58,58,72,72,72],"current_hp_per_floor":[66,66,66,66,66,66,47,47,47,47,47,35,23,23,45,38,66,64,64,64,64,57,57,60,54,54,30,33,33,33,33,75,75,75,75,75,75,75,75,75,75,75,75,75,75,75,75,75,82,82,82,82,82,82,82,82,82,82,82,82,82,82,82,82,82,82,82,82,82,82,82,82,82,82,82,82,82],"gold":464,"neow_bonus":"","is_daily":false,"chose_seed":false,"campfire_upgraded":7,"win_rate":0.0,"timestamp":1610056015,"path_taken":["M","M","?","?","M","R","E","R","T","R","$","E","?","$","R","BOSS","M","?","$","?","?","E","R","E","T","E","R","E","M","$","R","BOSS","M","?","$","?","?","R","E","R","T","?","$","E","?","E","R","BOSS","M","?","M","$","?","E","$","E","T","E","R","?","?","?","R","BOSS","M","?","M","$","?","E","?","R"],"items_purchased_type":["Relic","Card","Card","Relic","Relic","Relic","Relic","Card","Relic","Relic","Relic","Relic","Relic","Card","Relic","Relic","Relic","Card","Relic","Relic","Relic"],"build_version":"2020-12-22","purchased_purges":8,"victory":false,"max_hp_per_floor":[75,75,75,75,75,75,75,75,75,75,75,75,75,75,75,75,75,75,75,75,75,75,75,75,75,75,75,75,75,75,75,75,75,75,75,75,75,75,75,75,75,75,75,75,75,75,75,75,82,82,82,82,82,82,82,82,82,82,82,82,82,82,82,82,82,82,82,82,82,82,82,82,82,82,82,82,82],"card_choices":[{"not_picked":["Compile Driver","Cold Snap"],"picked":"rorgmod:Steady Aim","floor":1.0},{"not_picked":["Chill","Consume","rorgmod:SQL Injection"],"picked":"SKIP","floor":2.0},{"not_picked":["Barrage","Sunder","rorgmod:Antivirus"],"picked":"SKIP","floor":5.0},{"not_picked":["rorgmod:Loose Screws","All For One","rorgmod:Black Ice"],"picked":"SKIP","floor":7.0},{"not_picked":["Hyperbeam","Amplify","Meteor Strike"],"picked":"SKIP","floor":12.0},{"not_picked":["rorgmod:Black Ice","Rainbow"],"picked":"Core Surge","floor":13.0},{"not_picked":["rorgmod:LRU Cache","rorgmod:SQL Injection","Stack"],"picked":"SKIP","floor":18.0},{"not_picked":["rorgmod:Biased Cognition","rorgmod:Thunder Strike"],"picked":"Core Surge","floor":22.0},{"not_picked":["rorgmod:Biogeneration","rorgmod:Loose Screws","rorgmod:Black Ice"],"picked":"SKIP","floor":23.0},{"not_picked":["Echo Form","rorgmod:Biased Cognition"],"picked":"Buffer","floor":25.0},{"not_picked":["rorgmod:Loose Screws","Multi-Cast+1","Amplify+1","rorgmod:Volatility"],"picked":"SKIP","floor":27.0},{"not_picked":["Buffer","rorgmod:Volatility","Rainbow+1","Core Surge"],"picked":"SKIP","floor":29.0},{"not_picked":["Rebound","Reboot+1","Compile Driver","rorgmod:Overcurrent+1"],"picked":"SKIP","floor":30.0},{"not_picked":["Buffer","Meteor Strike","Core Surge"],"picked":"Seek+1","floor":33.0},{"not_picked":["rorgmod:Overcurrent+1","Coolheaded+1"],"picked":"SKIP","floor":35.0},{"not_picked":["Madness+1"],"picked":"Swift Strike","floor":36.0},{"not_picked":["Machine Learning+1","rorgmod:Biased Cognition+1","Amplify+1","Meteor Strike+1"],"picked":"SKIP","floor":41.0},{"not_picked":["rorgmod:Thunder Strike+1","Buffer+1","Meteor Strike+1","Echo Form+1"],"picked":"SKIP","floor":46.0},{"not_picked":["Cold Snap+1","rorgmod:Malware+1","Static Discharge+1","Redo+1"],"picked":"SKIP","floor":47.0},{"not_picked":["rorgmod:Volatility+1","Hyperbeam+1","rorgmod:Thunder Strike+1","Multi-Cast+1"],"picked":"SKIP","floor":48.0},{"not_picked":["rorgmod:SQL Injection+1","Hologram+1","Darkness+1"],"picked":"Conserve Battery+1","floor":52.0},{"not_picked":["rorgmod:Zing-Zap+1","Compile Driver+1","Stack+1","rorgmod:Biogeneration+1"],"picked":"SKIP","floor":54.0},{"not_picked":["Sweeping Beam+1","Streamline+1","Force Field+1","rorgmod:Fragmentation+1"],"picked":"SKIP","floor":56.0},{"not_picked":["Seek+1","Amplify+1","Echo Form+1","Fission+1"],"picked":"SKIP","floor":57.0},{"not_picked":["rorgmod:Thunder Strike+1","Core Surge+1","Buffer+1"],"picked":"Electrodynamics+1","floor":59.0},{"not_picked":["Machine Learning+1","All For One+1","rorgmod:Black Ice+1","rorgmod:Loose Screws+1"],"picked":"SKIP","floor":61.0},{"not_picked":["Core Surge+1","rorgmod:Biased Cognition+1","Hyperbeam+1","rorgmod:Thunder Strike+1"],"picked":"SKIP","floor":64.0},{"not_picked":["rorgmod:Overcurrent+1","rorgmod:Antivirus+1","rorgmod:SQL Injection+1","rorgmod:Ventilation Error+1"],"picked":"SKIP","floor":65.0},{"not_picked":["Turbo+1","Steam Power+1","Compile Driver+1","Hologram+1"],"picked":"SKIP","floor":69.0},{"not_picked":["Sweeping Beam+1","Barrage+1","Chill+1","rorgmod:Critical Section+1"],"picked":"SKIP","floor":71.0},{"not_picked":["All For One+1","Rainbow+1","Fission+1","Multi-Cast+1"],"picked":"SKIP","floor":74.0},{"not_picked":["rorgmod:Black Ice+1","Amplify+1","Rainbow+1","Seek+1"],"picked":"SKIP","floor":75.0}],"player_experience":379021,"relics_obtained":[{"floor":7.0,"key":"Happy Flower"},{"floor":9.0,"key":"HornCleat"},{"floor":12.0,"key":"Pen Nib"},{"floor":13.0,"key":"StrikeDummy"},{"floor":21.0,"key":"Bronze Scales"},{"floor":22.0,"key":"rorgmod:Coolant Medium"},{"floor":22.0,"key":"Mercury Hourglass"},{"floor":22.0,"key":"InkBottle"},{"floor":22.0,"key":"Eternal Feather"},{"floor":23.0,"key":"Ancient Tea Set"},{"floor":23.0,"key":"Orichalcum"},{"floor":23.0,"key":"War Paint"},{"floor":23.0,"key":"DataDisk"},{"floor":25.0,"key":"Shovel"},{"floor":25.0,"key":"Blue Candle"},{"floor":25.0,"key":"Toxic Egg 2"},{"floor":25.0,"key":"Question Card"},{"floor":26.0,"key":"MawBank"},{"floor":27.0,"key":"Regal Pillow"},{"floor":27.0,"key":"Vajra"},{"floor":27.0,"key":"Akabeko"},{"floor":27.0,"key":"Bag of Marbles"},{"floor":29.0,"key":"Smiling Mask"},{"floor":29.0,"key":"rorgmod:The Boot"},{"floor":29.0,"key":"Omamori"},{"floor":29.0,"key":"Centennial Puzzle"},{"floor":41.0,"key":"rorgmod:Glossy Coat"},{"floor":41.0,"key":"Molten Egg 2"},{"floor":41.0,"key":"White Beast Statue"},{"floor":41.0,"key":"Symbiotic Virus"},{"floor":43.0,"key":"Lantern"},{"floor":44.0,"key":"Anchor"},{"floor":46.0,"key":"rorgmod:Data Disk"},{"floor":46.0,"key":"Meat on the Bone"},{"floor":46.0,"key":"Bottled Lightning"},{"floor":46.0,"key":"Bottled Tornado"},{"floor":48.0,"key":"Dream Catcher"},{"floor":48.0,"key":"Toy Ornithopter"},{"floor":48.0,"key":"Potion Belt"},{"floor":48.0,"key":"Whetstone"},{"floor":49.0,"key":"Strawberry"},{"floor":60.0,"key":"Pantograph"},{"floor":62.0,"key":"StrikeDummy"},{"floor":66.0,"key":"Sundial"}],"event_choices":[{"damage_healed":0.0,"max_hp_gain":0.0,"max_hp_loss":0.0,"gold_gain":0.0,"event_name":"Living Wall","player_choice":"Grow","floor":3.0,"gold_loss":0.0,"damage_taken":0.0,"cards_upgraded":["rorgmod:Steady Aim"]},{"damage_healed":0.0,"max_hp_gain":0.0,"max_hp_loss":0.0,"gold_gain":0.0,"event_name":"The Cleric","player_choice":"Leave","floor":4.0,"gold_loss":0.0,"damage_taken":0.0},{"damage_healed":0.0,"max_hp_gain":0.0,"max_hp_loss":0.0,"gold_gain":99.0,"event_name":"Nest","player_choice":"Stole From Cult","floor":19.0,"gold_loss":0.0,"damage_taken":0.0},{"damage_healed":0.0,"max_hp_gain":0.0,"max_hp_loss":0.0,"gold_gain":0.0,"event_name":"SensoryStone","player_choice":"Memory 1","floor":36.0,"gold_loss":0.0,"damage_taken":0.0},{"damage_healed":0.0,"max_hp_gain":0.0,"max_hp_loss":0.0,"gold_gain":0.0,"event_name":"Tomb of Lord Red Mask","player_choice":"Paid","floor":39.0,"gold_loss":1.0,"damage_taken":0.0,"relics_obtained":["Red Mask"]},{"damage_healed":0.0,"max_hp_gain":0.0,"max_hp_loss":0.0,"gold_gain":65.0,"event_name":"Golden Wing","player_choice":"Gained Gold","floor":53.0,"gold_loss":0.0,"damage_taken":0.0},{"damage_healed":0.0,"max_hp_gain":0.0,"max_hp_loss":0.0,"gold_gain":0.0,"event_name":"Big Fish","player_choice":"Box","floor":63.0,"gold_loss":0.0,"damage_taken":0.0,"relics_obtained":["Girya"],"cards_obtained":["Regret"]},{"damage_healed":0.0,"max_hp_gain":0.0,"max_hp_loss":0.0,"gold_gain":0.0,"event_name":"Vampires","player_choice":"Ignored","floor":70.0,"gold_loss":0.0,"damage_taken":0.0},{"damage_healed":0.0,"max_hp_gain":0.0,"max_hp_loss":0.0,"gold_gain":0.0,"event_name":"Beggar","player_choice":"Ignored","floor":73.0,"gold_loss":0.0,"damage_taken":0.0}],"is_beta":false,"boss_relics":[{"not_picked":["Astrolabe","SlaversCollar"],"picked":"rorgmod:Black Star"},{"not_picked":["Cursed Key","Snecko Eye"],"picked":"Busted Crown"},{"not_picked":["Runic Dome","Fusion Hammer"],"picked":"Nuclear Battery"},{"not_picked":["Cursed Key","Fusion Hammer"],"picked":"Inserter"}],"items_purged_floors":[11,11,11,11,14,14,20,37],"is_endless":true,"potions_floor_spawned":[2,7,13,18,22,23,30,46,47,48,50,52,54,56,57,59,61,64,65,67,69,71,74,75],"ascension_level":9}}