{"host":"x3q4ieql2tr7v8o6","time":1610017898,"event":{"mods":["BaseMod","Better Altar","Better Note","Better Sensory Stone","Better Skull","Better Third Choice","Colored Map","Minty Spire (QoL Compilation)","StSLib"],"gold_per_floor":[111,111,130,21,36,70,88,88,156,156,156,6,24,38,38,115,115,128,128,141,96,109,141,141,159,185,200,200,200,200,216,216,291,291,304,324,23,23,23],"floor_reached":38,"playtime":1039,"items_purged":["Regret","Pain"],"score":809,"play_id":"c908bfaa-f363-4693-a984-bfa19e8b3332","local_time":"20210107111138","is_ascension_mode":true,"campfire_choices":[{"data":"Footwork","floor":8,"key":"SMITH"},{"floor":11,"key":"REST"},{"floor":15,"key":"REST"},{"floor":24,"key":"REST"},{"floor":30,"key":"REST"},{"floor":32,"key":"REST"}],"circlet_count":0,"master_deck":["AscendersBane","Strike_G","Strike_G","Strike_G","Strike_G","Strike_G","Defend_G","Defend_G","Defend_G","Defend_G","Defend_G","Survivor","Neutralize","Deadly Poison","Blade Dance","Footwork+1","A Thousand Cuts","Slice","Cloak And Dagger","Apotheosis+1","Terror","Noxious Fumes","Finisher","Phantasmal Killer","Sucker Punch","Cloak And Dagger","PiercingWail","Slice","Night Terror","Poisoned Stab","Cloak And Dagger","Blade Dance","Dodge and Roll","Corpse Explosion","PiercingWail","Acrobatics"],"relics":["Ring of the Snake","Lizard Tail","Mango","Ancient Tea Set","Shuriken","Cursed Key","Boot","Oddly Smooth Stone","WristBlade","Lantern"],"acts_visited":["Exordium","TheCity","TheBeyond"],"potions_floor_usage":[6,14,22,23,25,33,38,38],"damage_taken":[{"damage":1,"enemies":"Small Slimes","floor":1,"turns":4},{"damage":5,"enemies":"2 Louse","floor":3,"turns":3},{"damage":6,"enemies":"Jaw Worm","floor":5,"turns":5},{"damage":19,"enemies":"3 Sentries","floor":6,"turns":6},{"damage":6,"enemies":"Red Slaver","floor":7,"turns":4},{"damage":7,"enemies":"Gremlin Gang","floor":13,"turns":5},{"damage":13,"enemies":"2 Fungi Beasts","floor":14,"turns":3},{"damage":0,"enemies":"Slime Boss","floor":16,"turns":4},{"damage":0,"enemies":"Chosen","floor":18,"turns":3},{"damage":5,"enemies":"3 Byrds","floor":20,"turns":3},{"damage":18,"enemies":"Snake Plant","floor":22,"turns":3},{"damage":36,"enemies":"Book of Stabbing","floor":23,"turns":5},{"damage":20,"enemies":"Snecko","floor":25,"turns":5},{"damage":9,"enemies":"Cultist and Chosen","floor":27,"turns":4},{"damage":3,"enemies":"Chosen and Byrds","floor":31,"turns":5},{"damage":74,"enemies":"Automaton","floor":33,"turns":8},{"damage":13,"enemies":"3 Shapes","floor":35,"turns":5},{"damage":16,"enemies":"3 Darklings","floor":36,"turns":6},{"damage":38,"enemies":"Writhing Mass","floor":38,"turns":4}],"seed_played":"-4169584081156289758","potions_obtained":[{"floor":5,"key":"DuplicationPotion"},{"floor":6,"key":"Fire Potion"},{"floor":7,"key":"Dexterity Potion"},{"floor":18,"key":"Poison Potion"},{"floor":23,"key":"SkillPotion"},{"floor":25,"key":"Strength Potion"},{"floor":35,"key":"PowerPotion"},{"floor":36,"key":"AttackPotion"}],"is_trial":false,"path_per_floor":["M","?","M","$","M","E","M","R","T","?","R","$","M","M","R","B",null,"M","?","M","$","M","E","R","M","T","M","?","?","R","M","R","B",null,"M","M","$","M"],"character_chosen":"THE_SILENT","items_purchased":["Footwork","Terror","Noxious Fumes","PiercingWail","Lantern","Acrobatics"],"campfire_rested":5,"item_purchase_floors":[4,12,12,21,37,37],"current_hp_per_floor":[58,72,67,67,61,42,36,36,36,36,58,58,51,38,60,60,71,71,71,66,66,48,12,34,14,14,5,5,5,27,24,46,37,65,52,36,36,0,0],"gold":23,"neow_bonus":"ONE_RARE_RELIC","is_daily":false,"chose_seed":false,"campfire_upgraded":1,"win_rate":0.0,"timestamp":1610017898,"path_taken":["M","?","M","$","M","E","M","R","T","?","R","$","M","M","R","BOSS","M","?","?","$","M","E","R","?","T","M","?","?","R","M","R","BOSS","M","M","$","M"],"items_purchased_type":["Card","Card","Card","Card","Relic","Card"],"build_version":"2020-12-22","purchased_purges":2,"victory":false,"max_hp_per_floor":[60,74,74,74,74,74,74,74,74,74,74,74,74,74,74,74,74,74,74,74,74,74,74,74,74,74,74,74,74,74,74,74,74,74,74,74,74,74,74],"card_choices":[{"not_picked":["Quick Slash","PiercingWail"],"picked":"Deadly Poison","floor":1},{"not_picked":["Deflect","Finisher"],"picked":"Blade Dance","floor":3},{"not_picked":["Deadly Poison","Slice"],"picked":"A Thousand Cuts","floor":5},{"not_picked":["Endless Agony","Concentrate"],"picked":"Slice","floor":6},{"not_picked":["Distraction","Deflect"],"picked":"Cloak And Dagger","floor":7},{"not_picked":["All Out Attack","Escape Plan","Deflect"],"picked":"SKIP","floor":13},{"not_picked":["Well Laid Plans","Dagger Spray"],"picked":"Finisher","floor":14},{"not_picked":["Doppelganger","Envenom"],"picked":"Phantasmal Killer","floor":16},{"not_picked":["Infinite Blades","Flying Knee"],"picked":"Sucker Punch","floor":18},{"not_picked":["Dagger Throw+1","Infinite Blades"],"picked":"Cloak And Dagger","floor":20},{"not_picked":["Terror","Eviscerate"],"picked":"Slice","floor":22},{"not_picked":["Slice","Masterful Stab"],"picked":"Night Terror","floor":23},{"not_picked":["Underhanded Strike","Dagger Spray"],"picked":"Poisoned Stab","floor":25},{"not_picked":["Underhanded Strike","Dash"],"picked":"Cloak And Dagger","floor":27},{"not_picked":["Infinite Blades","Flying Knee"],"picked":"Dodge and Roll","floor":31},{"not_picked":["Doppelganger","Wraith Form v2"],"picked":"Corpse Explosion","floor":33},{"not_picked":["Choke","Prepared"],"picked":"PiercingWail","floor":35},{"not_picked":["Bane","Underhanded Strike","PiercingWail"],"picked":"SKIP","floor":36}],"player_experience":704447,"relics_obtained":[{"floor":6,"key":"Ancient Tea Set"},{"floor":9,"key":"Shuriken"},{"floor":23,"key":"Boot"},{"floor":26,"key":"Oddly Smooth Stone"}],"event_choices":[{"damage_healed":0,"gold_gain":0,"player_choice":"Box","damage_taken":0,"relics_obtained":["Mango"],"max_hp_gain":0,"max_hp_loss":0,"event_name":"Big Fish","floor":2,"gold_loss":0,"cards_obtained":["Regret"]},{"damage_healed":36,"gold_gain":0,"player_choice":"Embrace","damage_taken":0,"max_hp_gain":0,"max_hp_loss":74,"event_name":"betterThird:BetterShining","floor":10,"gold_loss":0},{"damage_healed":0,"gold_gain":0,"player_choice":"Upgraded","damage_taken":0,"max_hp_gain":0,"max_hp_loss":0,"event_name":"Upgrade Shrine","floor":19,"gold_loss":0,"cards_upgraded":["Apotheosis"]},{"damage_healed":0,"gold_gain":0,"player_choice":"Ignored","damage_taken":0,"max_hp_gain":0,"max_hp_loss":0,"event_name":"Cursed Tome","floor":28,"gold_loss":0},{"damage_healed":0,"gold_gain":0,"player_choice":"1 cards matched","damage_taken":0,"max_hp_gain":0,"max_hp_loss":0,"event_name":"Match and Keep!","floor":29,"gold_loss":0,"cards_obtained":["Blade Dance"]}],"is_beta":false,"boss_relics":[{"not_picked":["HoveringKite","SlaversCollar"],"picked":"Cursed Key"},{"not_picked":["Sozu","Ring of the Serpent"],"picked":"WristBlade"}],"items_purged_floors":[4,37],"is_endless":false,"potions_floor_spawned":[5,6,7,18,23,25,35,36],"killed_by":"Writhing Mass","ascension_level":15}}