{"host":"y3h3n3f7seyagppx","time":1610035850,"event":{"mods":["BaseMod","Colored Map","Colored Powertips","DeckTracker","Minty Spire (QoL Compilation)","Random Character Button","Rare Cards Sparkle","Relic Sorter","Relic Stats","StSLib"],"gold_per_floor":[116,126,126,126,144,144,158,206,206,206,206,206,232,245,245,322,322,293,313,330,330,83,83,111,130,156,183,203,217,0,35,35,108,108,121,135,155,155,167,200,211,211,211,246,140,140,190,215,215,215,215,215,215,1,29,29],"floor_reached":57,"playtime":6920,"items_purged":["Strike_R","Strike_R","Strike_R+1"],"score":2974,"play_id":"269595e9-340d-4330-89a2-ae697edf4e5d","local_time":"20210107111050","is_ascension_mode":true,"campfire_choices":[{"data":"Hemokinesis","floor":6,"key":"SMITH"},{"data":"Armaments","floor":10,"key":"SMITH"},{"data":"Bash","floor":12,"key":"SMITH"},{"data":"Shrug It Off","floor":15,"key":"SMITH"},{"data":"Body Slam","floor":23,"key":"SMITH"},{"data":"Shockwave","floor":32,"key":"SMITH"},{"floor":42,"key":"RECALL"},{"data":"Impervious","floor":49,"key":"SMITH"},{"data":"Burning Pact","floor":53,"key":"SMITH"}],"circlet_count":0,"master_deck":["AscendersBane","Defend_R","Defend_R","Defend_R","Defend_R","Bash+1","Twin Strike+1","Iron Wave","Hemokinesis+1","Barricade","Armaments+1","Feel No Pain+1","Inflame+1","Shrug It Off+1","Corruption+1","Feel No Pain+1","Body Slam+1","Sentinel","Shockwave+1","Burning Pact+1","Sword Boomerang","Double Tap","Disarm+1","Shrug It Off","Shrug It Off+1","Impervious+1","Flame Barrier","Shockwave+1","Shrug It Off","Dark Embrace+1","Impervious+1","Dark Embrace+1","Body Slam+1","Flame Barrier"],"relics":["Burning Blood","Bag of Preparation","Frozen Egg 2","Thread and Needle","Mark of Pain","Brimstone","Charon\u0027s Ashes","Singing Bowl","Membership Card","Strawberry","Snecko Eye","Ornamental Fan","Molten Egg 2","Meat on the Bone","Medical Kit","Incense Burner","Letter Opener","DollysMirror","Bag of Marbles"],"acts_visited":["TheCity","TheBeyond","TheEnding"],"potions_floor_usage":[8,16,18,20,24,31,39],"damage_taken":[{"damage":12,"enemies":"Small Slimes","floor":1,"turns":5},{"damage":4,"enemies":"2 Louse","floor":2,"turns":3},{"damage":1,"enemies":"Cultist","floor":5,"turns":3},{"damage":4,"enemies":"3 Louse","floor":7,"turns":3},{"damage":14,"enemies":"3 Sentries","floor":8,"turns":6},{"damage":5,"enemies":"Gremlin Nob","floor":13,"turns":3},{"damage":11,"enemies":"Lots of Slimes","floor":14,"turns":5},{"damage":31,"enemies":"Hexaghost","floor":16,"turns":8},{"damage":2,"enemies":"2 Thieves","floor":18,"turns":4},{"damage":2,"enemies":"3 Byrds","floor":19,"turns":7},{"damage":28,"enemies":"Sentry and Sphere","floor":20,"turns":7},{"damage":5,"enemies":"Book of Stabbing","floor":24,"turns":5},{"damage":3,"enemies":"Snecko","floor":25,"turns":4},{"damage":18,"enemies":"Gremlin Leader","floor":27,"turns":4},{"damage":21,"enemies":"Snake Plant","floor":28,"turns":3},{"damage":0,"enemies":"3 Cultists","floor":29,"turns":4},{"damage":7,"enemies":"Slavers","floor":31,"turns":4},{"damage":14,"enemies":"Champ","floor":33,"turns":7},{"damage":0,"enemies":"3 Darklings","floor":35,"turns":4},{"damage":4,"enemies":"Orb Walker","floor":36,"turns":2},{"damage":2,"enemies":"Writhing Mass","floor":37,"turns":5},{"damage":14,"enemies":"4 Shapes","floor":39,"turns":4},{"damage":2,"enemies":"Giant Head","floor":40,"turns":5},{"damage":2,"enemies":"Transient","floor":41,"turns":6},{"damage":8,"enemies":"Reptomancer","floor":44,"turns":5},{"damage":2,"enemies":"2 Orb Walkers","floor":47,"turns":4},{"damage":0,"enemies":"Giant Head","floor":48,"turns":5},{"damage":22,"enemies":"Awakened One","floor":50,"turns":7},{"damage":6,"enemies":"Donu and Deca","floor":51,"turns":4},{"damage":2,"enemies":"Shield and Spear","floor":55,"turns":6},{"damage":6,"enemies":"The Heart","floor":56,"turns":7}],"seed_played":"-8651896707453047856","potions_obtained":[{"floor":1,"key":"ColorlessPotion"},{"floor":5,"key":"ElixirPotion"},{"floor":14,"key":"Strength Potion"},{"floor":16,"key":"ColorlessPotion"},{"floor":20,"key":"EssenceOfSteel"},{"floor":24,"key":"BloodPotion"},{"floor":28,"key":"SkillPotion"},{"floor":31,"key":"PowerPotion"},{"floor":33,"key":"DistilledChaos"},{"floor":39,"key":"Explosive Potion"},{"floor":47,"key":"GamblersBrew"},{"floor":48,"key":"GamblersBrew"}],"is_trial":false,"path_per_floor":["M","M","?","?","M","R","M","E","T","R","?","R","E","M","R","B",null,"M","M","M","?","$","R","E","M","T","E","M","M","$","E","R","B",null,"M","M","M","?","M","E","M","R","T","E","$","?","?","E","R","B","B",null,"R","$","E","B",null],"character_chosen":"IRONCLAD","items_purchased":["Brimstone","Membership Card","Medical Kit","Shrug It Off","DollysMirror","Dark Embrace+1","Body Slam+1"],"campfire_rested":0,"item_purchase_floors":[22,30,45,45,54,54,54],"current_hp_per_floor":[69,71,64,39,44,44,46,38,38,38,38,38,39,34,34,9,64,68,72,50,82,82,82,82,82,82,72,57,65,65,91,91,83,92,95,95,95,95,89,93,97,97,97,95,95,95,99,99,99,83,83,95,95,95,99,99],"gold":29,"neow_bonus":"TEN_PERCENT_HP_BONUS","is_daily":false,"chose_seed":false,"campfire_upgraded":8,"win_rate":0.0,"timestamp":1610035850,"path_taken":["M","M","?","?","M","R","M","E","T","R","?","R","E","M","R","BOSS","M","M","?","?","$","R","E","M","T","E","M","M","$","E","R","BOSS","M","?","M","?","M","E","M","R","T","E","$","?","?","E","R","BOSS","BOSS","R","$","E","BOSS"],"items_purchased_type":["Relic","Relic","Relic","Card","Relic","Card","Card"],"build_version":"2020-12-22","purchased_purges":3,"victory":true,"max_hp_per_floor":[82,82,82,82,82,82,82,82,82,82,82,82,82,82,82,82,82,82,82,82,82,82,82,82,82,82,84,84,86,86,95,95,95,95,95,95,95,95,97,97,97,97,97,97,97,97,99,99,99,99,99,99,99,99,99,99],"relic_stats":{"Singing Bowl":10,"counters":[31,149],"Ornamental Fan":[32],"Snecko Eye":[151,139,138,127],"Charon\u0027s Ashes":[990],"Bag of Preparation":[52],"Letter Opener":[110],"Medical Kit":[17],"obtain_stats":[{"Singing Bowl":27,"Thread and Needle":13,"Charon\u0027s Ashes":24,"Bag of Preparation":8,"Incense Burner":47,"Letter Opener":48,"Frozen Egg 2":9,"Medical Kit":45,"Burning Blood":0,"Brimstone":22,"Ornamental Fan":40,"DollysMirror":54,"Strawberry":31,"Snecko Eye":34,"Molten Egg 2":43,"Mark of Pain":17,"Bag of Marbles":55,"Membership Card":30,"Meat on the Bone":44},{"Singing Bowl":14,"Thread and Needle":6,"Charon\u0027s Ashes":12,"Bag of Preparation":5,"Incense Burner":26,"Letter Opener":27,"Frozen Egg 2":5,"Medical Kit":25,"Burning Blood":0,"Brimstone":11,"Ornamental Fan":23,"DollysMirror":29,"Strawberry":17,"Snecko Eye":18,"Molten Egg 2":24,"Mark of Pain":8,"Bag of Marbles":30,"Membership Card":16,"Meat on the Bone":25},{"Singing Bowl":67,"Thread and Needle":23,"Charon\u0027s Ashes":59,"Bag of Preparation":20,"Incense Burner":120,"Letter Opener":125,"Frozen Egg 2":20,"Medical Kit":116,"Burning Blood":0,"Brimstone":54,"Ornamental Fan":105,"DollysMirror":136,"Strawberry":78,"Snecko Eye":85,"Molten Egg 2":111,"Mark of Pain":36,"Bag of Marbles":142,"Membership Card":74,"Meat on the Bone":116}],"Burning Blood":165,"Meat on the Bone":0},"card_choices":[{"not_picked":["Dropkick","Perfected Strike"],"picked":"Twin Strike","floor":1},{"not_picked":["Cleave","Body Slam"],"picked":"Iron Wave","floor":2},{"not_picked":["True Grit","Sword Boomerang"],"picked":"Hemokinesis","floor":5},{"not_picked":["Uppercut","Body Slam"],"picked":"Barricade","floor":7},{"not_picked":["Wild Strike","Warcry"],"picked":"Armaments","floor":8},{"not_picked":["Wild Strike","Perfected Strike"],"picked":"Inflame+1","floor":13},{"not_picked":["Searing Blow","Perfected Strike"],"picked":"Shrug It Off","floor":14},{"not_picked":["Reaper","Berserk+1"],"picked":"Corruption+1","floor":16},{"not_picked":["Hemokinesis","Iron Wave"],"picked":"Feel No Pain+1","floor":18},{"not_picked":["True Grit","Sword Boomerang"],"picked":"Body Slam","floor":19},{"not_picked":["Burning Pact","Anger"],"picked":"Sentinel","floor":20},{"not_picked":["Second Wind","Clash"],"picked":"Shockwave","floor":24},{"not_picked":["Bludgeon","Iron Wave"],"picked":"Burning Pact","floor":25},{"not_picked":["Clothesline","Anger","Wild Strike"],"picked":"Singing Bowl","floor":27},{"not_picked":["Burning Pact","Pummel"],"picked":"Sword Boomerang","floor":28},{"not_picked":["Spot Weakness+1","Cleave+1","Pummel"],"picked":"Singing Bowl","floor":29},{"not_picked":["Clash","Combust+1","Twin Strike"],"picked":"Singing Bowl","floor":31},{"not_picked":["Barricade+1","Corruption+1"],"picked":"Double Tap","floor":33},{"not_picked":["Wild Strike+1","Power Through"],"picked":"Disarm+1","floor":35},{"not_picked":["Clash","Shockwave"],"picked":"Shrug It Off","floor":36},{"not_picked":["Anger","Thunderclap"],"picked":"Shrug It Off+1","floor":37},{"not_picked":["Headbutt","Dropkick","Whirlwind"],"picked":"Singing Bowl","floor":39},{"not_picked":["Inflame+1","Rage"],"picked":"Impervious","floor":40},{"not_picked":["Armaments","Spot Weakness+1"],"picked":"Flame Barrier","floor":41},{"not_picked":["Body Slam+1","Wild Strike+1"],"picked":"Shockwave+1","floor":44},{"not_picked":["Pommel Strike+1","Headbutt+1","Armaments+1"],"picked":"Singing Bowl","floor":47},{"not_picked":["Demon Form+1","Anger+1"],"picked":"Dark Embrace+1","floor":48},{"not_picked":["Battle Trance","Wild Strike+1"],"picked":"Flame Barrier","floor":55}],"player_experience":20408834,"relics_obtained":[{"floor":8,"key":"Bag of Preparation"},{"floor":9,"key":"Frozen Egg 2"},{"floor":13,"key":"Thread and Needle"},{"floor":24,"key":"Charon\u0027s Ashes"},{"floor":27,"key":"Singing Bowl"},{"floor":31,"key":"Strawberry"},{"floor":40,"key":"Ornamental Fan"},{"floor":43,"key":"Molten Egg 2"},{"floor":44,"key":"Meat on the Bone"},{"floor":47,"key":"Incense Burner"},{"floor":48,"key":"Letter Opener"},{"floor":55,"key":"Bag of Marbles"}],"event_choices":[{"cards_removed":["Strike_R"],"damage_healed":0,"gold_gain":0,"player_choice":"Card Removal","damage_taken":7,"max_hp_gain":0,"max_hp_loss":0,"event_name":"Golden Wing","floor":3,"gold_loss":0},{"damage_healed":0,"gold_gain":0,"player_choice":"Entered Light","damage_taken":25,"max_hp_gain":0,"max_hp_loss":0,"event_name":"Shining Light","floor":4,"gold_loss":0,"cards_upgraded":["Strike_R","Twin Strike"]},{"damage_healed":0,"gold_gain":0,"player_choice":"1 cards matched","damage_taken":0,"max_hp_gain":0,"max_hp_loss":0,"event_name":"Match and Keep!","floor":11,"gold_loss":0,"cards_obtained":["Feel No Pain"]},{"damage_healed":32,"gold_gain":0,"player_choice":"Full Heal","damage_taken":0,"max_hp_gain":0,"max_hp_loss":0,"event_name":"Wheel of Change","floor":21,"gold_loss":0},{"cards_removed":["Strike_R"],"damage_healed":0,"gold_gain":0,"player_choice":"Removed Attack","damage_taken":0,"max_hp_gain":0,"max_hp_loss":0,"event_name":"Falling","floor":38,"gold_loss":0},{"damage_healed":0,"gold_gain":0,"player_choice":"Ignored","damage_taken":0,"max_hp_gain":0,"max_hp_loss":0,"event_name":"Tomb of Lord Red Mask","floor":46,"gold_loss":0},{"damage_healed":0,"gold_gain":0,"player_choice":"Fight","damage_taken":0,"max_hp_gain":0,"max_hp_loss":0,"event_name":"Mysterious Sphere","floor":47,"gold_loss":0}],"is_beta":false,"boss_relics":[{"not_picked":["Black Star","Busted Crown"],"picked":"Mark of Pain"},{"not_picked":["SacredBark","SlaversCollar"],"picked":"Snecko Eye"}],"items_purged_floors":[22,30,54],"is_endless":false,"potions_floor_spawned":[1,5,14,16,20,24,28,31,33,35,39,47,48],"ascension_level":20}}