{"host":"7c402rm0fqc13zvz","time":1610034664,"event":{"mods":["BaseMod","Marisa（F雨　魔理沙）","Minty Spire (QoL Compilation)","Remilia（蕾米莉亚）","StSLib","The Servant 0.9.4","Youmu（魂魄妖梦）","[功能]功能增强和修复MOD"],"gold_per_floor":[119,129,141,141,96,96,126,126,126,126,126,140,140,173,173,428,428,443,443,463,476,495,522,522,542,542,542,537,548,548,548,548,814,814,825,825,825,836,855,855,868,868,868,868,868,868,900,919,919,919],"floor_reached":51,"playtime":1700,"items_purged":["Defend_G","Strike_G","Strike_G","Strike_G","Defend_G","Strike_G","Defend_G","Defend_G","Defend_G","Dagger Spray+1"],"score":1101,"play_id":"ee2f6bd0-5efe-415d-8fbc-2e7868eaf96b","local_time":"20210107235104","is_ascension_mode":true,"campfire_choices":[{"data":"Dagger Spray","floor":6.0,"key":"SMITH"},{"data":"Acrobatics","floor":8.0,"key":"SMITH"},{"data":"Survivor","floor":11.0,"key":"SMITH"},{"data":"Terror","floor":15.0,"key":"SMITH"},{"data":"1","floor":24,"key":"LIFT"},{"data":"2","floor":27,"key":"LIFT"},{"data":"3","floor":30,"key":"LIFT"},{"data":"Adrenaline","floor":32,"key":"SMITH"},{"data":"Envenom","floor":40,"key":"SMITH"},{"data":"Corpse Explosion","floor":42,"key":"SMITH"},{"data":"Bane","floor":46,"key":"SMITH"},{"data":"Adrenaline","floor":49,"key":"SMITH"}],"circlet_count":0,"master_deck":["Survivor+1","Neutralize+1","Deadly Poison+1","Heel Hook","Acrobatics+1","Terror+1","Corpse Explosion+1","Deadly Poison+1","Adrenaline+1","Flash of Steel","Adrenaline+1","Adrenaline","Envenom+1","Bane+1","Adrenaline+1"],"relics":["Ring of the Serpent","Strawberry","PreservedInsect","Gremlin Horn","Ornamental Fan","Ninja Scroll","FossilizedHelix","Girya","Blood Vial","Anchor","Calipers","TwistedFunnel","Bag of Preparation","Whetstone","Orichalcum","Black Star","Happy Flower","Medical Kit","The Courier","Smiling Mask","CaptainsWheel"],"acts_visited":["Exordium","TheCity","TheBeyond"],"potions_floor_usage":[23,33,50,50,50,50,50],"damage_taken":[{"damage":2.0,"enemies":"Jaw Worm","floor":1.0,"turns":4.0},{"damage":8.0,"enemies":"2 Louse","floor":2.0,"turns":2.0},{"damage":1.0,"enemies":"Cultist","floor":3.0,"turns":4.0},{"damage":0.0,"enemies":"3 Sentries","floor":7.0,"turns":1.0},{"damage":0.0,"enemies":"Large Slime","floor":12.0,"turns":3.0},{"damage":0.0,"enemies":"Lagavulin","floor":14.0,"turns":4.0},{"damage":16.0,"enemies":"Hexaghost","floor":16.0,"turns":6.0},{"damage":0.0,"enemies":"Spheric Guardian","floor":18.0,"turns":2.0},{"damage":0.0,"enemies":"Chosen","floor":20.0,"turns":3.0},{"damage":0.0,"enemies":"Snecko","floor":21.0,"turns":3.0},{"damage":0.0,"enemies":"3 Cultists","floor":22.0,"turns":2.0},{"damage":0,"enemies":"Slavers","floor":23,"turns":2},{"damage":0,"enemies":"Sentry and Sphere","floor":25,"turns":3},{"damage":0,"enemies":"Snecko","floor":29,"turns":2},{"damage":0,"enemies":"Automaton","floor":33,"turns":4},{"damage":0,"enemies":"Orb Walker","floor":35,"turns":1},{"damage":0,"enemies":"3 Shapes","floor":38,"turns":1},{"damage":0,"enemies":"Transient","floor":39,"turns":5},{"damage":0,"enemies":"Maw","floor":41,"turns":3},{"damage":0,"enemies":"Reptomancer","floor":47,"turns":1},{"damage":0,"enemies":"3 Darklings","floor":48,"turns":1},{"damage":18,"enemies":"Time Eater","floor":50,"turns":4}],"seed_played":"-274375073026717592","potions_obtained":[{"floor":1.0,"key":"SteroidPotion"},{"floor":3.0,"key":"Block Potion"},{"floor":7.0,"key":"FearPotion"},{"floor":22.0,"key":"Block Potion"},{"floor":23,"key":"DuplicationPotion"},{"floor":25,"key":"EntropicBrew"},{"floor":33,"key":"DistilledChaos"}],"is_trial":false,"path_per_floor":["M","M","M","?","$","R","E","R","T","?","R","M","?","E","R","B",null,"M","$","M","M","M","E","R","M","T","R","$","M","R","?","R","B",null,"M","?","$","M","M","R","M","R","T","?","?","R","E","M","R","B",null],"character_chosen":"THE_SILENT","items_purchased":["PreservedInsect","Gremlin Horn","Heel Hook","Acrobatics","Regen Potion","Blood Vial","Anchor","Adrenaline","Flash of Steel","Poisoned Stab","TwistedFunnel","Bag of Preparation","Whetstone","Happy Flower","Medical Kit","Bane"],"campfire_rested":0,"item_purchase_floors":[5,5,5,5,5,19,19,28,28,28,28,28,28,37,37,37],"current_hp_per_floor":[75,67,66,51,51,51,51,51,51,44,44,44,77,77,77,61,77,77,77,77,77,77,77,77,77,77,77,77,77,77,77,77,77,77,77,77,77,77,77,77,77,77,77,67,67,67,69,71,71,55],"gold":919,"neow_bonus":"RANDOM_COMMON_RELIC","is_daily":false,"chose_seed":false,"campfire_upgraded":9,"win_rate":0.0,"timestamp":1610034664,"path_taken":["M","M","M","?","$","R","E","R","T","?","R","M","?","E","R","BOSS","M","$","M","M","M","E","R","M","T","R","$","M","R","?","R","BOSS","M","?","$","M","M","R","M","R","T","?","?","R","E","M","R","BOSS"],"items_purchased_type":["Relic","Relic","Card","Card","Potion","Relic","Relic","Card","Card","Card","Relic","Relic","Relic","Relic","Relic","Card"],"build_version":"2020-12-22","purchased_purges":10,"victory":true,"max_hp_per_floor":[77,77,77,77,77,77,77,77,77,77,77,77,77,77,77,77,77,77,77,77,77,77,77,77,77,77,77,77,77,77,77,77,77,77,77,77,77,77,77,77,77,77,77,77,77,77,77,77,77,77],"card_choices":[{"not_picked":["Well Laid Plans","Deflect"],"picked":"Deadly Poison","floor":1.0},{"not_picked":["Outmaneuver","Prepared","Deflect"],"picked":"SKIP","floor":2.0},{"not_picked":["Slice","Backflip"],"picked":"Dagger Spray","floor":3.0},{"not_picked":["Prepared","Backstab","Glass Knife"],"picked":"SKIP","floor":7.0},{"not_picked":["Slice","Finisher"],"picked":"Crippling Poison","floor":12.0},{"not_picked":["Poisoned Stab","Blur"],"picked":"Terror","floor":14.0},{"not_picked":["Venomology","Unload"],"picked":"Corpse Explosion","floor":16.0},{"not_picked":["Flying Knee","Blur","Cloak And Dagger"],"picked":"SKIP","floor":18.0},{"not_picked":["Blur","PiercingWail+1","Slice"],"picked":"SKIP","floor":20.0},{"not_picked":["Eviscerate","Deflect"],"picked":"Deadly Poison+1","floor":21.0},{"not_picked":["Choke","Sucker Punch","Flechettes"],"picked":"SKIP","floor":22.0},{"not_picked":["Night Terror","Dagger Spray","Dodge and Roll"],"picked":"SKIP","floor":23},{"not_picked":["Dodge and Roll+1","Reflex","Flying Knee+1"],"picked":"SKIP","floor":25},{"not_picked":["Poisoned Stab","Cloak And Dagger","Backstab"],"picked":"SKIP","floor":29},{"not_picked":["Storm of Steel","Burst"],"picked":"Adrenaline","floor":33},{"not_picked":["Corpse Explosion","Die Die Die"],"picked":"Adrenaline","floor":33},{"not_picked":["Malaise","Tools of the Trade"],"picked":"Envenom","floor":33},{"not_picked":["Crippling Poison+1","Deadly Poison+1","Masterful Stab+1"],"picked":"SKIP","floor":35},{"not_picked":["Flying Knee+1","Well Laid Plans","Blade Dance"],"picked":"SKIP","floor":38},{"not_picked":["Backflip","Sucker Punch+1","Terror"],"picked":"SKIP","floor":39},{"not_picked":["Slice+1","PiercingWail","Quick Slash"],"picked":"SKIP","floor":41},{"not_picked":["Noxious Fumes","Acrobatics","Calculated Gamble"],"picked":"SKIP","floor":47},{"not_picked":["Well Laid Plans+1","Dodge and Roll","Prepared+1"],"picked":"SKIP","floor":48}],"player_experience":38614,"relics_obtained":[{"floor":7.0,"key":"Ornamental Fan"},{"floor":9.0,"key":"Ninja Scroll"},{"floor":14.0,"key":"FossilizedHelix"},{"floor":16.0,"key":"Girya"},{"floor":26,"key":"Calipers"},{"floor":33,"key":"Orichalcum"},{"floor":43,"key":"The Courier"},{"floor":47,"key":"Smiling Mask"},{"floor":47,"key":"CaptainsWheel"}],"event_choices":[{"damage_healed":0.0,"max_hp_gain":0.0,"max_hp_loss":0.0,"gold_gain":0.0,"event_name":"Shining Light","player_choice":"Entered Light","floor":4.0,"gold_loss":0.0,"damage_taken":15.0,"cards_upgraded":["Strike_G","Deadly Poison"]},{"cards_removed":["Strike_G"],"damage_healed":0.0,"max_hp_gain":0.0,"max_hp_loss":0.0,"gold_gain":0.0,"event_name":"Golden Wing","player_choice":"Card Removal","floor":10.0,"gold_loss":0.0,"damage_taken":7.0},{"cards_removed":["Crippling Poison"],"damage_healed":33.0,"max_hp_gain":0.0,"max_hp_loss":0.0,"gold_gain":0.0,"event_name":"Bonfire Elementals","player_choice":"Offered Uncommon","floor":13.0,"gold_loss":0.0,"damage_taken":0.0},{"cards_removed":["Poisoned Stab"],"damage_healed":0,"gold_gain":0,"player_choice":"Elegance","damage_taken":0,"max_hp_gain":0,"max_hp_loss":0,"event_name":"Back to Basics","floor":31,"gold_loss":0},{"damage_healed":0,"gold_gain":0,"player_choice":"Ignored","damage_taken":0,"max_hp_gain":0,"max_hp_loss":0,"event_name":"Tomb of Lord Red Mask","floor":36,"gold_loss":0},{"damage_healed":0,"gold_gain":0,"player_choice":"Memory 3","damage_taken":10,"max_hp_gain":0,"max_hp_loss":0,"event_name":"SensoryStone","floor":44,"gold_loss":0},{"damage_healed":0,"gold_gain":0,"player_choice":"Copied","damage_taken":0,"max_hp_gain":0,"max_hp_loss":0,"event_name":"Duplicator","floor":45,"gold_loss":0,"cards_obtained":["Adrenaline"]}],"is_beta":false,"boss_relics":[{"not_picked":["HoveringKite","Astrolabe"],"picked":"Ring of the Serpent"},{"not_picked":["Sozu","Cursed Key"],"picked":"Black Star"}],"items_purged_floors":[5,5,5,5,5,5,5,5,5,28],"is_endless":false,"potions_floor_spawned":[1,3,7,12,12,12,14,14,16,20,20,22,22,23,25,25,29,33,33,35,35,38,47,48],"ascension_level":4}}