{"host":"crf907qknq19bfb7","time":1610012022,"event":{"mods":["ATMod(∞¢Ë™Mod)","Act Like it!","Ascension Reborn","BaseMod","CapriCore","Colored Powertips","Friendly Minions","Gensokyo","GifTheSpireLib","Lobotomy","Minty Spire (QoL Compilation)","Pale of the Ancients","Quick Restart","Remilia£®¿Ÿ√◊¿Ú—«£©","StSLib","Td1madao Mod","The Administrix","The Immortal","Unceasing Turn Reminder","Waifu the Spire","Yakumo Yukari mod","Youmu£®ªÍ∆«—˝√Œ£©","°æ“≈ŒÔø®≈∆°øREMEMod"],"gold_per_floor":[113,113,113,113,13,39,39,87,113,147,159,176,176,50,50,147,147,167,182,182,194,94,107,140,3,3,3,23,23,51,51,51,155,155,170,17,17,30,30,30,130,156,182,309,324,371,371,383,383,613,725,843,943,261,261,274,274,274,274,374],"floor_reached":61,"playtime":5399,"items_purged":["MokouMod:Trailblazer","MokouMod:Combust","MokouMod:Singe"],"score":1681,"play_id":"09eee197-f644-49a0-99ca-b55a2a089da3","local_time":"20210107173342","daily_mods":["Draft","Heirloom","DeadlyEvents"],"is_ascension_mode":false,"campfire_choices":[{"data":"MokouMod:BurningDraft","floor":7.0,"key":"SMITH"},{"data":"Venomology","floor":13.0,"key":"SMITH"},{"data":"MokouMod:Overheat","floor":15.0,"key":"SMITH"},{"data":"MokouMod:TemporalFireSeal","floor":27.0,"key":"SMITH"},{"data":"MokouMod:BurningDraft","floor":32.0,"key":"SMITH"},{"data":"MokouMod:Rekindle","floor":40,"key":"SMITH"},{"data":"MokouMod:SubterraneanCore","floor":47,"key":"SMITH"},{"data":"MokouMod:Refresh","floor":49,"key":"SMITH"},{"data":"AT_ChampionStep","floor":55,"key":"SMITH"},{"data":"MokouMod:Overheat","floor":57,"key":"SMITH"}],"circlet_count":0,"master_deck":["AT_ChampionStep+1","Venomology+1","MokouMod:Cataclysm","MokouMod:BurningDraft+1","MokouMod:CrimsonArmoury","MokouMod:Overheat+1","MokouMod:GuidingSmoke","MokouMod:SubterraneanCore+1","MokouMod:TemporalFireSeal","MokouMod:TemporalFireSeal+1","MokouMod:IllusoryBattlefield","MokouMod:RoaringFlare","MokouMod:HeatFactory","MokouMod:ResonanceReactor","MokouMod:PhoenixFeathers","MokouMod:Overheat+1","MokouMod:Rekindle+1","MokouMod:ControlledCombustion+1","MokouMod:Refresh+1","MokouMod:Firecracker+1","MokouMod:BurningDraft+1","MokouMod:BurningHiddenBullet"],"relics":["MokouMod:PhoenixFeather","AT_ATBox","REME_ComplimentaryCards","Torii","Ice Cream","AT_BellowingDragoncrestRing","Pen Nib","Toy Ornithopter","Ancient Tea Set","Coffee Dripper","AT_EbonyIvory","TheAbacus","Shovel","Mercury Hourglass","Busted Crown","Bag of Preparation","AT_TheCollector","Potion Belt","Oddly Smooth Stone","paleoftheancients:Timepiece","Anchor","Letter Opener","paleoftheancients:SoulOfTheShapes","REME_CardOfGreed","Centennial Puzzle","InkBottle","ScarletDevilRocket"],"acts_visited":["Gensokyo:Gensokyo","Gensokyo:Gensokyoer","TheBeyond","paleoftheancients:PaleOfTheAncients"],"potions_floor_usage":[38,42,42,44,46,46,48,48,48,50,50,50,50,50,52,52,52,56,60,60,60,60,60],"damage_taken":[{"damage":0.0,"enemies":"Gensokyo:Python","floor":1.0,"turns":2.0},{"damage":26.0,"enemies":"Gensokyo:Cirno","floor":6.0,"turns":8.0},{"damage":8.0,"enemies":"Gensokyo:Gryphon","floor":8.0,"turns":3.0},{"damage":0.0,"enemies":"Gensokyo:Mamizou","floor":10.0,"turns":6.0},{"damage":0.0,"enemies":"Gensokyo:2_Kodama","floor":11.0,"turns":2.0},{"damage":10.0,"enemies":"Gensokyo:CorruptedTreant","floor":12.0,"turns":3.0},{"damage":15.0,"enemies":"Gensokyo:Yukari","floor":16.0,"turns":5.0},{"damage":23.0,"enemies":"Gensokyo:AngelMirror","floor":18.0,"turns":4.0},{"damage":0.0,"enemies":"Gensokyo:2_Gloops","floor":19.0,"turns":3.0},{"damage":21.0,"enemies":"Gensokyo:Swordslinger","floor":21.0,"turns":2.0},{"damage":15.0,"enemies":"Gensokyo:Mirror_and_Dog","floor":23.0,"turns":4.0},{"damage":5.0,"enemies":"Gensokyo:Reisen","floor":24.0,"turns":5.0},{"damage":0.0,"enemies":"Gensokyo:Slime_Group","floor":28.0,"turns":2.0},{"damage":27.0,"enemies":"Gensokyo:Tenshi","floor":30.0,"turns":4.0},{"damage":1.0,"enemies":"Gensokyo:Wraith","floor":31.0,"turns":3.0},{"damage":0.0,"enemies":"Gensokyo:Eiki","floor":33.0,"turns":2.0},{"damage":28.0,"enemies":"Orb Walker","floor":35.0,"turns":3.0},{"damage":0,"enemies":"3 Darklings","floor":38,"turns":2},{"damage":6,"enemies":"Nemesis","floor":42,"turns":3},{"damage":0,"enemies":"Reptomancer","floor":44,"turns":3},{"damage":0,"enemies":"Maw","floor":45,"turns":3},{"damage":0,"enemies":"Writhing Mass","floor":46,"turns":2},{"damage":0,"enemies":"Jaw Worm Horde","floor":48,"turns":2},{"damage":0,"enemies":"Awakened One","floor":50,"turns":3},{"damage":5,"enemies":"Awakened One","floor":51,"turns":4},{"damage":0,"enemies":"Awakened One","floor":52,"turns":3},{"damage":5,"enemies":"Awakened One","floor":56,"turns":1},{"damage":10,"enemies":"paleoftheancients:N","floor":60,"turns":3}],"seed_played":"-6408255164086320936","potions_obtained":[{"floor":11.0,"key":"Fire Potion"},{"floor":16.0,"key":"Energy Potion"},{"floor":18.0,"key":"Strength Potion"},{"floor":23.0,"key":"FearPotion"},{"floor":28.0,"key":"Fire Potion"},{"floor":30.0,"key":"ColorlessPotion"},{"floor":35.0,"key":"Energy Potion"},{"floor":46,"key":"ColorlessPotion"},{"floor":52,"key":"SpeedPotion"}],"is_trial":true,"path_per_floor":["M","?","?","T","?","E","R","M","T","E","M","M","R","$","R","B",null,"M","M","?","M","$","M","E","COS","T","R","M","$","E","M","R","B",null,"M","$","?","M","$","R","?","E","T","E","M","M","R","M","R","B","M","M","?","$","R","M","R","T","?","B",null],"character_chosen":"MKU","items_purchased":["MokouMod:Overheat","Bag of Preparation","REME_CardOfGreed","Centennial Puzzle","InkBottle"],"campfire_rested":0,"item_purchase_floors":[14,36,54,54,54],"current_hp_per_floor":[75,75,75,75,75,49,49,52,52,52,52,47,47,47,47,52,75,52,62,62,54,54,44,49,49,49,49,49,49,32,41,41,56,75,47,47,47,52,52,52,52,56,56,61,61,71,71,75,75,75,73,75,75,75,75,73,73,73,73,75],"gold":374,"neow_bonus":"","is_daily":false,"chose_seed":false,"campfire_upgraded":10,"win_rate":0.0,"timestamp":1610012022,"path_taken":["M","?","?","?","?","E","R","M","T","?","M","?","R","$","R","BOSS","M","?","?","M","$","?","E","COS","T","R","M","?","E","M","R","BOSS","M","$","?","M","$","R","?","?","T","E","M","M","R","M","R","BOSS","M","M","?","$","R","M","R","T","?","BOSS"],"items_purchased_type":["Card","Relic","Relic","Relic","Relic"],"build_version":"2020-12-22","purchased_purges":3,"victory":true,"max_hp_per_floor":[75,75,75,75,75,75,75,75,75,75,75,75,75,75,75,75,75,75,75,75,75,75,75,75,75,75,75,75,75,75,75,75,75,75,75,75,75,75,75,75,75,75,75,75,75,75,75,75,75,75,75,75,75,75,75,75,75,75,75,75],"card_choices":[{"not_picked":["MokouMod:Scorch","MokouMod:IndiscriminateIgnition"],"picked":"MokouMod:Cataclysm","floor":0.0},{"not_picked":["MokouMod:Ember","MokouMod:Singe"],"picked":"MokouMod:BurningDraft","floor":0.0},{"not_picked":["MokouMod:Singe","MokouMod:ScorchingColumn"],"picked":"MokouMod:CrimsonArmoury","floor":0.0},{"not_picked":["MokouMod:EternalBurstReactor","MokouMod:ImperishableFlame"],"picked":"MokouMod:Overheat","floor":0.0},{"not_picked":["MokouMod:BlazingComet","MokouMod:Scorch"],"picked":"MokouMod:GuidingSmoke","floor":0.0},{"not_picked":["MokouMod:Stoke","MokouMod:FujiyamaVolcano"],"picked":"MokouMod:SubterraneanCore","floor":0.0},{"not_picked":["MokouMod:IndiscriminateIgnition","MokouMod:Wildfire"],"picked":"MokouMod:Singe","floor":0.0},{"not_picked":["MokouMod:ResoluteFlare","MokouMod:ControlledCombustion"],"picked":"MokouMod:TemporalFireSeal","floor":0.0},{"not_picked":["MokouMod:Overheat","MokouMod:Ember"],"picked":"MokouMod:TemporalFireSeal","floor":0.0},{"not_picked":["MokouMod:SubterraneanCore","MokouMod:ResoluteFlare"],"picked":"MokouMod:IllusoryBattlefield","floor":0.0},{"not_picked":["MokouMod:BurningDraft","MokouMod:SearingShot"],"picked":"MokouMod:RoaringFlare","floor":0.0},{"not_picked":["MokouMod:BurningDraft","MokouMod:Fireball"],"picked":"MokouMod:Combust","floor":0.0},{"not_picked":["MokouMod:ResoluteFlare","MokouMod:Fireball"],"picked":"MokouMod:Trailblazer","floor":0.0},{"not_picked":["MokouMod:Trailblazer","MokouMod:UncontrollableSolarReaction"],"picked":"MokouMod:SearingShot","floor":0.0},{"not_picked":["MokouMod:Ember","MokouMod:ScorchedEarth"],"picked":"MokouMod:HeatFactory","floor":0.0},{"not_picked":["MokouMod:FujiyamaVolcano","MokouMod:Fireball"],"picked":"MokouMod:ResonanceReactor","floor":1.0},{"not_picked":["MokouMod:Sear","MokouMod:TemporalFireSeal","MokouMod:FlamingFireTalons"],"picked":"SKIP","floor":6.0},{"not_picked":["MokouMod:AdaptivePyromancy","MokouMod:EternalBurstReactor"],"picked":"MokouMod:PhoenixFeathers","floor":8.0},{"not_picked":["MokouMod:WarmUp","MokouMod:Sear","MokouMod:Trailblazer"],"picked":"SKIP","floor":10.0},{"not_picked":["MokouMod:Burn","MokouMod:IgneousBlow","MokouMod:ScorchedEarth"],"picked":"SKIP","floor":11.0},{"not_picked":["MokouMod:RoaringFlare","MokouMod:CrimsonArmoury","MokouMod:EternalBurstReactor"],"picked":"SKIP","floor":12.0},{"not_picked":["MokouMod:ProfanedFlare","MokouMod:EnchantingBambooForest"],"picked":"MokouMod:Rekindle","floor":16.0},{"not_picked":["MokouMod:HeatFactory","MokouMod:UncontrollableSolarReaction","MokouMod:Ember"],"picked":"SKIP","floor":18.0},{"not_picked":["MokouMod:Combust","MokouMod:ResoluteFlare"],"picked":"MokouMod:ControlledCombustion+1","floor":19.0},{"not_picked":["MokouMod:AdaptivePyromancy+1","MokouMod:UncontrollableSolarReaction"],"picked":"MokouMod:Firecracker+1","floor":21.0},{"not_picked":["MokouMod:InfernalWave","MokouMod:Overheat","MokouMod:PhoenixForm"],"picked":"SKIP","floor":23.0},{"not_picked":["MokouMod:FlamingFireTalons","MokouMod:Sear","MokouMod:FlickeringFlame"],"picked":"SKIP","floor":24.0},{"not_picked":["MokouMod:Sear","MokouMod:EternalBurstReactor","MokouMod:SearingShot"],"picked":"SKIP","floor":28.0},{"not_picked":["MokouMod:Ember","MokouMod:Refresh"],"picked":"MokouMod:BurningDraft","floor":30.0},{"not_picked":["MokouMod:ResoluteFlare+1","MokouMod:ResonatingAura","MokouMod:RoaringFlare+1"],"picked":"SKIP","floor":31.0},{"not_picked":["MokouMod:PhoenixForm","MokouMod:SpontaneousHumanCombustion"],"picked":"MokouMod:BurningHiddenBullet","floor":33.0},{"not_picked":["MokouMod:PhoenixFeathers"],"picked":"SKIP","floor":35.0},{"not_picked":["MokouMod:IllusoryBattlefield+1"],"picked":"SKIP","floor":38},{"not_picked":["MokouMod:TemporalFireSeal"],"picked":"SKIP","floor":42},{"not_picked":["MokouMod:AdaptivePyromancy"],"picked":"SKIP","floor":44},{"not_picked":["MokouMod:IgnitionBlast+1"],"picked":"SKIP","floor":45},{"not_picked":["MokouMod:HeatFactory"],"picked":"SKIP","floor":46},{"not_picked":["MokouMod:Stoke"],"picked":"SKIP","floor":48},{"not_picked":["MokouMod:Meltdown"],"picked":"SKIP","floor":51},{"not_picked":["MokouMod:Overheat+1"],"picked":"SKIP","floor":52},{"not_picked":["MokouMod:ResoluteFlare+1"],"picked":"SKIP","floor":56}],"player_experience":33981,"relics_obtained":[{"floor":4.0,"key":"Ice Cream"},{"floor":6.0,"key":"Pen Nib"},{"floor":9.0,"key":"Toy Ornithopter"},{"floor":10.0,"key":"Ancient Tea Set"},{"floor":24.0,"key":"AT_EbonyIvory"},{"floor":26.0,"key":"Shovel"},{"floor":30.0,"key":"Mercury Hourglass"},{"floor":42,"key":"AT_TheCollector"},{"floor":43,"key":"Potion Belt"},{"floor":44,"key":"Oddly Smooth Stone"},{"floor":52,"key":"paleoftheancients:SoulOfTheShapes"},{"floor":58,"key":"ScarletDevilRocket"}],"event_choices":[{"damage_healed":0,"gold_gain":100,"player_choice":"Pray","damage_taken":0,"max_hp_gain":0,"max_hp_loss":0,"event_name":"Golden Shrine","floor":41,"gold_loss":0},{"damage_healed":0,"gold_gain":100,"player_choice":"Pray","damage_taken":0,"max_hp_gain":0,"max_hp_loss":0,"event_name":"Golden Shrine","floor":53,"gold_loss":0}],"is_beta":false,"boss_relics":[{"not_picked":["Astrolabe","Runic Dome"],"picked":"Coffee Dripper"},{"not_picked":["Empty Cage","REME_DemonsWealth"],"picked":"Busted Crown"}],"items_purged_floors":[14,22,54],"is_endless":false,"potions_floor_spawned":[11,16,18,23,28,30,35,46,52],"ascension_level":0}}