{"host":"gf95gjygaqy6b70i","time":1610048961,"event":{"mods":["BaseMod","Colored Map","Colored Powertips","Minty Spire (QoL Compilation)"],"gold_per_floor":[110,130,144,144,163,192,202,202,202,36,36,52,87,101,101,202,202,214,124,97,12,28,28,28,38,38,38,51,51,51,64,64,166,166,178,198,42,60,70,70,85,85,85,116,128,155,182,206,218,230,230],"floor_reached":50,"playtime":2448,"items_purged":[],"score":517,"play_id":"cb5ce96f-3c86-41fc-89f6-683e9d769bc5","local_time":"20210107204921","is_ascension_mode":false,"campfire_choices":[{"floor":8.0,"key":"REST"},{"data":"Fire Breathing","floor":11.0,"key":"SMITH"},{"floor":15.0,"key":"REST"},{"floor":23.0,"key":"REST"},{"data":"Demon Form","floor":27.0,"key":"SMITH"},{"data":"Berserk","floor":30.0,"key":"SMITH"},{"floor":32.0,"key":"REST"},{"floor":40.0,"key":"REST"},{"data":"1","floor":45.0,"key":"LIFT"},{"floor":49.0,"key":"REST"}],"circlet_count":0,"master_deck":["Strike_R","Strike_R","Strike_R","Defend_R","Defend_R","Defend_R","Defend_R","Bash+1","Pommel Strike","Twin Strike","Iron Wave","Intimidate","Shrug It Off","Fire Breathing+1","Iron Wave","Flex","Berserk+1","Clash","Inflame","Demon Form+1","CurseOfTheBell","Flash of Steel","Cleave+1","Warcry","Iron Wave","Feed","Pommel Strike+1","Thunderclap+1","Uppercut+1","Seeing Red+1","Shrug It Off","Shrug It Off+1","Disarm+1","Armaments+1"],"relics":["Burning Blood","Bottled Lightning","Kunai","Oddly Smooth Stone","Champion Belt","Calling Bell","Orichalcum","Mercury Hourglass","Peace Pipe","Ornamental Fan","Black Star","Sling","White Beast Statue","Girya","MawBank","Strawberry"],"acts_visited":["Exordium","TheCity","TheBeyond"],"potions_floor_usage":[50,50],"damage_taken":[{"damage":8.0,"enemies":"Jaw Worm","floor":1.0,"turns":4.0},{"damage":1.0,"enemies":"Cultist","floor":2.0,"turns":3.0},{"damage":0.0,"enemies":"Small Slimes","floor":3.0,"turns":3.0},{"damage":10.0,"enemies":"2 Fungi Beasts","floor":5.0,"turns":4.0},{"damage":28.0,"enemies":"3 Sentries","floor":6.0,"turns":9.0},{"damage":10.0,"enemies":"Red Slaver","floor":7.0,"turns":4.0},{"damage":12.0,"enemies":"Large Slime","floor":12.0,"turns":6.0},{"damage":12.0,"enemies":"Lagavulin","floor":13.0,"turns":7.0},{"damage":18.0,"enemies":"Gremlin Gang","floor":14.0,"turns":6.0},{"damage":11.0,"enemies":"The Guardian","floor":16.0,"turns":10.0},{"damage":4.0,"enemies":"Chosen","floor":18.0,"turns":4.0},{"damage":17.0,"enemies":"2 Thieves","floor":20.0,"turns":5.0},{"damage":21.0,"enemies":"Snake Plant","floor":22.0,"turns":4.0},{"damage":24.0,"enemies":"Centurion and Healer","floor":25.0,"turns":8.0},{"damage":12.0,"enemies":"Snecko","floor":28.0,"turns":5.0},{"damage":0.0,"enemies":"Cultist and Chosen","floor":31.0,"turns":5.0},{"damage":26.0,"enemies":"Champ","floor":33.0,"turns":9.0},{"damage":28.0,"enemies":"3 Darklings","floor":35.0,"turns":5.0},{"damage":25.0,"enemies":"Orb Walker","floor":36.0,"turns":4.0},{"damage":22.0,"enemies":"3 Darklings","floor":38.0,"turns":6.0},{"damage":22.0,"enemies":"Jaw Worm Horde","floor":39.0,"turns":4.0},{"damage":20.0,"enemies":"Transient","floor":41.0,"turns":5.0},{"damage":61.0,"enemies":"Nemesis","floor":44.0,"turns":7.0},{"damage":10.0,"enemies":"Sphere and 2 Shapes","floor":46.0,"turns":5.0},{"damage":6.0,"enemies":"4 Shapes","floor":47.0,"turns":5.0},{"damage":34.0,"enemies":"Transient","floor":48.0,"turns":5.0},{"damage":71,"enemies":"Awakened One","floor":50,"turns":4}],"seed_played":"1076050096924528878","potions_obtained":[{"floor":5.0,"key":"LiquidBronze"},{"floor":6.0,"key":"HeartOfIron"},{"floor":12.0,"key":"Block Potion"},{"floor":16.0,"key":"Weak Potion"},{"floor":25.0,"key":"GamblersBrew"},{"floor":31.0,"key":"FairyPotion"},{"floor":33.0,"key":"AttackPotion"},{"floor":35.0,"key":"Dexterity Potion"},{"floor":36.0,"key":"Fruit Juice"},{"floor":44.0,"key":"SpeedPotion"},{"floor":46.0,"key":"Block Potion"},{"floor":47.0,"key":"FearPotion"},{"floor":48.0,"key":"Strength Potion"}],"is_trial":false,"path_per_floor":["M","M","M","?","M","E","M","R","T","$","R","M","E","M","R","B",null,"M","?","M","$","M","R","$","M","T","R","M","?","R","M","R","B",null,"M","M","$","M","M","R","M","?","T","E","R","M","M","M","R","B"],"character_chosen":"IRONCLAD","items_purchased":["Oddly Smooth Stone","Flex","Flash of Steel","Sling"],"campfire_rested":6,"item_purchase_floors":[10,10,21,37],"current_hp_per_floor":[78,80,80,80,76,54,50,74,74,74,74,68,62,50,74,69,80,80,80,69,69,54,78,78,60,60,60,54,54,54,60,80,60,80,58,44,44,28,12,37,23,23,23,41,41,37,40,12,41,0,0],"gold":230,"neow_bonus":"","is_daily":false,"chose_seed":false,"campfire_upgraded":3,"win_rate":0.0,"timestamp":1610048961,"path_taken":["M","M","M","?","M","E","M","R","T","?","R","M","E","?","R","BOSS","M","?","M","$","?","R","$","M","T","R","M","?","R","M","R","BOSS","M","M","$","M","M","R","M","?","T","E","R","M","M","M","R","BOSS"],"items_purchased_type":["Relic","Card","Card","Relic"],"build_version":"2020-12-22","purchased_purges":0,"victory":false,"max_hp_per_floor":[80,80,80,80,80,80,80,80,80,80,80,80,80,80,80,80,80,80,80,80,80,80,80,80,80,80,80,80,80,80,80,80,80,80,80,85,85,85,85,85,85,85,85,95,95,95,98,98,98,98,98],"card_choices":[{"not_picked":["Iron Wave","Twin Strike"],"picked":"Pommel Strike","floor":1.0},{"not_picked":["Reckless Charge","Perfected Strike"],"picked":"Twin Strike","floor":2.0},{"not_picked":["Rampage","Body Slam"],"picked":"Iron Wave","floor":3.0},{"not_picked":["Combust","Clothesline"],"picked":"Shrug It Off","floor":5.0},{"not_picked":["Pummel","Dropkick"],"picked":"Fire Breathing","floor":6.0},{"not_picked":["Perfected Strike","Combust"],"picked":"Iron Wave","floor":7.0},{"not_picked":["Shockwave","Headbutt"],"picked":"Berserk","floor":12.0},{"not_picked":["Perfected Strike","Power Through"],"picked":"Clash","floor":13.0},{"not_picked":["Shockwave","Rampage"],"picked":"Inflame","floor":14.0},{"not_picked":["Corruption","Barricade"],"picked":"Demon Form","floor":16.0},{"not_picked":["Perfected Strike","Twin Strike","Entrench+1"],"picked":"SKIP","floor":18.0},{"not_picked":["Clash","Perfected Strike+1","Rupture+1"],"picked":"SKIP","floor":20.0},{"not_picked":["Anger+1","Iron Wave"],"picked":"Cleave+1","floor":22.0},{"not_picked":["Second Wind+1","True Grit"],"picked":"Warcry","floor":25.0},{"not_picked":["True Grit","Fiend Fire"],"picked":"Iron Wave","floor":28.0},{"not_picked":["Armaments","Feel No Pain","Perfected Strike+1"],"picked":"SKIP","floor":31.0},{"not_picked":["Juggernaut","Barricade"],"picked":"Feed","floor":33.0},{"not_picked":["Flex","True Grit"],"picked":"Pommel Strike+1","floor":35.0},{"not_picked":["Body Slam+1","Clothesline"],"picked":"Thunderclap+1","floor":36.0},{"not_picked":["Sword Boomerang","Dual Wield"],"picked":"Uppercut+1","floor":38.0},{"not_picked":["Hemokinesis+1","Headbutt+1"],"picked":"Seeing Red+1","floor":39.0},{"not_picked":["Entrench+1","Dropkick"],"picked":"Shrug It Off","floor":41.0},{"not_picked":["Twin Strike+1","Berserk"],"picked":"Shrug It Off+1","floor":44.0},{"not_picked":["Sword Boomerang","Headbutt+1"],"picked":"Disarm+1","floor":46.0},{"not_picked":["Flex","Headbutt","Perfected Strike"],"picked":"SKIP","floor":47.0},{"not_picked":["Body Slam","Twin Strike"],"picked":"Armaments+1","floor":48.0}],"player_experience":0,"relics_obtained":[{"floor":6.0,"key":"Bottled Lightning"},{"floor":9.0,"key":"Kunai"},{"floor":13.0,"key":"Champion Belt"},{"floor":17.0,"key":"Orichalcum"},{"floor":17.0,"key":"Mercury Hourglass"},{"floor":17.0,"key":"Peace Pipe"},{"floor":26.0,"key":"Ornamental Fan"},{"floor":42.0,"key":"White Beast Statue"},{"floor":43.0,"key":"Girya"},{"floor":44.0,"key":"MawBank"},{"floor":44.0,"key":"Strawberry"}],"event_choices":[{"damage_healed":0.0,"max_hp_gain":0.0,"max_hp_loss":0.0,"gold_gain":0.0,"cards_transformed":["Strike_R"],"event_name":"Transmorgrifier","player_choice":"Transformed","floor":4.0,"gold_loss":0.0,"damage_taken":0.0,"cards_obtained":["Intimidate"]},{"cards_removed":["Strike_R"],"damage_healed":0.0,"max_hp_gain":0.0,"max_hp_loss":0.0,"gold_gain":0.0,"event_name":"Designer","player_choice":"Upgrade and Remove","floor":19.0,"gold_loss":90.0,"damage_taken":0.0,"cards_upgraded":["Bash"]},{"damage_healed":0.0,"max_hp_gain":0.0,"max_hp_loss":0.0,"gold_gain":0.0,"event_name":"Vampires","player_choice":"Ignored","floor":29.0,"gold_loss":0.0,"damage_taken":0.0},{"damage_healed":0.0,"max_hp_gain":0.0,"max_hp_loss":0.0,"gold_gain":0.0,"event_name":"Wheel of Change","player_choice":"Relic","floor":42.0,"gold_loss":0.0,"damage_taken":0.0}],"is_beta":false,"boss_relics":[{"not_picked":["Empty Cage","Velvet Choker"],"picked":"Calling Bell"},{"not_picked":["Runic Dome","Coffee Dripper"],"picked":"Black Star"}],"items_purged_floors":[],"is_endless":false,"potions_floor_spawned":[5,6,12,16,25,31,33,35,36,44,46,47,48],"killed_by":"Awakened One","ascension_level":0}}