{"host":"wj90f2q0h2omert0","time":1610048602,"event":{"mods":["BaseMod","Beaked The Cultist","Better Third Choice","ChefMod","Clawfect","Colored Map","DeckTracker","Downfall","Hubris","JesterMod","Minty Spire (QoL Compilation)","Relic Stats","Robot Space Explorer","Shade Mod","StSLib","The Blackbeard","The Caster","The Dragon Tamer","The Druid"],"gold_per_floor":[112,112,112,122,0,33,45,57,69,81,106,131,143,172,184,298,310,336,348,132,120,138,138,69,69,95,45,63,73,90,106,106,106,106,106],"floor_reached":33,"playtime":2914,"items_purged":[],"score":349,"play_id":"5318a849-dbcd-4990-9342-36e2c42c0bb3","local_time":"20210107144322","is_ascension_mode":false,"metric_token":1235,"campfire_choices":[{"data":"DTMod:Training","floor":8,"key":"SMITH"},{"data":"DTMod:DoubleHit","floor":10,"key":"SMITH"},{"data":"DTMod:Training","floor":15,"key":"SMITH"},{"floor":23,"key":"REST"},{"floor":32,"key":"REST"}],"dtmod_dragon_data":[0,50,1,-1,12,0],"circlet_count":0,"master_deck":["DTMod:Strike","DTMod:Strike","DTMod:Strike","DTMod:DoubleHit+1","DTMod:TargetDefense","DTMod:TargetDefense","DTMod:TargetDefense","DTMod:TargetDefense","DTMod:SwitchingTactic","DTMod:TauntingStrike","DTMod:Threaten","Enlightenment+1","DTMod:Training+1","DTMod:Training+1","DTMod:QuickFly","DTMod:Feint","DTMod:OpeningTactic","DTMod:HeatWave+1","DTMod:TauntingStrike","DTMod:Training+1","DTMod:Training","DTMod:FlameSlash+1","DTMod:InvisibleFlame","DTMod:Feint","DTMod:Observe+1","DTMod:TauntingStrike","DTMod:Coolant"],"relics":["DTMod:PactStone","NeowsBlessing","hubris:Icosahedron","MawBank","DTMod:DragonFood","Boot","Black Star","DollysMirror","Centennial Puzzle","Tiny Chest"],"acts_visited":["Exordium","TheCity"],"potions_floor_usage":[16,16,31,31,31,33],"damage_taken":[{"damage":0,"enemies":"Jaw Worm","floor":1,"turns":1},{"damage":0,"enemies":"Small Slimes","floor":4,"turns":1},{"damage":0,"enemies":"Gremlin Nob","floor":6,"turns":1},{"damage":0,"enemies":"2 Louse","floor":11,"turns":2},{"damage":0,"enemies":"Exordium Thugs","floor":12,"turns":5},{"damage":0,"enemies":"Looter","floor":14,"turns":3},{"damage":0,"enemies":"Slime Boss","floor":16,"turns":10},{"damage":0,"enemies":"Spheric Guardian","floor":18,"turns":4},{"damage":0,"enemies":"2 Thieves","floor":21,"turns":4},{"damage":0,"enemies":"Centurion and Healer","floor":22,"turns":8},{"damage":0,"enemies":"Snake Plant","floor":28,"turns":4},{"damage":35,"enemies":"Snecko","floor":29,"turns":8},{"damage":11,"enemies":"Centurion and Healer","floor":30,"turns":8},{"damage":0,"enemies":"Snake Plant","floor":31,"turns":3},{"damage":29,"enemies":"Champ","floor":33,"turns":10}],"seed_played":"-770129633497557781","potions_obtained":[{"floor":1,"key":"FearPotion"},{"floor":4,"key":"DistilledChaos"},{"floor":6,"key":"PowerPotion"},{"floor":16,"key":"SpeedPotion"},{"floor":29,"key":"SpeedPotion"},{"floor":30,"key":"SkillPotion"},{"floor":31,"key":"Weak Potion"}],"is_trial":false,"path_per_floor":["M","?","$","M","?","E","?","R","T","R","M","M","?","M","R","B",null,"M","?","$","M","M","R","$","T","T","$","M","M","M","M","R","B"],"character_chosen":"THE_DT","items_purchased":["DTMod:TauntingStrike","DollysMirror","DTMod:InvisibleFlame","DTMod:Feint"],"campfire_rested":2,"item_purchase_floors":[20,20,24,27],"current_hp_per_floor":[45,45,45,45,51,51,51,51,51,51,51,51,39,39,39,39,51,51,51,51,51,51,51,51,51,51,51,51,16,5,5,20,0,0,0],"gold":106,"neow_bonus":"THREE_ENEMY_KILL","is_daily":false,"chose_seed":false,"campfire_upgraded":3,"win_rate":0.0,"timestamp":1610048602,"path_taken":["M","?","$","M","?","E","?","R","T","R","?","M","?","M","R","BOSS","M","?","$","M","M","R","?","?","T","$","M","?","M","M","R","BOSS"],"items_purchased_type":["Card","Relic","Card","Card"],"build_version":"2020-12-22","purchased_purges":0,"victory":false,"max_hp_per_floor":[45,45,45,45,51,51,51,51,51,51,51,51,51,51,51,51,51,51,51,51,51,51,51,51,51,51,51,51,51,51,51,51,51,51,51],"relic_stats":{"Centennial Puzzle":[9],"counters":[15,72],"Tiny Chest":0,"Black Star":0,"MawBank":168,"Boot":[10],"obtain_stats":[{"Centennial Puzzle":25,"hubris:Icosahedron":2,"DTMod:PactStone":0,"NeowsBlessing":0,"DollysMirror":20,"DTMod:DragonFood":9,"Tiny Chest":26,"Black Star":17,"MawBank":6,"Boot":13},{"Centennial Puzzle":10,"hubris:Icosahedron":1,"DTMod:PactStone":0,"NeowsBlessing":0,"DollysMirror":8,"DTMod:DragonFood":3,"Tiny Chest":10,"Black Star":7,"MawBank":3,"Boot":5},{"Centennial Puzzle":39,"hubris:Icosahedron":1,"DTMod:PactStone":0,"NeowsBlessing":0,"DollysMirror":27,"DTMod:DragonFood":3,"Tiny Chest":39,"Black Star":23,"MawBank":3,"Boot":10}]},"card_choices":[{"not_picked":["DTMod:Conduct","DTMod:MasterPlan"],"picked":"DTMod:TauntingStrike","floor":1},{"not_picked":["DTMod:QuickFly","DTMod:Astonish"],"picked":"DTMod:Threaten","floor":4},{"not_picked":["DTMod:BuildUp","DTMod:TriAttack"],"picked":"DTMod:Training","floor":6},{"not_picked":["DTMod:Feint","DTMod:MagicField"],"picked":"DTMod:Training","floor":11},{"not_picked":["DTMod:Feint","DTMod:Astonish"],"picked":"DTMod:QuickFly","floor":12},{"not_picked":["DTMod:Hide","DTMod:Punisher"],"picked":"DTMod:Feint","floor":14},{"not_picked":["DTMod:ResonanceForm","DTMod:StunTrap"],"picked":"DTMod:OpeningTactic","floor":16},{"not_picked":["DTMod:ComboAttack+1","DTMod:BreakAttack+1"],"picked":"DTMod:HeatWave+1","floor":18},{"not_picked":["DTMod:TauntingStrike+1","DTMod:MaximumCharge"],"picked":"DTMod:Training","floor":21},{"not_picked":["DTMod:Weaken","DTMod:Prediction"],"picked":"DTMod:FlameSlash+1","floor":22},{"not_picked":["DTMod:Cover+1","DTMod:Hide+1","DTMod:BlazingStrike"],"picked":"SKIP","floor":28},{"not_picked":["DTMod:BlazingStrike","DTMod:Punisher+1"],"picked":"DTMod:Observe+1","floor":29},{"not_picked":["DTMod:BreakAttack","DTMod:Cover"],"picked":"DTMod:TauntingStrike","floor":30},{"not_picked":["DTMod:Cover","DTMod:MasterPlan"],"picked":"DTMod:Coolant","floor":31}],"player_experience":680074,"relics_obtained":[{"floor":6,"key":"MawBank"},{"floor":9,"key":"DTMod:DragonFood"},{"floor":25,"key":"Centennial Puzzle"},{"floor":26,"key":"Tiny Chest"}],"event_choices":[{"damage_healed":0,"gold_gain":0,"player_choice":"RENOUNCE","damage_taken":122,"max_hp_gain":0,"max_hp_loss":0,"event_name":"betterThird:BetterSerpent","floor":5,"gold_loss":122,"cards_obtained":["Enlightenment"]},{"cards_removed":["DTMod:Strike"],"damage_healed":0,"gold_gain":0,"player_choice":"Purged","damage_taken":0,"max_hp_gain":0,"max_hp_loss":0,"event_name":"Purifier","floor":7,"gold_loss":0},{"damage_healed":0,"gold_gain":0,"player_choice":"Relic ","damage_taken":12,"max_hp_gain":0,"max_hp_loss":0,"event_name":"betterThird:BetterScrap","floor":13,"gold_loss":0,"cards_obtained":["Brilliance"]},{"damage_healed":0,"gold_gain":0,"player_choice":"Upgraded","damage_taken":0,"max_hp_gain":0,"max_hp_loss":0,"event_name":"Upgrade Shrine","floor":19,"gold_loss":0,"cards_upgraded":["Enlightenment"]}],"is_beta":false,"boss_relics":[{"not_picked":["Astrolabe","SlaversCollar"],"picked":"Black Star"}],"items_purged_floors":[],"is_endless":false,"potions_floor_spawned":[1,4,6,16,29,30,31],"killed_by":"Champ","ascension_level":0}}