{"host":"l4am8ae7vj09bp0g","time":1610011451,"event":{"mods":["Act Like it!","BaseMod","Colored Powertips","Conspire","LagranYue(拉格朗・月)","Minty Spire (QoL Compilation)","Quick Restart","Relic Filter","Replay The Spire","Shop Mod","StSLib","SuperFastMode","TestMod","vexMod"],"gold_per_floor":[112,112,12,32,32,67,95,120,120,151,185,215,215,245,245,347,347,361,375,157,157,185,218,218,246,246,275,135,165,165,13,13,112,112,124,13,63,81,94,129,161,210,210,242,272,304,193,221,221,316,316,329,16,26,101,113,113,128,128,128,159,179,198,230,260,260,365,365,378,378,182,182,182],"floor_reached":72,"playtime":4055,"items_purged":["ReplayTheSpireMod:Restless Dread","Cleave"],"score":1954,"play_id":"ba0589a7-fdb1-44e3-84ec-1e6362db8f49","local_time":"20210107172411","daily_mods":["SealedDeck","Heirloom","Flight","Cursed Run","Elite Swarm"],"is_ascension_mode":true,"campfire_choices":[{"data":"Body Slam","floor":15.0,"key":"SMITH"},{"data":"Barricade","floor":32.0,"key":"SMITH"},{"data":"ReplayTheSpireMod:Faulty Equipment","floor":49.0,"key":"SMITH"},{"data":"conspire:Purge","floor":57.0,"key":"SMITH"},{"data":"conspire:Purge","floor":59.0,"key":"SMITH"},{"data":"Eclipse","floor":66.0,"key":"SMITH"}],"circlet_count":0,"master_deck":["Shrug It Off","Shrug It Off+1","Body Slam+1","conspire:Purge+1","Barricade+1","Juggernaut","Feed+1","Pommel Strike+1","conspire:Banana","Feed+1","conspire:Purge+1","Reboot+1","Battle Trance+1","Eclipse+1","Feed+1","Parasite"],"relics":["Cursed Key","Darkstone Periapt","Du-Vu Doll","testmod-TestBox","LagranYue:RandomDrawCardRelic","testmod-HeartOfDaVinci","Molten Egg 2","Iron Hammer","ReplayTheSpireMod:Ninjato","FossilizedHelix","testmod-Muramasa","SacredBark","MerchantsRug","LagranYue:NewUniverseRelic","Red Mask","LagranYue:OveredgeRelics","Quantum Egg","ReplayTheSpireMod:TigerMarble","Art of War","vexMod:CardConverter","Replay:Frozen Program","Runic Capacitor","Shuriken","Dream Catcher","Smiling Mask","Oddly Smooth Stone","Singing Bowl","Blood Vial","Champion Belt","LagranYue:MagicReflectiveArmorRelic","BargainBundle","Onion Ring","Painkiller Herb","Mummified Hand","Strawberry","testmod-LifeArmor","vexMod:CursedCompass","vexMod:PaidLearning"],"acts_visited":["Exordium","TheCity","TheBeyond","Exordium","TheCity"],"potions_floor_usage":[],"damage_taken":[{"damage":0.0,"enemies":"conspire:RoseBush","floor":1.0,"turns":2.0},{"damage":0.0,"enemies":"2 Louse","floor":4.0,"turns":2.0},{"damage":0.0,"enemies":"Replay:BlueRogue","floor":6.0,"turns":5.0},{"damage":0.0,"enemies":"Lagavulin","floor":7.0,"turns":7.0},{"damage":0.0,"enemies":"Replay:BlueRogue","floor":8.0,"turns":5.0},{"damage":0.0,"enemies":"3 Sentries","floor":10.0,"turns":6.0},{"damage":0.0,"enemies":"Lagavulin","floor":11.0,"turns":6.0},{"damage":0.0,"enemies":"Gremlin Nob","floor":12.0,"turns":4.0},{"damage":0.0,"enemies":"Lagavulin","floor":14.0,"turns":4.0},{"damage":0.0,"enemies":"Fading Forest","floor":16.0,"turns":7.0},{"damage":0.0,"enemies":"Shell Parasite","floor":18.0,"turns":3.0},{"damage":0.0,"enemies":"2 Thieves","floor":19.0,"turns":3.0},{"damage":0.0,"enemies":"Masked Bandits","floor":22.0,"turns":2.0},{"damage":3.0,"enemies":"Gremlin Leader","floor":23.0,"turns":7.0},{"damage":0.0,"enemies":"Book of Stabbing","floor":25.0,"turns":4.0},{"damage":2.0,"enemies":"Slavers","floor":27.0,"turns":4.0},{"damage":13.0,"enemies":"conspire:SneckoGhost","floor":29.0,"turns":4.0},{"damage":14.0,"enemies":"Automaton","floor":33.0,"turns":5.0},{"damage":7.0,"enemies":"3 Shapes","floor":35.0,"turns":4.0},{"damage":0.0,"enemies":"Orb Walker","floor":38.0,"turns":3.0},{"damage":0.0,"enemies":"Jaw Worm Horde","floor":39.0,"turns":4.0},{"damage":9.0,"enemies":"R_Hoarder","floor":40.0,"turns":6.0},{"damage":1.0,"enemies":"Reptomancer","floor":41.0,"turns":4.0},{"damage":0.0,"enemies":"R_Hoarder","floor":44.0,"turns":3.0},{"damage":11.0,"enemies":"Reptomancer","floor":45.0,"turns":5.0},{"damage":0.0,"enemies":"R_Hoarder","floor":46.0,"turns":3.0},{"damage":0.0,"enemies":"conspire:MimicChest","floor":48.0,"turns":2.0},{"damage":0.0,"enemies":"Replay:Hell Engine","floor":50.0,"turns":6.0},{"damage":6.0,"enemies":"Cultist","floor":52.0,"turns":1.0},{"damage":5.0,"enemies":"2 Louse","floor":54.0,"turns":2.0},{"damage":0.0,"enemies":"Small Slimes","floor":56.0,"turns":2.0},{"damage":6.0,"enemies":"conspire:2 RoseBushes","floor":58.0,"turns":1.0},{"damage":10.0,"enemies":"Lagavulin","floor":61.0,"turns":3.0},{"damage":0.0,"enemies":"3 Louse","floor":62.0,"turns":1.0},{"damage":0.0,"enemies":"Gremlin Gang","floor":63.0,"turns":4.0},{"damage":0.0,"enemies":"Gremlin Nob","floor":64.0,"turns":3.0},{"damage":0.0,"enemies":"Lagavulin","floor":65.0,"turns":5.0},{"damage":0.0,"enemies":"Hexaghost","floor":67.0,"turns":2.0},{"damage":0.0,"enemies":"Spheric Guardian","floor":69.0,"turns":1.0},{"damage":0,"enemies":"conspire:FuzzyDice","floor":72,"turns":1}],"seed_played":"-7919192577651656097","potions_obtained":[{"floor":4.0,"key":"SpeedPotion"},{"floor":10.0,"key":"SteroidPotion"},{"floor":11.0,"key":"testmod-SpacePotion"},{"floor":14.0,"key":"LiquidMemories"},{"floor":16.0,"key":"Explosive Potion"},{"floor":18.0,"key":"BlessingOfTheForge"},{"floor":23.0,"key":"EntropicBrew"},{"floor":27.0,"key":"Energy Potion"},{"floor":35.0,"key":"Adrenaline Potion"},{"floor":37.0,"key":"conspire:TimeTravelPotion"},{"floor":38.0,"key":"EntropicBrew"},{"floor":41.0,"key":"ElixirPotion"},{"floor":45.0,"key":"Ancient Potion"},{"floor":50.0,"key":"ColorlessPotion"},{"floor":52.0,"key":"BlessingOfTheForge"},{"floor":54.0,"key":"BlessingOfTheForge"},{"floor":58.0,"key":"FearPotion"},{"floor":61.0,"key":"FearPotion"},{"floor":65.0,"key":"Explosive Potion"}],"is_trial":true,"path_per_floor":["M","?","?","M","?","E","E","E","T","E","E","E","?","E","R","B",null,"M","M","$","?","?","E","$","E","T","E","$","E","?","$","R","B",null,"M","$","?","M","M","E","E","T","T","E","E","E","$","?","R","B",null,"?","T","?","?","?","T","?","T","T","E","?","?","E","E","T","B",null,"?","?","T","?"],"character_chosen":"IRONCLAD","items_purchased":["MerchantsRug","LagranYue:NewUniverseRelic","conspire:Banana","Art of War","Replay:Frozen Program","Runic Capacitor","BargainBundle","Milkshake","Dexterity Potion","Dexterity Potion","Mummified Hand","Strawberry","vexMod:PaidLearning"],"campfire_rested":0,"item_purchase_floors":[20,20,20,28,31,36,47,47,47,47,53,53,71],"current_hp_per_floor":[1,1,1,1,1,1,1,1,1,1,1,1,1,1,1,7,7,7,7,7,13,17,19,19,25,31,39,39,34,34,36,36,38,82,89,91,99,105,112,104,110,118,126,129,122,128,128,138,138,150,170,172,179,186,175,185,185,199,199,207,207,219,233,242,253,253,267,281,283,217,217,219,219],"gold":182,"neow_bonus":"","is_daily":false,"chose_seed":false,"campfire_upgraded":6,"win_rate":0.0,"timestamp":1610011451,"path_taken":["M","?","?","M","?","E","E","E","T","E","E","E","?","E","R","BOSS","M","?","$","?","?","E","?","E","T","E","$","E","?","?","R","BOSS","M","$","?","?","?","E","E","?","T","E","E","E","$","?","R","BOSS","?","T","?","?","?","T","?","T","T","E","?","?","E","E","T","BOSS","?","?","T","?"],"items_purchased_type":["Relic","Relic","Card","Relic","Relic","Relic","Relic","Potion","Potion","Potion","Relic","Relic","Relic"],"build_version":"2020-12-22","purchased_purges":2,"victory":false,"max_hp_per_floor":[1,1,1,1,1,1,1,1,1,1,1,1,1,1,1,7,7,7,7,7,13,17,22,22,28,34,44,44,52,52,54,54,70,82,96,98,106,112,119,120,127,135,143,146,148,152,152,160,160,170,170,178,185,195,195,203,203,215,215,223,231,241,253,260,269,269,281,281,283,288,288,288,288],"card_choices":[{"not_picked":["Clothesline","Sentinel","Wild Strike"],"picked":"SKIP","floor":1.0},{"not_picked":["ReplayTheSpireMod:Strike From Hell","Bludgeon","Havoc"],"picked":"SKIP","floor":4.0},{"not_picked":["Limit Break","Double Tap"],"picked":"conspire:Purge","floor":6.0},{"not_picked":["conspire:HitWhereItHurts+1","Hemogenesis+1"],"picked":"Barricade","floor":7.0},{"not_picked":["Reaper+1","Exhume","Bludgeon+1"],"picked":"SKIP","floor":8.0},{"not_picked":["Double Tap","Berserk"],"picked":"Juggernaut","floor":10.0},{"not_picked":["Replay:Many Hands","Barricade","Double Tap"],"picked":"SKIP","floor":11.0},{"not_picked":["conspire:HitWhereItHurts+1","Immolate+1","Limit Break"],"picked":"SKIP","floor":12.0},{"not_picked":["Hemogenesis+1","Exhume"],"picked":"Double Tap","floor":14.0},{"not_picked":["Barricade","Eclipse"],"picked":"Feed+1","floor":16.0},{"not_picked":["Anger+1","True Grit"],"picked":"Pommel Strike+1","floor":18.0},{"not_picked":["Sword Boomerang+1","Wild Strike+1","conspire:Purge"],"picked":"SKIP","floor":19.0},{"not_picked":["Reaper+1","Demonic Infusion","Juggernaut"],"picked":"SKIP","floor":23.0},{"not_picked":["Double Tap","Replay:Many Hands"],"picked":"Feed+1","floor":25.0},{"not_picked":["Demon Form","Hemogenesis+1","Juggernaut"],"picked":"SKIP","floor":27.0},{"not_picked":["Impervious","Limit Break"],"picked":"conspire:Purge","floor":29.0},{"not_picked":["Reaper+1","Offering"],"picked":"Eclipse","floor":33.0},{"not_picked":["ReplayTheSpireMod:Stacked","Perfected Strike+1","Armaments+1"],"picked":"SKIP","floor":35.0},{"not_picked":["Replay:Undeath\u0027s Touch+1","Anger+1","Hemokinesis+1"],"picked":"SKIP","floor":38.0},{"not_picked":["Twin Strike+1","Anger+1"],"picked":"Battle Trance+1","floor":39.0},{"not_picked":["Fiend Fire+1","Brutality","Reaper+1"],"picked":"SKIP","floor":40.0},{"not_picked":["Bludgeon+1","Juggernaut"],"picked":"Eclipse","floor":41.0},{"not_picked":["Juggernaut","Immolate+1","Impervious"],"picked":"Singing Bowl","floor":44.0},{"not_picked":["Berserk","Replay:Many Hands","Impervious"],"picked":"Singing Bowl","floor":45.0},{"not_picked":["Corruption","Offering","conspire:HitWhereItHurts+1"],"picked":"Singing Bowl","floor":46.0},{"not_picked":["Run Through+1","conspire:ExplosiveBarrier","Pommel Strike+1"],"picked":"Singing Bowl","floor":48.0},{"not_picked":["Replay:Many Hands","Eclipse"],"picked":"Feed+1","floor":50.0},{"not_picked":["Dropkick+1","Evolve","Flex"],"picked":"Singing Bowl","floor":52.0},{"not_picked":["Havoc","Rampage+1","Rupture"],"picked":"Singing Bowl","floor":54.0},{"not_picked":["Twin Strike+1","Pommel Strike+1","Disarm"],"picked":"Singing Bowl","floor":56.0},{"not_picked":["Heavy Blade+1","Clothesline+1","Defy Death"],"picked":"Singing Bowl","floor":58.0},{"not_picked":["Immolate+1","Demonic Infusion","Feed+1"],"picked":"Singing Bowl","floor":61.0},{"not_picked":["Replay:Undeath\u0027s Touch+1","Thunderclap+1","Perfected Strike+1"],"picked":"Singing Bowl","floor":62.0},{"not_picked":["ReplayTheSpireMod:Limb From Limb+1","Armaments","Bloodletting"],"picked":"Singing Bowl","floor":63.0},{"not_picked":["Brutality","conspire:Purge","Replay:Many Hands"],"picked":"Singing Bowl","floor":64.0},{"not_picked":["Exhume","conspire:Purge","Eclipse"],"picked":"Singing Bowl","floor":65.0},{"not_picked":["Feed+1","Demon Form","Exhume"],"picked":"Singing Bowl","floor":67.0},{"not_picked":["Replay:Undeath\u0027s Touch+1","conspire:Charge+1","True Grit+1"],"picked":"Singing Bowl","floor":69.0}],"player_experience":55412,"relics_obtained":[{"floor":6.0,"key":"Omamori"},{"floor":7.0,"key":"Molten Egg 2"},{"floor":8.0,"key":"Iron Hammer"},{"floor":9.0,"key":"ReplayTheSpireMod:Ninjato"},{"floor":10.0,"key":"testmod-ArcanaOfDestiny"},{"floor":11.0,"key":"FossilizedHelix"},{"floor":14.0,"key":"testmod-Muramasa"},{"floor":22.0,"key":"Red Mask"},{"floor":23.0,"key":"LagranYue:OveredgeRelics"},{"floor":25.0,"key":"Quantum Egg"},{"floor":27.0,"key":"ReplayTheSpireMod:TigerMarble"},{"floor":29.0,"key":"vexMod:CardConverter"},{"floor":37.0,"key":"Shuriken"},{"floor":40.0,"key":"Dream Catcher"},{"floor":41.0,"key":"Smiling Mask"},{"floor":42.0,"key":"Oddly Smooth Stone"},{"floor":43.0,"key":"Singing Bowl"},{"floor":44.0,"key":"Blood Vial"},{"floor":45.0,"key":"Champion Belt"},{"floor":46.0,"key":"LagranYue:MagicReflectiveArmorRelic"},{"floor":48.0,"key":"Onion Ring"},{"floor":60.0,"key":"testmod-LifeArmor"}],"event_choices":[{"damage_healed":0.0,"max_hp_gain":0.0,"max_hp_loss":0.0,"gold_gain":0.0,"event_name":"conspire:Investor","player_choice":"Leave","floor":2.0,"gold_loss":0.0,"damage_taken":0.0},{"damage_healed":0.0,"max_hp_gain":0.0,"max_hp_loss":0.0,"gold_gain":0.0,"event_name":"conspire:LoneGhost","player_choice":"Argue","floor":3.0,"gold_loss":0.0,"damage_taken":0.0},{"damage_healed":0.0,"max_hp_gain":0.0,"max_hp_loss":0.0,"gold_gain":0.0,"event_name":"Wheel of Change","player_choice":"Cursed","floor":13.0,"gold_loss":0.0,"damage_taken":0.0,"cards_obtained":["Decay"]},{"damage_healed":0.0,"max_hp_gain":0.0,"max_hp_loss":0.0,"gold_gain":0.0,"event_name":"Masked Bandits","player_choice":"Fought Bandits","floor":22.0,"gold_loss":0.0,"damage_taken":0.0},{"damage_healed":0.0,"max_hp_gain":0.0,"max_hp_loss":0.0,"gold_gain":0.0,"event_name":"给自己的盒子","player_choice":"Ignored","floor":30.0,"gold_loss":0.0,"damage_taken":0.0},{"damage_healed":0.0,"max_hp_gain":0.0,"max_hp_loss":0.0,"gold_gain":75.0,"event_name":"World of Goop","player_choice":"Gather Gold","floor":55.0,"gold_loss":0.0,"damage_taken":11.0},{"damage_healed":0.0,"max_hp_gain":5.0,"max_hp_loss":0.0,"gold_gain":0.0,"event_name":"Forgotten Altar","player_choice":"Shed Blood","floor":70.0,"gold_loss":0.0,"damage_taken":71.0}],"is_beta":false,"boss_relics":[{"not_picked":["testmod-DeterminationOfClimber","Replay:Bronze Core"],"picked":"SacredBark"},{"not_picked":["Replay:Grab Bag","testmod-BatchProcessingSystem"],"picked":"Astrolabe"},{"not_picked":["testmod-IncinerationGenerator","testmod-CardMagician"],"picked":"Painkiller Herb"},{"not_picked":["Sozu","vexMod:RockOfEvil"],"picked":"vexMod:CursedCompass"}],"items_purged_floors":[47,71],"is_endless":true,"potions_floor_spawned":[4,10,11,14,16,18,23,27,35,38,41,45,50,52,54,58,61,65],"killed_by":"conspire:FuzzyDice","ascension_level":1}}