{"host":"1a3cjta80tad0aqj","time":1610060008,"event":{"mods":["2.2 Compatiblity","AchievementEnabler","BaseMod","Colored Map","DeckTracker","KOR Keyword Fix","Keyboard Shortcuts","Minty Spire (QoL Compilation)","Permanent Neow","Quick Restart","Random Character Button","StSLib","SuperFastMode","everything is the same but u backflip on backflip"],"gold_per_floor":[115,290,215,235,135,135,135,135,135,165,165,199,210,225,225,325,325,339,339,352,365,163,163,176,176,176,176,26,26,42,56,56,56,56],"floor_reached":33,"playtime":1437,"items_purged":["Doubt","Defend_P","Defend_P","Defend_P"],"score":280,"play_id":"d8b2b948-7fda-4c05-9527-e4a98bbc27c6","local_time":"20210108075328","is_ascension_mode":false,"campfire_choices":[{"data":"Eruption","floor":6,"key":"SMITH"},{"data":"FollowUp","floor":8,"key":"SMITH"},{"data":"Vigilance","floor":11,"key":"SMITH"},{"data":"CrushJoints","floor":15,"key":"SMITH"},{"data":"Ragnarok","floor":23,"key":"SMITH"},{"data":"FlurryOfBlows","floor":25,"key":"SMITH"},{"data":"WreathOfFlame","floor":32,"key":"SMITH"}],"circlet_count":0,"master_deck":["Strike_P","Strike_P","Strike_P","Strike_P","Defend_P","Eruption+1","Vigilance+1","FollowUp+1","Vengeance","CrushJoints+1","EmptyFist","FlurryOfBlows+1","Ragnarok+1","Halt","Ghostly","Ghostly","Ghostly","Ghostly","Ghostly","Crescendo+1","FlurryOfBlows","ClearTheMind","WreathOfFlame+1"],"relics":["Cursed Key"],"acts_visited":["Exordium","TheCity"],"potions_floor_usage":[12],"damage_taken":[{"damage":0,"enemies":"Jaw Worm","floor":1,"turns":4},{"damage":2,"enemies":"Small Slimes","floor":4,"turns":3},{"damage":17,"enemies":"3 Sentries","floor":10,"turns":7},{"damage":19,"enemies":"Lagavulin","floor":12,"turns":4},{"damage":0,"enemies":"Cultist","floor":13,"turns":2},{"damage":9,"enemies":"3 Louse","floor":14,"turns":3},{"damage":11,"enemies":"Slime Boss","floor":16,"turns":5},{"damage":5,"enemies":"Shell Parasite","floor":18,"turns":2},{"damage":2,"enemies":"2 Thieves","floor":20,"turns":2},{"damage":0,"enemies":"Centurion and Healer","floor":21,"turns":4},{"damage":1,"enemies":"Cultist and Chosen","floor":24,"turns":4},{"damage":0,"enemies":"Snake Plant","floor":30,"turns":4},{"damage":0,"enemies":"3 Cultists","floor":31,"turns":3},{"damage":4,"enemies":"Collector","floor":33,"turns":6}],"seed_played":"5307346780381883643","potions_obtained":[{"floor":4,"key":"Dexterity Potion"},{"floor":13,"key":"Energy Potion"},{"floor":14,"key":"BlessingOfTheForge"},{"floor":18,"key":"Ambrosia"},{"floor":24,"key":"DistilledChaos"},{"floor":30,"key":"StancePotion"}],"is_trial":false,"path_per_floor":["M","?","$","M","$","R","?","R","T","E","R","E","M","M","R","B",null,"M","?","M","M","$","R","M","R","T","?","$","T","M","M","R","B"],"character_chosen":"WATCHER","items_purchased":["DistilledChaos"],"campfire_rested":0,"item_purchase_floors":[22],"current_hp_per_floor":[72,72,72,70,70,70,70,70,70,53,53,34,34,25,25,14,72,67,36,34,34,34,34,33,33,33,33,33,33,33,33,33,29,29],"gold":56,"neow_bonus":"BOSS_RELIC","is_daily":false,"chose_seed":true,"campfire_upgraded":7,"win_rate":0.0,"timestamp":1610060008,"path_taken":["M","?","$","M","$","R","?","R","T","E","R","E","?","M","R","BOSS","M","?","M","M","$","R","M","R","T","?","$","?","M","M","R","BOSS"],"items_purchased_type":["Potion"],"build_version":"2020-12-22","purchased_purges":4,"victory":false,"max_hp_per_floor":[72,72,72,72,72,72,72,72,72,72,72,72,72,72,72,72,72,72,36,36,36,36,36,36,36,36,36,36,36,36,36,36,36,36],"card_choices":[{"not_picked":["ForeignInfluence","FlurryOfBlows"],"picked":"FollowUp","floor":1},{"not_picked":["SashWhip","Prostrate","FlyingSleeves"],"picked":"SKIP","floor":4},{"not_picked":["Swivel","Indignation"],"picked":"Vengeance","floor":10},{"not_picked":["FearNoEvil","ReachHeaven"],"picked":"CrushJoints","floor":12},{"not_picked":["Perseverance","WheelKick"],"picked":"EmptyFist","floor":13},{"not_picked":["Fasting2","Sanctity"],"picked":"FlurryOfBlows","floor":14},{"not_picked":["SpiritShield","Wish"],"picked":"Ragnarok","floor":16},{"not_picked":["FlyingSleeves","ForeignInfluence+1"],"picked":"Halt","floor":18},{"not_picked":["CrushJoints","Collect"],"picked":"Crescendo+1","floor":20},{"not_picked":["Halt","SandsOfTime+1","Evaluate"],"picked":"SKIP","floor":21},{"not_picked":["JustLucky","Halt"],"picked":"FlurryOfBlows","floor":24},{"not_picked":["FollowUp","Consecrate","CrushJoints"],"picked":"SKIP","floor":30},{"not_picked":["ForeignInfluence+1","Conclude+1"],"picked":"WreathOfFlame","floor":31}],"player_experience":185491,"relics_obtained":[],"event_choices":[{"damage_healed":0,"gold_gain":175,"player_choice":"AGREE","damage_taken":0,"max_hp_gain":0,"max_hp_loss":0,"event_name":"Liars Game","floor":2,"gold_loss":0,"cards_obtained":["Doubt"]},{"damage_healed":0,"gold_gain":0,"player_choice":"0 cards matched","damage_taken":0,"max_hp_gain":0,"max_hp_loss":0,"event_name":"Match and Keep!","floor":7,"gold_loss":0,"cards_obtained":[]},{"damage_healed":0,"gold_gain":0,"player_choice":"Became a Ghost","damage_taken":0,"max_hp_gain":0,"max_hp_loss":36,"event_name":"Ghosts","floor":19,"gold_loss":0,"cards_obtained":["Ghostly","Ghostly","Ghostly","Ghostly","Ghostly"]},{"damage_healed":0,"gold_gain":0,"player_choice":"Read","damage_taken":0,"max_hp_gain":0,"max_hp_loss":0,"event_name":"The Library","floor":27,"gold_loss":0,"cards_obtained":["ClearTheMind"]}],"is_beta":false,"boss_relics":[{"not_picked":[]}],"items_purged_floors":[3,5,22,28],"is_endless":false,"potions_floor_spawned":[4,13,14,18,24,30,31],"killed_by":"Collector","ascension_level":0}}