{"host":"9gczkbtdkbhjojey","time":1610002280,"event":{"mods":["BaseMod","Colored Map","Minty Spire (QoL Compilation)","Quick Restart","StSLib","[功能]功能增强和修复MOD"],"gold_per_floor":[114,114,114,114,114,114,189,189,214,233,233,271,290,309,309,434,434,453,478,475,494,494,532,532,551,551,570,570,608,627,646,646,771,771,790,790,51,1050,52,52,90,109,109,128,166,166,46,65,65,65],"floor_reached":51,"playtime":2037,"items_purged":["Crescendo+1","Pain","TalkToTheHand","Normality","Normality","Tantrum","EmptyFist"],"score":1143,"play_id":"c485f0eb-c3b6-4fd1-b1f4-a516f5e723c1","local_time":"20210107145120","daily_mods":["SealedDeck","Vintage","Lethality"],"is_ascension_mode":false,"campfire_choices":[{"data":"Apotheosis","floor":6,"key":"SMITH"},{"data":"Crescendo","floor":8,"key":"SMITH"},{"data":"Crescendo","floor":15,"key":"SMITH"},{"floor":32,"key":"DIG"},{"floor":40,"key":"DIG"},{"floor":46,"key":"DIG"},{"floor":49,"key":"DIG"}],"circlet_count":0,"master_deck":["Halt","Protect","WheelKick+1","Crescendo+1","MentalFortress","EmptyBody+1","EmptyMind+1","Adaptation","Apotheosis+1","Meditate","Devotion","FollowUp+1","FlurryOfBlows","EmptyBody+1","Establishment","TalkToTheHand+1","Tantrum+1","EmptyFist+1"],"relics":["PureWater","TeardropLocket","Golden Idol","StrikeDummy","Eternal Feather","Frozen Eye","Bronze Scales","Orichalcum","Kunai","Vajra","Shuriken","Unceasing Top","GoldenEye","Medical Kit","Matryoshka","Mercury Hourglass","MealTicket","Philosopher\u0027s Stone","Potion Belt","Red Mask","Akabeko","Shovel","Membership Card","Happy Flower","Darkstone Periapt","Ancient Tea Set","OrangePellets","Toxic Egg 2","MutagenicStrength","Anchor","Meat on the Bone","Blood Vial","Mummified Hand","Mango","Toy Ornithopter","Sling","Incense Burner","Question Card","The Courier","HornCleat","Fusion Hammer","Ornamental Fan","WarpedTongs","HandDrill","Juzu Bracelet","Singing Bowl","Oddly Smooth Stone","Gremlin Horn","InkBottle","Centennial Puzzle","Molten Egg 2","Damaru","Art of War","Sundial","Lantern","Boot","White Beast Statue","Blue Candle","Bag of Marbles","Melange","Thread and Needle","War Paint","Omamori","Bottled Flame","CloakClasp","PreservedInsect","Bag of Preparation","Bird Faced Urn","Letter Opener","Smiling Mask","Bottled Tornado","CeramicFish","Pen Nib","Pear","Whetstone","Frozen Egg 2","Yang","Bottled Lightning","TheAbacus","Gambling Chip","Lizard Tail","Ginger","FossilizedHelix"],"acts_visited":["Exordium","TheCity","TheBeyond"],"potions_floor_usage":[48],"damage_taken":[{"damage":6,"enemies":"Jaw Worm","floor":1,"turns":2},{"damage":0,"enemies":"2 Louse","floor":10,"turns":2},{"damage":0,"enemies":"Gremlin Nob","floor":12,"turns":2},{"damage":0,"enemies":"Cultist","floor":13,"turns":2},{"damage":0,"enemies":"Looter","floor":14,"turns":2},{"damage":0,"enemies":"Hexaghost","floor":16,"turns":4},{"damage":8,"enemies":"Chosen","floor":18,"turns":3},{"damage":0,"enemies":"Masked Bandits","floor":19,"turns":2},{"damage":0,"enemies":"Spheric Guardian","floor":21,"turns":1},{"damage":17,"enemies":"Gremlin Leader","floor":23,"turns":2},{"damage":0,"enemies":"Centurion and Healer","floor":25,"turns":2},{"damage":0,"enemies":"Snecko","floor":27,"turns":2},{"damage":22,"enemies":"Slavers","floor":29,"turns":2},{"damage":0,"enemies":"Sentry and Sphere","floor":30,"turns":1},{"damage":0,"enemies":"Centurion and Healer","floor":31,"turns":2},{"damage":0,"enemies":"Automaton","floor":33,"turns":2},{"damage":0,"enemies":"Orb Walker","floor":35,"turns":2},{"damage":0,"enemies":"Reptomancer","floor":41,"turns":2},{"damage":0,"enemies":"3 Darklings","floor":42,"turns":1},{"damage":0,"enemies":"Maw","floor":44,"turns":1},{"damage":0,"enemies":"Giant Head","floor":45,"turns":2},{"damage":0,"enemies":"4 Shapes","floor":48,"turns":2},{"damage":0,"enemies":"Time Eater","floor":50,"turns":3}],"seed_played":"8350349167999303424","potions_obtained":[{"floor":1,"key":"BlessingOfTheForge"},{"floor":18,"key":"Weak Potion"},{"floor":19,"key":"DuplicationPotion"},{"floor":48,"key":"Fruit Juice"},{"floor":48,"key":"Fire Potion"}],"is_trial":false,"path_per_floor":["M","?","$","?","$","R","?","R","T","M","$","E","M","M","R","B",null,"M","?","$","M","$","E","?","M","T","M","$","E","M","M","R","B",null,"M","?","$","?","$","R","E","M","T","M","E","R","$","M","R","B",null],"character_chosen":"WATCHER","items_purchased":["StrikeDummy","Eternal Feather","Frozen Eye","Apotheosis","Meditate","StancePotion","Ancient Potion","Orichalcum","Kunai","Unceasing Top","GoldenEye","Medical Kit","Akabeko","Shovel","Membership Card","Tantrum","Darkstone Periapt","Ancient Tea Set","OrangePellets","FollowUp","FlurryOfBlows","Mango","Toy Ornithopter","Sling","EmptyBody+1","TalkToTheHand","HandDrill","Juzu Bracelet","Singing Bowl","Oddly Smooth Stone","Gremlin Horn","InkBottle","Centennial Puzzle","Molten Egg 2","Damaru","Art of War","Sundial","TalkToTheHand+1","Lantern","Energy Potion","Tantrum+1","EmptyFist+1","Boot","White Beast Statue","Blue Candle","Bag of Marbles","Melange","Thread and Needle","War Paint","Omamori","Bottled Flame","CloakClasp","PreservedInsect","Bag of Preparation","Bird Faced Urn","Letter Opener","Bottled Lightning","TheAbacus","Gambling Chip","Lizard Tail"],"campfire_rested":0,"item_purchase_floors":[3,3,3,3,3,3,3,5,5,11,11,11,20,20,20,20,22,22,22,22,22,28,28,28,28,37,37,37,37,37,37,37,37,37,37,37,37,37,37,37,39,39,39,39,39,39,39,39,39,39,39,39,39,39,39,39,47,47,47,47],"current_hp_per_floor":[66,66,66,41,41,47,36,42,42,42,42,42,42,42,48,48,67,59,59,67,67,67,50,50,50,50,52,81,59,61,63,72,74,81,81,87,87,99,99,99,101,101,111,111,113,113,113,118,118,118],"gold":65,"neow_bonus":"","is_daily":true,"chose_seed":false,"campfire_upgraded":3,"win_rate":0.0,"timestamp":1610002280,"path_taken":["M","?","$","?","$","R","?","R","T","M","$","E","M","M","R","BOSS","M","?","$","M","$","E","?","M","T","M","$","E","M","M","R","BOSS","M","?","$","?","$","R","E","M","T","M","E","R","$","M","R","BOSS"],"items_purchased_type":["Relic","Relic","Relic","Card","Card","Potion","Potion","Relic","Relic","Relic","Relic","Relic","Relic","Relic","Relic","Card","Relic","Relic","Relic","Card","Card","Relic","Relic","Relic","Card","Card","Relic","Relic","Relic","Relic","Relic","Relic","Relic","Relic","Relic","Relic","Relic","Card","Relic","Potion","Card","Card","Relic","Relic","Relic","Relic","Relic","Relic","Relic","Relic","Relic","Relic","Relic","Relic","Relic","Relic","Relic","Relic","Relic","Relic"],"build_version":"2020-12-22","purchased_purges":7,"victory":true,"max_hp_per_floor":[72,67,67,67,67,67,67,67,67,67,67,67,67,67,67,67,67,67,67,67,67,67,67,67,67,67,67,81,81,81,81,81,81,81,81,87,87,99,99,99,101,101,111,111,113,113,113,118,118,118],"card_choices":[{"not_picked":["Ragnarok","Wireheading","ThirdEye"],"picked":"SKIP","floor":12},{"not_picked":["DevaForm","SpiritShield"],"picked":"Devotion","floor":16},{"not_picked":["Wireheading","Crescendo+1","CutThroughFate"],"picked":"SKIP","floor":23},{"not_picked":["FlurryOfBlows","Tantrum","PathToVictory+1"],"picked":"SKIP","floor":29},{"not_picked":["Vault+1","Omniscience+1","Blasphemy+1"],"picked":"Establishment","floor":33},{"not_picked":["MentalFortress+1","Brilliance+1","Fasting2+1","FlyingSleeves+1"],"picked":"Singing Bowl","floor":41},{"not_picked":["ThirdEye+1","Weave+1","JustLucky+1","SandsOfTime+1"],"picked":"Singing Bowl","floor":45}],"player_experience":113708,"relics_obtained":[{"floor":1,"key":"TeardropLocket"},{"floor":9,"key":"Vajra"},{"floor":10,"key":"Shuriken"},{"floor":12,"key":"Matryoshka"},{"floor":13,"key":"Mercury Hourglass"},{"floor":14,"key":"MealTicket"},{"floor":18,"key":"Potion Belt"},{"floor":19,"key":"Red Mask"},{"floor":21,"key":"Happy Flower"},{"floor":23,"key":"Toxic Egg 2"},{"floor":25,"key":"Anchor"},{"floor":26,"key":"Meat on the Bone"},{"floor":26,"key":"Blood Vial"},{"floor":27,"key":"Mummified Hand"},{"floor":29,"key":"Incense Burner"},{"floor":30,"key":"Question Card"},{"floor":31,"key":"The Courier"},{"floor":32,"key":"HornCleat"},{"floor":35,"key":"Ornamental Fan"},{"floor":40,"key":"Smiling Mask"},{"floor":41,"key":"Bottled Tornado"},{"floor":42,"key":"CeramicFish"},{"floor":43,"key":"Pen Nib"},{"floor":43,"key":"Pear"},{"floor":44,"key":"Whetstone"},{"floor":45,"key":"Frozen Egg 2"},{"floor":46,"key":"Yang"},{"floor":48,"key":"Ginger"},{"floor":49,"key":"FossilizedHelix"}],"event_choices":[{"damage_healed":0,"gold_gain":0,"player_choice":"Lose Max HP","damage_taken":0,"relics_obtained":["Golden Idol"],"max_hp_gain":0,"max_hp_loss":5,"event_name":"Golden Idol","floor":2,"gold_loss":0},{"damage_healed":0,"gold_gain":0,"player_choice":"Success","damage_taken":25,"relics_obtained":["Bronze Scales"],"max_hp_gain":0,"max_hp_loss":0,"event_name":"Scrap Ooze","floor":4,"gold_loss":0},{"damage_healed":0,"gold_gain":75,"player_choice":"Gather Gold","damage_taken":11,"max_hp_gain":0,"max_hp_loss":0,"event_name":"World of Goop","floor":7,"gold_loss":0},{"damage_healed":0,"gold_gain":0,"player_choice":"Fought Bandits","damage_taken":0,"max_hp_gain":0,"max_hp_loss":0,"event_name":"Masked Bandits","floor":19,"gold_loss":0},{"damage_healed":0,"gold_gain":0,"player_choice":"Inject Mutagens","damage_taken":0,"relics_obtained":["MutagenicStrength"],"max_hp_gain":0,"max_hp_loss":0,"event_name":"Drug Dealer","floor":24,"gold_loss":0},{"damage_healed":0,"gold_gain":0,"player_choice":"Rummage","damage_taken":0,"relics_obtained":["WarpedTongs"],"max_hp_gain":0,"max_hp_loss":0,"event_name":"Accursed Blacksmith","floor":36,"gold_loss":0,"cards_obtained":["Pain"]},{"damage_healed":0,"gold_gain":999,"player_choice":"Gold","damage_taken":0,"max_hp_gain":0,"max_hp_loss":0,"event_name":"MindBloom","floor":38,"gold_loss":0,"cards_obtained":["Normality","Normality"]}],"is_beta":false,"boss_relics":[{"not_picked":["HolyWater","Astrolabe"],"picked":"Philosopher\u0027s Stone"},{"not_picked":["Runic Dome","VioletLotus"],"picked":"Fusion Hammer"}],"items_purged_floors":[20,37,37,39,39,39,39],"is_endless":false,"potions_floor_spawned":[1,10,10,14,14,16,16,18,19,21,23,23,23,25,27,27,29,29,30,31,35,41,41,42,42,42,44,44,44,45,45,45,48,48],"ascension_level":0}}