{"host":"ng8aq1q5gznbd93k","time":1610001959,"event":{"mods":["AchievementEnabler","BaseMod","Downfall","Duelist Mod","GifTheSpireLib","Googly Eyes","Minty Spire (QoL Compilation)","StSLib","SuperFastMode"],"gold_per_floor":[119,119,15,26,26,61,80,90,90,151,164,164,183,209,209,308,308,323,341,341,341,360,360,370,389,389,389,465,465,10,10,10,113,113,127,127,145,155,155,155,167,167,192,207,52,79,79,79,79,79,79],"floor_reached":50,"playtime":1863,"items_purged":[],"score":582,"play_id":"f393cc8c-3090-4d7b-bde0-b70e224a6977","local_time":"20210107004559","is_ascension_mode":false,"campfire_choices":[{"data":"Uppercut","floor":12,"key":"SMITH"},{"floor":15,"key":"REST"},{"floor":23,"key":"REST"},{"floor":32,"key":"REST"},{"floor":40,"key":"REST"},{"data":"Limit Break","floor":49,"key":"SMITH"}],"circlet_count":0,"master_deck":["Strike_R+1","Strike_R+1","Strike_R+1","Strike_R+1","Strike_R+1","Defend_R+1","Defend_R+1","Bash","Perfected Strike+1","Cleave+1","Clash","Bloodletting","Reckless Charge","Uppercut+1","Shrug It Off","Offering","Sword Boomerang","Twin Strike","Demon Form+1","Reckless Charge+1","Shrug It Off+1","Headbutt+1","Twin Strike+1","Carnage+1","Sword Boomerang","Shrug It Off+1","Limit Break+1","Iron Wave","Barricade+1","Thunderclap+1","Rupture+1","Dual Wield+1","Parasite","Clothesline","Flex","True Grit","Doubt"],"relics":["Burning Blood","Darkstone Periapt","Frozen Egg 2","Kunai","Bag of Preparation","Astrolabe","Nloth\u0027s Gift","Pear","Meat on the Bone","Enchiridion","Question Card","Mark of Pain","Lantern","Sling","Nunchaku"],"acts_visited":["Exordium","TheCity","TheBeyond"],"potions_floor_usage":[10,11,16,16,18,22,22,33,37,46,50],"damage_taken":[{"damage":0,"enemies":"2 Louse","floor":1,"turns":1},{"damage":0,"enemies":"Small Slimes","floor":4,"turns":1},{"damage":0,"enemies":"Lagavulin","floor":6,"turns":1},{"damage":1,"enemies":"Jaw Worm","floor":7,"turns":3},{"damage":0,"enemies":"3 Louse","floor":8,"turns":1},{"damage":3,"enemies":"Gremlin Nob","floor":10,"turns":2},{"damage":9,"enemies":"Exordium Thugs","floor":11,"turns":2},{"damage":7,"enemies":"Large Slime","floor":13,"turns":5},{"damage":30,"enemies":"Gremlin Nob","floor":14,"turns":4},{"damage":61,"enemies":"Hexaghost","floor":16,"turns":8},{"damage":12,"enemies":"Shell Parasite","floor":18,"turns":3},{"damage":12,"enemies":"Chosen","floor":19,"turns":3},{"damage":3,"enemies":"Snecko","floor":22,"turns":3},{"damage":23,"enemies":"Chosen and Byrds","floor":24,"turns":4},{"damage":6,"enemies":"Snake Plant","floor":25,"turns":2},{"damage":69,"enemies":"Collector","floor":33,"turns":9},{"damage":23,"enemies":"Orb Walker","floor":35,"turns":3},{"damage":10,"enemies":"3 Darklings","floor":37,"turns":2},{"damage":32,"enemies":"Spire Growth","floor":38,"turns":5},{"damage":29,"enemies":"Writhing Mass","floor":41,"turns":5},{"damage":29,"enemies":"4 Shapes","floor":44,"turns":3},{"damage":55,"enemies":"Nemesis","floor":46,"turns":5},{"damage":129,"enemies":"Time Eater","floor":50,"turns":6}],"seed_played":"6649078278827385088","potions_obtained":[{"floor":1,"key":"AttackPotion"},{"floor":8,"key":"Weak Potion"},{"floor":10,"key":"DuplicationPotion"},{"floor":14,"key":"BlessingOfTheForge"},{"floor":16,"key":"HeartOfIron"},{"floor":18,"key":"Block Potion"},{"floor":19,"key":"ColorlessPotion"},{"floor":22,"key":"BlessingOfTheForge"},{"floor":35,"key":"Explosive Potion"},{"floor":38,"key":"BlessingOfTheForge"},{"floor":41,"key":"SkillPotion"}],"is_trial":false,"path_per_floor":["M","?","$","M","?","E","M","M","T","?","M","R","M","E","R","B",null,"M","M","?","?","M","R","M","M","T","?","T","?","$","$","R","B",null,"M","?","M","M","?","R","M","?","T","M","$","E","?","?","R","B"],"character_chosen":"IRONCLAD","items_purchased":["Cleave","Clash","Question Card","Limit Break","Iron Wave","Sling"],"campfire_rested":4,"item_purchase_floors":[3,3,30,30,30,45],"current_hp_per_floor":[80,64,64,70,70,76,80,80,80,80,77,77,76,52,76,21,80,74,68,53,53,56,81,64,64,74,74,74,58,58,58,86,35,95,78,78,74,60,60,88,71,71,71,60,60,23,107,107,107,0,0],"gold":79,"neow_bonus":"THREE_ENEMY_KILL","is_daily":false,"chose_seed":false,"campfire_upgraded":2,"win_rate":0.0,"timestamp":1610001959,"path_taken":["M","?","$","M","?","E","M","M","T","?","M","R","M","E","R","BOSS","M","M","?","?","M","R","?","M","T","?","?","?","?","$","R","BOSS","M","?","M","?","?","R","M","?","T","M","?","E","?","?","R","BOSS"],"items_purchased_type":["Card","Card","Relic","Card","Card","Relic"],"build_version":"2020-12-22","purchased_purges":0,"victory":false,"max_hp_per_floor":[80,80,80,80,80,80,80,80,80,80,80,80,80,80,80,80,80,80,80,85,85,85,85,85,85,95,95,95,95,95,95,95,95,95,95,95,95,95,95,95,101,101,101,101,101,101,107,107,107,107,107],"card_choices":[{"not_picked":["Hemokinesis","Feel No Pain"],"picked":"Perfected Strike","floor":1},{"not_picked":["Armaments","True Grit"],"picked":"Bloodletting","floor":4},{"not_picked":["Pommel Strike","Thunderclap"],"picked":"Reckless Charge","floor":6},{"not_picked":["Dropkick","Reckless Charge"],"picked":"Uppercut","floor":7},{"not_picked":["Body Slam","Sever Soul"],"picked":"Shrug It Off","floor":8},{"not_picked":["Ghostly Armor","Clothesline"],"picked":"Offering","floor":10},{"not_picked":["Headbutt","Entrench"],"picked":"Feel No Pain+1","floor":11},{"not_picked":["Shockwave","Cleave"],"picked":"Sword Boomerang","floor":13},{"not_picked":["Body Slam","Clothesline"],"picked":"Twin Strike","floor":14},{"not_picked":["Berserk+1","Offering"],"picked":"Demon Form+1","floor":16},{"not_picked":["Clothesline+1","Sword Boomerang"],"picked":"Twin Strike+1","floor":18},{"not_picked":["Iron Wave","Clash"],"picked":"Carnage+1","floor":19},{"not_picked":["Iron Wave","Feel No Pain+1"],"picked":"Sword Boomerang","floor":22},{"not_picked":["Thunderclap","Uppercut"],"picked":"Shrug It Off+1","floor":24},{"not_picked":["Iron Wave","Offering"],"picked":"Pummel","floor":25},{"not_picked":["Berserk+1","Bludgeon","Corruption+1"],"picked":"Barricade+1","floor":33},{"not_picked":["Dark Embrace+1","Sever Soul+1","Twin Strike"],"picked":"Thunderclap+1","floor":35},{"not_picked":["Clothesline","Shockwave+1","Intimidate+1"],"picked":"Rupture+1","floor":37},{"not_picked":["Headbutt+1","Second Wind","True Grit+1"],"picked":"Dual Wield+1","floor":38},{"not_picked":["Perfected Strike","Armaments","Body Slam"],"picked":"Clothesline","floor":41},{"not_picked":["Ghostly Armor","Rampage","Twin Strike+1"],"picked":"Flex","floor":44},{"not_picked":["Sever Soul+1","Carnage","Demon Form+1"],"picked":"True Grit","floor":46}],"player_experience":119894,"relics_obtained":[{"floor":6,"key":"Darkstone Periapt"},{"floor":9,"key":"Frozen Egg 2"},{"floor":14,"key":"Bag of Preparation"},{"floor":26,"key":"Pear"},{"floor":28,"key":"Meat on the Bone"},{"floor":29,"key":"Enchiridion"},{"floor":43,"key":"Lantern"},{"floor":46,"key":"Nunchaku"}],"event_choices":[{"damage_healed":0,"gold_gain":0,"player_choice":"Entered Light","damage_taken":16,"max_hp_gain":0,"max_hp_loss":0,"event_name":"Shining Light","floor":2,"gold_loss":0,"cards_upgraded":["Defend_R","Perfected Strike"]},{"damage_healed":0,"gold_gain":0,"player_choice":"Grow","damage_taken":0,"max_hp_gain":0,"max_hp_loss":0,"event_name":"Living Wall","floor":5,"gold_loss":0,"cards_upgraded":["Cleave"]},{"damage_healed":0,"gold_gain":0,"player_choice":"Searched \u00272\u0027 times","damage_taken":0,"relics_obtained":["Kunai"],"max_hp_gain":0,"max_hp_loss":0,"event_name":"Dead Adventurer","floor":10,"gold_loss":0},{"damage_healed":0,"gold_gain":0,"player_choice":"Shed Blood","damage_taken":20,"max_hp_gain":5,"max_hp_loss":0,"event_name":"Forgotten Altar","floor":20,"gold_loss":0},{"damage_healed":0,"gold_gain":0,"player_choice":"Traded Relic","damage_taken":0,"relics_obtained":["Nloth\u0027s Gift"],"max_hp_gain":0,"max_hp_loss":0,"event_name":"N\u0027loth","floor":21,"relics_lost":["NeowsBlessing"],"gold_loss":0},{"damage_healed":0,"gold_gain":0,"player_choice":"Simplicity","damage_taken":0,"max_hp_gain":0,"max_hp_loss":0,"event_name":"Back to Basics","floor":27,"gold_loss":0,"cards_upgraded":["Strike_R","Strike_R","Strike_R","Strike_R","Strike_R","Defend_R"]},{"damage_healed":0,"gold_gain":0,"player_choice":"Obtained Book","damage_taken":16,"max_hp_gain":0,"max_hp_loss":0,"event_name":"Cursed Tome","floor":29,"gold_loss":0},{"damage_healed":0,"gold_gain":0,"player_choice":"Ignored","damage_taken":0,"max_hp_gain":0,"max_hp_loss":0,"event_name":"Purifier","floor":36,"gold_loss":0},{"cards_removed":["Pummel"],"damage_healed":0,"gold_gain":0,"player_choice":"Removed Attack","damage_taken":0,"max_hp_gain":0,"max_hp_loss":0,"event_name":"Falling","floor":39,"gold_loss":0},{"damage_healed":0,"gold_gain":0,"player_choice":"Ignored","damage_taken":0,"max_hp_gain":0,"max_hp_loss":0,"event_name":"Tomb of Lord Red Mask","floor":42,"gold_loss":0},{"damage_healed":78,"gold_gain":0,"player_choice":"Heal","damage_taken":0,"max_hp_gain":0,"max_hp_loss":0,"event_name":"MindBloom","floor":47,"gold_loss":0,"cards_obtained":["Doubt"]},{"damage_healed":0,"gold_gain":0,"player_choice":"Ignored","damage_taken":0,"max_hp_gain":0,"max_hp_loss":0,"event_name":"Mysterious Sphere","floor":48,"gold_loss":0}],"is_beta":false,"boss_relics":[{"not_picked":["Pandora\u0027s Box","Runic Pyramid"],"picked":"Astrolabe"},{"not_picked":["SacredBark","Empty Cage"],"picked":"Mark of Pain"}],"items_purged_floors":[],"is_endless":false,"potions_floor_spawned":[1,8,10,14,16,18,19,22,35,38,41],"killed_by":"Time Eater","ascension_level":0}}