{"host":"J","time":1610024133,"event":{"mods":["BaseMod","Better Third Choice","Minty Spire (QoL Compilation)","StSLib"],"gold_per_floor":[359,324,340,340,352,352,380,380,380,380,34,34,367,387,387,387,387],"floor_reached":16,"playtime":337,"items_purged":["Strike_G"],"score":216,"play_id":"6d4ad6a1-f62d-4521-87b3-afcab06dedd5","local_time":"20210107135533","is_ascension_mode":true,"campfire_choices":[{"floor":6,"key":"REST"},{"floor":8,"key":"REST"},{"data":"Neutralize","floor":10,"key":"SMITH"},{"data":"Envenom","floor":15,"key":"SMITH"}],"circlet_count":0,"master_deck":["AscendersBane","Strike_G","Strike_G","Strike_G+1","Strike_G","Defend_G","Defend_G","Defend_G","Defend_G","Defend_G","Survivor","Neutralize+1","All Out Attack+1","Dagger Throw","Rip and Tear","Deadly Poison","Accuracy","Poisoned Stab","Envenom+1","Backflip"],"relics":["Ring of the Snake","Regal Pillow","Whetstone","PreservedInsect","Oddly Smooth Stone","SsserpentHead","Old Coin"],"acts_visited":["Exordium"],"potions_floor_usage":[],"damage_taken":[{"damage":1,"enemies":"2 Louse","floor":1,"turns":4},{"damage":2,"enemies":"Small Slimes","floor":3,"turns":4},{"damage":0,"enemies":"Jaw Worm","floor":5,"turns":3},{"damage":33,"enemies":"Lagavulin","floor":7,"turns":6},{"damage":8,"enemies":"Gremlin Nob","floor":13,"turns":3},{"damage":12,"enemies":"Exordium Thugs","floor":14,"turns":3},{"damage":32,"enemies":"Slime Boss","floor":16,"turns":6}],"seed_played":"-5161887186748872927","potions_obtained":[{"floor":13,"key":"Swift Potion"}],"is_trial":false,"path_per_floor":["M","?","M","?","M","R","E","R","T","R","$","?","E","M","R","B"],"character_chosen":"THE_SILENT","items_purchased":["Poisoned Stab","Oddly Smooth Stone","Strength Potion"],"campfire_rested":2,"item_purchase_floors":[11,11,11],"current_hp_per_floor":[58,60,58,14,14,47,14,47,47,47,47,47,39,27,27,0,0],"gold":387,"neow_bonus":"TWO_FIFTY_GOLD","is_daily":false,"chose_seed":false,"campfire_upgraded":2,"win_rate":0.0,"timestamp":1610024133,"path_taken":["M","?","M","?","M","R","E","R","T","R","$","?","E","M","R","BOSS"],"items_purchased_type":["Card","Relic","Potion"],"build_version":"2020-12-18","purchased_purges":1,"victory":false,"max_hp_per_floor":[60,60,60,60,60,60,60,60,60,60,60,60,60,60,60,60,60],"card_choices":[{"not_picked":["Deflect","Dodge and Roll"],"picked":"All Out Attack","floor":1},{"not_picked":["Flying Knee","Bane"],"picked":"Dagger Throw","floor":3},{"not_picked":["Dodge and Roll","Setup"],"picked":"Deadly Poison","floor":5},{"not_picked":["Deadly Poison","Cloak And Dagger"],"picked":"Accuracy","floor":7},{"not_picked":["Dagger Throw","Deadly Poison"],"picked":"Envenom","floor":13},{"not_picked":["Dodge and Roll","Poisoned Stab"],"picked":"Backflip","floor":14}],"player_experience":1072246,"relics_obtained":[{"floor":7,"key":"Whetstone"},{"floor":9,"key":"PreservedInsect"},{"floor":13,"key":"Old Coin"}],"event_choices":[{"damage_healed":15,"gold_gain":0,"player_choice":"Healed","damage_taken":0,"max_hp_gain":0,"max_hp_loss":0,"event_name":"The Cleric","floor":2,"gold_loss":35},{"damage_healed":0,"gold_gain":0,"player_choice":"Trade","damage_taken":0,"relics_obtained":["SsserpentHead"],"max_hp_gain":0,"max_hp_loss":0,"event_name":"FaceTrader","floor":12,"gold_loss":0}],"is_beta":true,"boss_relics":[],"items_purged_floors":[11],"is_endless":false,"potions_floor_spawned":[13],"killed_by":"Slime Boss","ascension_level":20}}