{"host":"19kf8tqwqindyscq","time":1610034744,"event":{"mods":["2.2 Compatiblity","BaseMod","Colored Map","Colored Powertips","Conspire","Downfall","Gremlin Mod","Hermit","Hubris","Infinite Spire","Minty Spire (QoL Compilation)","Quick Restart","Rare Cards Sparkle","Replay The Spire","Somnambulant","StSLib","SuperFastMode","The Bladedancer","The Bug Knight","The Construct","The Cursed","The Mystic","The Necromancer"],"gold_per_floor":[114,127,147,147,147,147,164,174,227,191,208,36,36,1,1,100,100,111,111,126,126,139,164,164,164,164,175,25,78,95,4,4,99,99,119,119,129,129,129,162,162,177,177,210,110,127,1,20,120,120],"floor_reached":51,"playtime":3675,"items_purged":[],"score":767,"play_id":"c6159166-14ba-4d06-bf54-833bd0064522","local_time":"20210107125224","is_ascension_mode":false,"campfire_choices":[{"floor":6.0,"key":"RECALL"},{"data":"TheCursedMod:HellsGateOpen","floor":15.0,"key":"SMITH"},{"floor":24,"key":"REST"},{"floor":41,"key":"REST"}],"circlet_count":1,"master_deck":["TheCursedMod:Strike_TheCursed","TheCursedMod:Strike_TheCursed","TheCursedMod:Strike_TheCursed","TheCursedMod:Strike_TheCursed","TheCursedMod:Defend_TheCursed","TheCursedMod:Defend_TheCursed","TheCursedMod:Defend_TheCursed","TheCursedMod:Defend_TheCursed","TheCursedMod:CursedWand","TheCursedMod:CleanUpWorkshop","TheCursedMod:Dregs","TheCursedMod:HellsGateOpen+1","TheCursedMod:HellfireBreathing+1","conspire:Blindness","Decay","TheCursedMod:WearCloak","TheCursedMod:HellfireBreathing","TheCursedMod:SurpriseAttack","TheCursedMod:SurpriseAttack","TheCursedMod:CursedShiv","TheCursedMod:SmokeScreen","TheCursedMod:DemonicPact+1","TheCursedMod:SpitefulPray+1","Shame","TheCursedMod:SmokeScreen","TheCursedMod:WearCloak+1","TheCursedMod:SpitefulStrike","TheCursedMod:SpitefulStrike+1","Replay:Bootleg Shield Generator","Panache","TheCursedMod:Obscuration","Regret","TheCursedMod:SoulReap+1","TheCursedMod:WearCloak","TheCursedMod:HellfireBreathing"],"relics":["TheCursedMod:BlackMagic101","hubris:OldNail","hubris:DisguiseKit","Orichalcum","ChewingGum","Toy Ornithopter","Anchor","Pen Nib","Art of War","Matryoshka","Guide Book","ReplayTheSpireMod:Lightbulb","Juzu Bracelet","Cursed Key","hubris:Towel","Quantum Egg","hubris:PeanutButter","Darkstone Periapt","Circlet","Ice Cream"],"acts_visited":["Exordium","TheCity","TheBeyond"],"potions_floor_usage":[20,23,23,33,33,33,33,33,35,35,44,44,49,49],"damage_taken":[{"damage":4.0,"enemies":"Jaw Worm","floor":1.0,"turns":6.0},{"damage":0.0,"enemies":"2 Louse","floor":2.0,"turns":4.0},{"damage":0.0,"enemies":"Cultist","floor":3.0,"turns":4.0},{"damage":7.0,"enemies":"Exordium Thugs","floor":7.0,"turns":4.0},{"damage":1.0,"enemies":"2 Fungi Beasts","floor":8.0,"turns":4.0},{"damage":1.0,"enemies":"Blue Slaver","floor":11.0,"turns":3.0},{"damage":11.0,"enemies":"Fading Forest","floor":16.0,"turns":11.0},{"damage":2,"enemies":"Chosen","floor":18,"turns":6},{"damage":17,"enemies":"2 Thieves","floor":20,"turns":4},{"damage":24,"enemies":"Cultist and Chosen","floor":22,"turns":7},{"damage":19,"enemies":"conspire:SneckoGhost","floor":23,"turns":7},{"damage":20,"enemies":"Shelled Parasite and Fungi","floor":27,"turns":6},{"damage":4,"enemies":"Chosen and Byrds","floor":30,"turns":7},{"damage":0,"enemies":"Champ","floor":33,"turns":6},{"damage":7,"enemies":"3 Shapes","floor":35,"turns":3},{"damage":0,"enemies":"Orb Walker","floor":37,"turns":4},{"damage":13,"enemies":"Reptomancer","floor":40,"turns":6},{"damage":0,"enemies":"Writhing Mass","floor":42,"turns":6},{"damage":17,"enemies":"Nemesis","floor":44,"turns":7},{"damage":1,"enemies":"Transient","floor":46,"turns":5},{"damage":0,"enemies":"Spire Growth","floor":48,"turns":4},{"damage":0,"enemies":"infinitespire:Three Voidlings","floor":49,"turns":3},{"damage":47,"enemies":"Nightmare_Alpha","floor":49,"turns":6},{"damage":0,"enemies":"Donu and Deca","floor":50,"turns":1}],"seed_played":"-1241531469768629889","potions_obtained":[{"floor":1.0,"key":"SpeedPotion"},{"floor":2.0,"key":"EssenceOfSteel"},{"floor":8.0,"key":"Cursed Concoction"},{"floor":11.0,"key":"Strength Potion"},{"floor":22,"key":"FearPotion"},{"floor":32,"key":"Ancient Potion"},{"floor":32,"key":"BlessingOfTheForge"},{"floor":46,"key":"Guardian:BlockOnCardUsePotion"},{"floor":48,"key":"FearPotion"},{"floor":49,"key":"Doom Potion"}],"is_trial":false,"path_per_floor":["M","M","M","?","?","R","M","M","T","$","M","$","?","?","R","B",null,"M","?","M","T","M","E","R","AVR","T","M","$","T","M","$","R_BF","B",null,"M","?","M","?","?","E","R","M","T","E","NS","M","$","M","R_BF","B",null],"character_chosen":"THE_CURSED","items_purchased":["TheCursedMod:SurpriseAttack","Orichalcum","TheCursedMod:SmokeScreen","Guide Book","TheCursedMod:RapidMovement+1","ColorlessPotion","Adrenaline Potion","DistilledChaos"],"campfire_rested":2,"item_purchase_floors":[10,12,12,28,31,31,47,47],"current_hp_per_floor":[71,71,71,71,71,71,64,63,63,63,62,62,62,75,75,68,75,73,73,58,58,34,25,47,47,47,27,27,27,23,23,23,48,75,73,75,75,75,65,52,74,74,74,63,63,62,62,75,31,31],"gold":120,"neow_bonus":"RANDOM_COMMON_RELIC","is_daily":false,"chose_seed":false,"campfire_upgraded":1,"win_rate":0.0,"timestamp":1610034744,"path_taken":["M","M","M","?","?","R","?","M","T","?","M","$","?","?","R","BOSS","M","?","M","?","?","E","R","AVR","T","?","$","?","M","$","R_BF","BOSS","M","?","M","?","?","E","R","M","T","E","NS","M","?","M","R_BF","BOSS"],"items_purchased_type":["Card","Relic","Card","Relic","Card","Potion","Potion","Potion"],"build_version":"2020-12-22","purchased_purges":0,"victory":true,"max_hp_per_floor":[75,75,75,75,75,75,75,75,75,75,75,75,75,75,75,75,75,75,75,75,75,75,75,75,75,75,75,75,75,75,75,75,75,75,75,75,75,75,75,75,75,75,75,75,75,75,75,75,75,75],"card_choices":[{"not_picked":["TheCursedMod:CircleOfWindfury","TheCursedMod:RavingStaff"],"picked":"TheCursedMod:HellsGateOpen","floor":1.0},{"not_picked":["TheCursedMod:CircleOfAmplification","TheCursedMod:FuryStrike","TheCursedMod:Mangle"],"picked":"SKIP","floor":2.0},{"not_picked":["TheCursedMod:SmokeScreen","TheCursedMod:FleshFromBone"],"picked":"TheCursedMod:HellfireBreathing","floor":3.0},{"not_picked":["TheCursedMod:SoulReap","TheCursedMod:Stretching","Death_March_Dance"],"picked":"TheCursedMod:WearCloak","floor":7.0},{"not_picked":["TheCursedMod:CircleOfCorruption","TheCursedMod:StunningStrike","Shackles_Of_Pain"],"picked":"TheCursedMod:HellfireBreathing","floor":8.0},{"not_picked":["TheCursedMod:Obscuration","TheCursedMod:Torture","Toxic_Smoke_Screen"],"picked":"TheCursedMod:CursedShiv","floor":11.0},{"not_picked":["TheCursedMod:ParallelWorld","TheCursedMod:NeowsMight","Grasp_Heart"],"picked":"TheCursedMod:DemonicPact","floor":16.0},{"not_picked":["TheCursedMod:CursedMace+1","TheCursedMod:CursedArmor+1","Bone_Shift"],"picked":"TheCursedMod:SpitefulPray+1","floor":18},{"not_picked":["TheCursedMod:Stretching","TheCursedMod:SpreadPlague","TheCursedMod:TacticalStrike+1"],"picked":"Summon_Undead","floor":20},{"not_picked":["TheCursedMod:CursedMace+1","TheCursedMod:SpitefulStrike","Bones_to_Steel"],"picked":"TheCursedMod:SmokeScreen","floor":22},{"not_picked":["TheCursedMod:VitalStrike+1","TheCursedMod:CursedArmor+1","Bone_Bullets"],"picked":"TheCursedMod:WearCloak+1","floor":23},{"not_picked":["TheCursedMod:SpreadPlague","TheCursedMod:RavingStaff","Blood_Is_Power"],"picked":"TheCursedMod:CursedShiv+1","floor":27},{"not_picked":["TheCursedMod:TacticalStrike","TheCursedMod:CursedBoomerang","TheCursedMod:AntiAging","Bone_Bullets"],"picked":"SKIP","floor":30},{"not_picked":["TheCursedMod:Obscuration","TheCursedMod:SpitefulPray","Death_March_Dance"],"picked":"TheCursedMod:SpitefulStrike","floor":35},{"not_picked":["TheCursedMod:CursedShiv","TheCursedMod:AshesToAshes","Strike_from_Beyond"],"picked":"TheCursedMod:SpitefulStrike+1","floor":37},{"not_picked":["Dark Shackles","expansioncontent:DefensiveMode"],"picked":"Replay:Bootleg Shield Generator","floor":39},{"not_picked":["Dark Shackles","Dramatic Entrance"],"picked":"Panache","floor":39},{"not_picked":["TheCursedMod:CircleOfBlood+1","TheCursedMod:SoulCrush","Blood_Whip"],"picked":"TheCursedMod:Obscuration","floor":40},{"not_picked":["TheCursedMod:StingEye+1","TheCursedMod:RavingStaff+1","TheCursedMod:CursedAmulet","Blood_Is_Power"],"picked":"SKIP","floor":42},{"not_picked":["TheCursedMod:CursedArmor","TheCursedMod:CursedSpellbook+1","TheCursedMod:SpreadPlague+1","Blood_Curse"],"picked":"SKIP","floor":44},{"not_picked":["TheCursedMod:VitalStrike","TheCursedMod:WearCloak+1","Epidemic"],"picked":"TheCursedMod:SoulReap+1","floor":46},{"not_picked":["TheCursedMod:Obscuration+1","TheCursedMod:CursedArmor+1","Death_Coil"],"picked":"TheCursedMod:WearCloak","floor":48},{"not_picked":["infinitespire:FinalStrike","infinitespire:Punishment"],"picked":"infinitespire:SealOfDarkness+","floor":49},{"not_picked":["TheCursedMod:CircleOfCorruption+1","TheCursedMod:SpitefulStrike","Vampiric_Strike"],"picked":"TheCursedMod:HellfireBreathing","floor":49}],"player_experience":152310,"relics_obtained":[{"floor":21,"key":"Anchor"},{"floor":23,"key":"Pen Nib"},{"floor":26,"key":"Matryoshka"},{"floor":29,"key":"ReplayTheSpireMod:Lightbulb"},{"floor":29,"key":"Juzu Bracelet"},{"floor":40,"key":"Quantum Egg"},{"floor":43,"key":"hubris:PeanutButter"},{"floor":43,"key":"Darkstone Periapt"},{"floor":44,"key":"Circlet"},{"floor":49,"key":"Ice Cream"}],"event_choices":[{"damage_healed":0.0,"max_hp_gain":0.0,"max_hp_loss":0.0,"gold_gain":0.0,"event_name":"Wheel of Change","player_choice":"Cursed","floor":5.0,"gold_loss":0.0,"damage_taken":0.0,"cards_obtained":["Decay"]},{"damage_healed":0.0,"max_hp_gain":0.0,"max_hp_loss":0.0,"gold_gain":0.0,"event_name":"Golden Wing","player_choice":"Ignored","floor":13.0,"gold_loss":0.0,"damage_taken":0.0},{"damage_healed":18.0,"max_hp_gain":0.0,"max_hp_loss":0.0,"gold_gain":0.0,"event_name":"The Cleric","player_choice":"Healed","floor":14.0,"gold_loss":35.0,"damage_taken":0.0},{"damage_healed":0,"gold_gain":0,"player_choice":"Stole Relic","damage_taken":0,"relics_obtained":["Toy Ornithopter"],"max_hp_gain":0,"max_hp_loss":0,"event_name":"Addict","floor":19,"gold_loss":0,"cards_obtained":["Shame"]},{"cards_removed":["Summon_Undead"],"damage_healed":2,"gold_gain":0,"player_choice":"Offered Uncommon","damage_taken":0,"max_hp_gain":0,"max_hp_loss":0,"event_name":"Bonfire Elementals","floor":36,"gold_loss":0},{"damage_healed":0,"gold_gain":0,"player_choice":"Memory 3","damage_taken":10,"max_hp_gain":0,"max_hp_loss":0,"event_name":"SensoryStone","floor":39,"gold_loss":0}],"is_beta":false,"boss_relics":[{"not_picked":["conspire:RunicOctahedron","hubris:TerracottaHorce"],"picked":"ChewingGum"},{"not_picked":["Empty Cage","ReplayTheSpireMod:DimensionalGlitch"],"picked":"Cursed Key"}],"items_purged_floors":[],"is_endless":false,"potions_floor_spawned":[1,2,8,11,22,46,48,49],"ascension_level":0}}