{"host":"7zdktqb5xjtif29d","time":1610063695,"event":{"mods":["AchievementEnabler","BaseMod","Colored Map","Colored Powertips","Highlight Path","Minty Spire (QoL Compilation)","Rare Cards Sparkle","SuperFastMode","Waifu the Spire","everything is the same but u backflip on backflip"],"gold_per_floor":[114,125,200,213,226,261,279,297,297,297,297,297,308,308,308,404,404,417,436,68,118,133,133,167,180,207,235,235,235],"floor_reached":28,"playtime":921,"items_purged":["Decay"],"score":275,"play_id":"6fdb3fb3-3073-42bc-8cc4-eb4545fbcfa2","local_time":"20210107235455","is_ascension_mode":true,"campfire_choices":[{"floor":10,"key":"REST"},{"floor":15,"key":"REST"},{"floor":23,"key":"REST"}],"circlet_count":0,"master_deck":["Strike_B","Strike_B","Strike_B","Strike_B","Defend_B","Defend_B+1","Defend_B","Defend_B","Zap","Dualcast","Loop+1","Ball Lightning","Melter","White Noise","Defragment+1","Barrage","Ball Lightning","Buffer+1","Sweeping Beam","Conserve Battery+1","Creative AI+1","Ball Lightning+1","Conserve Battery+1","Fusion+1"],"relics":["Cracked Core","CaptainsWheel","Nunchaku","Frozen Egg 2","Dream Catcher","Fusion Hammer","Blood Vial","Ancient Tea Set","Pen Nib","Pocketwatch"],"acts_visited":["Exordium","TheCity"],"potions_floor_usage":[8,16,16,24],"damage_taken":[{"damage":4,"enemies":"2 Louse","floor":1,"turns":3},{"damage":7,"enemies":"Small Slimes","floor":2,"turns":3},{"damage":3,"enemies":"Jaw Worm","floor":4,"turns":3},{"damage":21,"enemies":"Gremlin Gang","floor":5,"turns":4},{"damage":14,"enemies":"Gremlin Nob","floor":6,"turns":4},{"damage":13,"enemies":"Lots of Slimes","floor":7,"turns":3},{"damage":0,"enemies":"2 Fungi Beasts","floor":8,"turns":2},{"damage":5,"enemies":"Looter","floor":13,"turns":3},{"damage":17,"enemies":"Hexaghost","floor":16,"turns":7},{"damage":2,"enemies":"Spheric Guardian","floor":18,"turns":2},{"damage":25,"enemies":"3 Byrds","floor":19,"turns":3},{"damage":8,"enemies":"Centurion and Healer","floor":22,"turns":7},{"damage":28,"enemies":"Book of Stabbing","floor":24,"turns":5},{"damage":5,"enemies":"Chosen and Byrds","floor":25,"turns":4},{"damage":36,"enemies":"Slavers","floor":27,"turns":4},{"damage":7,"enemies":"Snake Plant","floor":28,"turns":2}],"seed_played":"-6825018505260953186","potions_obtained":[{"floor":2,"key":"DistilledChaos"},{"floor":5,"key":"ColorlessPotion"},{"floor":8,"key":"Energy Potion"},{"floor":18,"key":"Weak Potion"},{"floor":22,"key":"Energy Potion"}],"is_trial":false,"path_per_floor":["M","M","?","M","M","E","M","M","T","R","?","?","M","?","R","B",null,"M","M","$","?","M","R","E","M","T","E","M"],"character_chosen":"DEFECT","items_purchased":["Creative AI+1","Blood Vial"],"campfire_rested":3,"item_purchase_floors":[20,20],"current_hp_per_floor":[71,64,53,50,29,15,2,2,2,24,9,9,4,4,26,9,75,73,48,48,48,42,64,38,35,35,1,0,0],"gold":235,"neow_bonus":"ONE_RARE_RELIC","is_daily":false,"chose_seed":false,"campfire_upgraded":0,"win_rate":0.0,"timestamp":1610063695,"path_taken":["M","M","?","M","M","E","M","M","T","R","?","?","M","?","R","BOSS","M","M","$","?","M","R","E","M","T","E","?"],"items_purchased_type":["Card","Relic"],"build_version":"2020-12-22","purchased_purges":1,"victory":false,"max_hp_per_floor":[75,75,75,75,75,75,75,75,75,75,75,75,75,75,75,75,75,75,75,75,75,75,75,75,75,75,75,75,75],"card_choices":[{"not_picked":["Rip and Tear","BootSequence"],"picked":"Loop","floor":1},{"not_picked":["Fusion","Turbo","Streamline"],"picked":"SKIP","floor":2},{"not_picked":["Compile Driver","Loop"],"picked":"Ball Lightning","floor":4},{"not_picked":["Compile Driver","Doom and Gloom"],"picked":"Tempest","floor":5},{"not_picked":["Compile Driver","Streamline"],"picked":"Melter","floor":6},{"not_picked":["Redo","Beam Cell","Stack"],"picked":"SKIP","floor":7},{"not_picked":["Turbo","Cold Snap"],"picked":"White Noise","floor":8},{"not_picked":["Beam Cell","Redo"],"picked":"Barrage","floor":13},{"not_picked":["Turbo","Stack"],"picked":"Ball Lightning","floor":15},{"not_picked":["Core Surge","Fission"],"picked":"Buffer+1","floor":16},{"not_picked":["Go for the Eyes","Beam Cell+1"],"picked":"Sweeping Beam","floor":18},{"not_picked":["Sweeping Beam+1","Fusion"],"picked":"Conserve Battery+1","floor":19},{"not_picked":["Cold Snap","Glacier","Compile Driver"],"picked":"SKIP","floor":22},{"not_picked":["Redo+1","Chaos"],"picked":"Ball Lightning+1","floor":23},{"not_picked":["Double Energy+1","Steam Power"],"picked":"Conserve Battery+1","floor":24},{"not_picked":["Cold Snap","Rebound+1","Go for the Eyes"],"picked":"SKIP","floor":25},{"not_picked":["Leap","Go for the Eyes"],"picked":"Fusion+1","floor":27}],"player_experience":205714,"relics_obtained":[{"floor":6,"key":"Nunchaku"},{"floor":9,"key":"Frozen Egg 2"},{"floor":24,"key":"Ancient Tea Set"},{"floor":26,"key":"Pen Nib"},{"floor":27,"key":"Pocketwatch"}],"event_choices":[{"damage_healed":0,"gold_gain":75,"player_choice":"Gather Gold","damage_taken":11,"max_hp_gain":0,"max_hp_loss":0,"event_name":"World of Goop","floor":3,"gold_loss":0},{"damage_healed":0,"gold_gain":0,"player_choice":"Entered Light","damage_taken":15,"max_hp_gain":0,"max_hp_loss":0,"event_name":"Shining Light","floor":11,"gold_loss":0,"cards_upgraded":["Defend_B","Loop"]},{"damage_healed":0,"gold_gain":0,"cards_transformed":["Tempest"],"player_choice":"Change","damage_taken":0,"max_hp_gain":0,"max_hp_loss":0,"event_name":"Living Wall","floor":12,"gold_loss":0,"cards_obtained":["Defragment"]},{"damage_healed":0,"gold_gain":0,"player_choice":"Searched \u00272\u0027 times","damage_taken":0,"relics_obtained":["Dream Catcher"],"max_hp_gain":0,"max_hp_loss":0,"event_name":"Dead Adventurer","floor":14,"gold_loss":0},{"damage_healed":0,"gold_gain":100,"player_choice":"Bet on Murderer","damage_taken":0,"max_hp_gain":0,"max_hp_loss":0,"event_name":"The Joust","floor":21,"gold_loss":50}],"is_beta":false,"boss_relics":[{"not_picked":["Snecko Eye","Calling Bell"],"picked":"Fusion Hammer"}],"items_purged_floors":[20],"is_endless":false,"potions_floor_spawned":[2,5,8,18,22],"killed_by":"Snake Plant","ascension_level":1}}