{"host":"ox77rn1xcurm2t5a","time":1610055134,"event":{"mods":["2.2 Compatiblity","AchievementEnabler","Act Like it!","Aspiration","BaseMod","Best Route Mod","Better Match","Better Note","Better Sensory Stone","Block Reminder","Colored Map","Colored Powertips","Conjunction","Conspire","Custom Start","Energized Spire","GifTheSpireLib","Gold Saver","Gremlin Skip","Halation","Highlight Path","Hubris","Infinite Spire","Minty Spire (QoL Compilation)","Pale of the Ancients","Quick Restart","Replay The Spire","Reworked Bosses","ShortenTheSpire","Spire Exporter","StSLib","Stuff the Spire","Wandering Minibosses","vexMod"],"gold_per_floor":[118,1222,1222,1222,1232,1232,1266,838,838,848,848,845,845,855,855,954,954,963,976,1726,1089,1089,1089,1089,1102,1102,1129,1143,1143,303,319,319,418,418,464,507,1548,1662,1662,1799,1931,2086,2086,2086,2086,2240,2403,2403,2403,2403,2403,2403,1726,1870,1921,1921],"floor_reached":55,"playtime":2436,"items_purged":["Strike_B","Strike_B","Strike_B","Strike_B"],"score":1643,"play_id":"b13e0edd-9091-42dd-940f-9de8be3c3bd1","local_time":"20210107233214","is_ascension_mode":true,"campfire_choices":[{"data":"Capacitor","floor":6.0,"key":"SMITH"},{"data":"Zap","floor":11.0,"key":"SMITH"},{"floor":13.0,"key":"RECALL"},{"data":"Dualcast","floor":15.0,"key":"SMITH"},{"data":"StuffTheSpire:ShieldGenerator","floor":23.0,"key":"SMITH"},{"floor":29.0,"key":"REST"},{"floor":32.0,"key":"REST"},{"data":"Gash","floor":45,"key":"SMITH"},{"data":"StuffTheSpire:BrainWave","floor":49,"key":"SMITH"},{"data":"StuffTheSpire:ShieldGenerator+1","floor":52,"key":"SMITH"}],"circlet_count":0,"master_deck":["AscendersBane","Defend_B","Defend_B","Defend_B","Zap+1","Dualcast+1","Capacitor+1","Ball Lightning+1","Gash+1","Storm+1","Gash+1","Electrodynamics+1","StuffTheSpire:ShieldGenerator+2","Self Repair+1","StuffTheSpire:Synthwave+1","Storm+1","Storm+1","Storm+1","Steam+1","StuffTheSpire:BrainWave+1","Heatsinks+1","Static Discharge+1"],"relics":["Cracked Core","NeowsBlessing","hubris:PeanutButter","Art of War","halation:LostSnail","Frozen Egg 2","halation:PrussianBluePaint","Orichalcum","Replay:Frozen Program","conspire:RoyalGoblet","wanderingMiniBosses:MasterThiefsPresence","ReplayTheSpireMod:Shallot","ReplayFunnel","infinitespire:Eraser","Golden Egg","Ancient Tea Set","halation:AfternoonTea","ClockworkSouvenir","infinitespire:EvilPickle","Whetstone","Frozen Eye","halation:PapillonHeart","Juzu Bracelet","aspiration:ChemicalBlood","Replay:Towering Pillar of Hats","Mango","halation:PromiseList","StuffTheSpire:Saxophone","halation:IllGainedPizza"],"acts_visited":["Exordium","TheCity","TheBeyond","TheEnding"],"potions_floor_usage":[40,40,42,54,55,55,55],"damage_taken":[{"damage":0.0,"enemies":"2 Louse","floor":1.0,"turns":1.0},{"damage":0.0,"enemies":"Jaw Worm","floor":5.0,"turns":1.0},{"damage":0.0,"enemies":"3 Sentries","floor":7.0,"turns":1.0},{"damage":0.0,"enemies":"Cultist","floor":10.0,"turns":3.0},{"damage":0.0,"enemies":"Exordium Wildlife","floor":12.0,"turns":7.0},{"damage":9.0,"enemies":"Large Slime","floor":14.0,"turns":5.0},{"damage":51.0,"enemies":"Slime Boss","floor":16.0,"turns":9.0},{"damage":20.0,"enemies":"Shell Parasite","floor":18.0,"turns":6.0},{"damage":9.0,"enemies":"Chosen","floor":19.0,"turns":6.0},{"damage":0.0,"enemies":"Centurion and Healer","floor":20.0,"turns":6.0},{"damage":0.0,"enemies":"Cultist and Chosen","floor":25.0,"turns":5.0},{"damage":33.0,"enemies":"Nightmare","floor":27.0,"turns":7.0},{"damage":4.0,"enemies":"Chosen and Byrds","floor":28.0,"turns":7.0},{"damage":0.0,"enemies":"Sentry and Sphere","floor":31.0,"turns":4.0},{"damage":41.0,"enemies":"Pondfish","floor":33.0,"turns":10.0},{"damage":0.0,"enemies":"3 Darklings","floor":35.0,"turns":4.0},{"damage":0.0,"enemies":"3 Shapes","floor":36.0,"turns":5.0},{"damage":0.0,"enemies":"3 Darklings","floor":38.0,"turns":4.0},{"damage":39,"enemies":"Nemesis","floor":40,"turns":7},{"damage":0,"enemies":"Writhing Mass","floor":41,"turns":6},{"damage":0,"enemies":"R_Hoarder","floor":42,"turns":7},{"damage":5,"enemies":"Transient","floor":46,"turns":5},{"damage":0,"enemies":"Spire Growth","floor":47,"turns":4},{"damage":48,"enemies":"Time Eater","floor":50,"turns":11},{"damage":27,"enemies":"Shield and Spear","floor":54,"turns":4},{"damage":73,"enemies":"The Heart","floor":55,"turns":6}],"seed_played":"461267545438746453","potions_obtained":[{"floor":16.0,"key":"Regen Potion"},{"floor":18.0,"key":"BlessingOfTheForge"},{"floor":19.0,"key":"Weak Potion"},{"floor":20.0,"key":"LiquidMemories"},{"floor":35.0,"key":"conspire:TimeTravelPotion"},{"floor":40,"key":"DistilledChaos"}],"is_trial":false,"path_per_floor":["M","$","?","?","M","R","E","$","T","M","R","M","R","M","R","B",null,"M","M","M","$","?","R","?","M","T","NM","M","R","$","M","R","B",null,"M","M","$","M","?","E","M","E","T","?","R","M","M","?","R","B",null,"R","$","E","B"],"character_chosen":"DEFECT","items_purchased":["Ball Lightning","Fruit Juice","Regen Potion","SpeedPotion","hubris:PeanutButter","Art of War","halation:LostSnail","Orichalcum","Replay:Frozen Program","Storm+1","ReplayTheSpireMod:Shallot","ReplayFunnel","PowerPotion","Dexterity Potion","StuffTheSpire:Synthwave+1","Ancient Tea Set","halation:AfternoonTea","Regen Potion","ClockworkSouvenir","Block Potion","SkillPotion","Storm+1","Whetstone","Frozen Eye","EssenceOfDarkness","Adrenaline Potion","Mango","halation:PromiseList","StuffTheSpire:Saxophone","Heatsinks+1"],"campfire_rested":2,"item_purchase_floors":[2,2,2,2,2,2,2,8,8,8,21,21,21,21,30,30,30,30,30,30,30,37,37,37,37,37,53,53,53,53],"current_hp_per_floor":[68,73,73,73,73,73,73,73,73,73,73,80,80,71,71,20,65,60,51,51,51,51,51,51,51,51,18,14,38,38,62,80,49,72,80,80,80,80,76,70,76,76,76,76,76,76,76,69,69,31,60,60,74,47,0,0],"gold":1921,"neow_bonus":"THREE_ENEMY_KILL","is_daily":false,"chose_seed":false,"campfire_upgraded":7,"win_rate":0.0,"timestamp":1610055134,"path_taken":["M","$","?","?","?","R","E","$","T","M","R","M","R","M","R","BOSS","M","M","M","$","?","R","?","M","T","NM","?","R","?","M","R","BOSS","M","M","$","M","?","E","M","E","T","?","R","M","M","?","R","BOSS","R","$","E","BOSS"],"items_purchased_type":["Card","Potion","Potion","Potion","Relic","Relic","Relic","Relic","Relic","Card","Relic","Relic","Potion","Potion","Card","Relic","Relic","Potion","Relic","Potion","Potion","Card","Relic","Relic","Potion","Potion","Relic","Relic","Relic","Card"],"build_version":"2020-12-22","purchased_purges":4,"victory":false,"max_hp_per_floor":[75,80,80,80,80,80,80,80,80,80,80,80,80,80,80,80,80,80,80,80,80,80,80,80,80,80,80,80,80,80,80,80,80,80,80,80,80,80,76,76,76,76,76,76,76,76,76,69,69,69,69,69,83,83,83,83],"card_choices":[{"not_picked":["hubris:Ukulele","Stack"],"picked":"Capacitor","floor":1.0},{"not_picked":["Melter","Cold Snap"],"picked":"Gash","floor":5.0},{"not_picked":["Cold Snap","Streamline","Blizzard"],"picked":"SKIP","floor":7.0},{"not_picked":["Streamline","Turbo","Beam Cell"],"picked":"SKIP","floor":10.0},{"not_picked":["StuffTheSpire:Rend","Sweeping Beam"],"picked":"Gash","floor":12.0},{"not_picked":["Go for the Eyes","StuffTheSpire:NuclearReactor","Panic Button"],"picked":"SKIP","floor":14.0},{"not_picked":["All For One","hubris:SpecializedCircuitry+1"],"picked":"Electrodynamics+1","floor":16.0},{"not_picked":["ReplayTheSpireMod:Repulse","Glacier"],"picked":"StuffTheSpire:ShieldGenerator","floor":18.0},{"not_picked":["Conserve Battery","Redo","Coolheaded"],"picked":"SKIP","floor":19.0},{"not_picked":["Compile Driver","Leap","Double Energy"],"picked":"SKIP","floor":20.0},{"not_picked":["Go for the Eyes","Cold Snap+1","StuffTheSpire:LoadUp+1"],"picked":"SKIP","floor":25.0},{"not_picked":["ReplayGash","Stack","ReplayTheSpireMod:GoodbyeWorld+1"],"picked":"SKIP","floor":27.0},{"not_picked":["ReplayGash","Stack","ReplayTheSpireMod:GoodbyeWorld+1"],"picked":"SKIP","floor":27.0},{"not_picked":["Cold Snap","Rip and Tear"],"picked":"Self Repair+1","floor":28.0},{"not_picked":["Doom and Gloom","Aggregate","Redo"],"picked":"SKIP","floor":31.0},{"not_picked":["Cold Snap","BasicCrystalCard","Recycle"],"picked":"SKIP","floor":35.0},{"not_picked":["hubris:PowerSurge+1","Rip and Tear","Stack+1"],"picked":"SKIP","floor":36.0},{"not_picked":["Compile Driver","Conserve Battery","Turbo"],"picked":"SKIP","floor":38.0},{"not_picked":["ReplaySort","Leap","Turbo"],"picked":"SKIP","floor":40},{"not_picked":["ReplaySolidLightProjector","aspiration:Polymerization+1"],"picked":"Storm+1","floor":41},{"not_picked":["StuffTheSpire:LoadUp","Ball Lightning"],"picked":"Storm+1","floor":42},{"not_picked":["Skim","Genetic Algorithm","Reprogram+1"],"picked":"SKIP","floor":46},{"not_picked":["ReplayGash","Stack"],"picked":"Steam+1","floor":47},{"not_picked":["Panic Button","Sunder"],"picked":"Static Discharge+1","floor":54}],"player_experience":2950715,"relics_obtained":[{"floor":7.0,"key":"halation:PrussianBluePaint"},{"floor":20.0,"key":"wanderingMiniBosses:MasterThiefsPresence"},{"floor":26.0,"key":"infinitespire:Eraser"},{"floor":27.0,"key":"Golden Egg"},{"floor":40,"key":"Juzu Bracelet"},{"floor":42,"key":"aspiration:ChemicalBlood"},{"floor":43,"key":"Replay:Towering Pillar of Hats"},{"floor":54,"key":"halation:IllGainedPizza"}],"event_choices":[{"cards_removed":["Injury"],"damage_healed":0.0,"max_hp_gain":0.0,"max_hp_loss":0.0,"gold_gain":0.0,"event_name":"Wheel of Change","player_choice":"Card Removal","floor":4.0,"gold_loss":0.0,"damage_taken":0.0},{"damage_healed":0.0,"max_hp_gain":0.0,"max_hp_loss":0.0,"gold_gain":0.0,"event_name":"The Woman in Blue","player_choice":"Bought 0 Potions","floor":24.0,"gold_loss":0.0,"damage_taken":0.0},{"cards_removed":["Defend_B"],"damage_healed":0,"gold_gain":0,"player_choice":"Removed Skill","damage_taken":0,"max_hp_gain":0,"max_hp_loss":0,"event_name":"Falling","floor":44,"gold_loss":0}],"is_beta":false,"boss_relics":[{"not_picked":["halation:ForbiddenBikini","Replay:Wanted Poster"],"picked":"conspire:RoyalGoblet"},{"not_picked":["hubris:Stopwatch","StuffTheSpire:Kangaroo","Abe\u0027s Treasure"]}],"items_purged_floors":[2,8,21,30],"is_endless":false,"potions_floor_spawned":[7,10,16,18,19,20,35,38,40,54],"killed_by":"The Heart","ascension_level":12}}