{"host":"9vecvdjkx64cw9bo","time":1610008472,"event":{"mods":["Ascension Unlocker","BaseMod","Custom Start","Keyboard Shortcuts","Minty Spire (QoL Compilation)","Quick Restart","StSLib","SuperFastMode"],"gold_per_floor":[116,133,19,19,19,19,47,47,47,47,61,80,99,99,111,195,207,197,228,240,240],"floor_reached":20,"playtime":420,"items_purged":["Strike_B"],"score":348,"play_id":"a7a2ca63-4ab6-407e-9fca-cb238ede1235","local_time":"20210107173432","is_ascension_mode":true,"campfire_choices":[{"data":"Zap","floor":6.0,"key":"SMITH"},{"data":"Chaos","floor":8.0,"key":"SMITH"},{"data":"Aggregate","floor":15.0,"key":"SMITH"}],"circlet_count":0,"master_deck":["AscendersBane","Strike_B","Strike_B","Defend_B","Defend_B","Defend_B","Defend_B","Zap+1","Dualcast","Chaos+1","Chill","Gash","Turbo","Capacitor","Aggregate+1","Compile Driver","Electrodynamics","Glacier","Coolheaded"],"relics":["Cracked Core","Thread and Needle","Mercury Hourglass","MawBank","Philosopher\u0027s Stone"],"acts_visited":["Exordium","TheCity"],"potions_floor_usage":[],"damage_taken":[{"damage":11.0,"enemies":"Jaw Worm","floor":1.0,"turns":4.0},{"damage":2.0,"enemies":"Cultist","floor":2.0,"turns":4.0},{"damage":39.0,"enemies":"3 Sentries","floor":7.0,"turns":10.0},{"damage":0.0,"enemies":"Small Slimes","floor":11.0,"turns":3.0},{"damage":16.0,"enemies":"Exordium Wildlife","floor":12.0,"turns":4.0},{"damage":12.0,"enemies":"Gremlin Gang","floor":13.0,"turns":4.0},{"damage":32.0,"enemies":"Hexaghost","floor":16.0,"turns":10.0},{"damage":23,"enemies":"2 Thieves","floor":18,"turns":4},{"damage":25,"enemies":"Spheric Guardian","floor":19,"turns":6},{"damage":12,"enemies":"Snecko","floor":20,"turns":4}],"seed_played":"7712486899536984015","potions_obtained":[{"floor":11.0,"key":"Ancient Potion"},{"floor":12.0,"key":"EssenceOfSteel"}],"is_trial":false,"path_per_floor":["M","M","$","?","$","R","E","R","T","?","M","M","M","?","R","B",null,"M","M","M"],"character_chosen":"DEFECT","items_purchased":["Scrape"],"campfire_rested":0,"item_purchase_floors":[3],"current_hp_per_floor":[53,51,51,51,51,51,12,12,12,71,71,55,43,43,43,11,56,33,8,0,0],"gold":240,"neow_bonus":"THREE_CARDS","is_daily":false,"chose_seed":false,"campfire_upgraded":3,"win_rate":0.0,"timestamp":1610008472,"path_taken":["M","M","$","?","?","R","E","R","T","?","M","?","M","?","R","BOSS","M","M","?"],"items_purchased_type":["Card"],"build_version":"2020-12-22","purchased_purges":1,"victory":false,"max_hp_per_floor":[71,71,71,71,71,71,71,71,71,71,71,71,71,71,71,71,71,71,71,71,71],"card_choices":[{"not_picked":["Self Repair","Storm"],"picked":"Chaos","floor":0.0},{"not_picked":["Sweeping Beam","Leap"],"picked":"Chill","floor":1.0},{"not_picked":["Turbo","Barrage"],"picked":"Gash","floor":2.0},{"not_picked":["Recycle","Defragment"],"picked":"Turbo","floor":7.0},{"not_picked":["Go for the Eyes","Glacier"],"picked":"Capacitor","floor":11.0},{"not_picked":["Aggregate","Lockon","Redo"],"picked":"SKIP","floor":12.0},{"not_picked":["Lockon","Redo"],"picked":"Aggregate","floor":12.0},{"not_picked":["Redo","Force Field"],"picked":"Compile Driver","floor":13.0},{"not_picked":["Rainbow","Biased Cognition"],"picked":"Electrodynamics","floor":16.0},{"not_picked":["Scrape","Steam+1"],"picked":"Glacier","floor":18},{"not_picked":["Storm","Go for the Eyes"],"picked":"Coolheaded","floor":19}],"player_experience":779863,"relics_obtained":[{"floor":7.0,"key":"Thread and Needle"},{"floor":9.0,"key":"Mercury Hourglass"}],"event_choices":[{"cards_removed":["Strike_B"],"damage_healed":0.0,"max_hp_gain":0.0,"max_hp_loss":0.0,"gold_gain":0.0,"event_name":"Purifier","player_choice":"Purged","floor":4.0,"gold_loss":0.0,"damage_taken":0.0},{"cards_removed":["Scrape"],"damage_healed":59.0,"max_hp_gain":0.0,"max_hp_loss":0.0,"gold_gain":0.0,"event_name":"Bonfire Elementals","player_choice":"Offered Uncommon","floor":10.0,"gold_loss":0.0,"damage_taken":0.0},{"damage_healed":0.0,"max_hp_gain":0.0,"max_hp_loss":0.0,"gold_gain":0.0,"event_name":"WeMeetAgain","player_choice":"Gave Potion","floor":14.0,"gold_loss":0.0,"damage_taken":0.0,"relics_obtained":["MawBank"]}],"is_beta":false,"boss_relics":[{"not_picked":["Coffee Dripper","Calling Bell"],"picked":"Philosopher\u0027s Stone"}],"items_purged_floors":[3],"is_endless":false,"potions_floor_spawned":[11,12],"killed_by":"Snecko","ascension_level":20}}