{"host":"kg61lsvem4dxoat8","time":1610028650,"event":{"mods":["BaseMod","Colored Powertips","Minty Spire (QoL Compilation)","Quick Restart","Rare Cards Sparkle","Relic Stats","slay the spire mod where everything is the same but ironclad has a cowboy hat"],"gold_per_floor":[115,290,290,290,290,290,315,315,315,315,354,354,187,203,203,328,328,352,352,365,280,294,312,312,351,378,396,396,419,435,97,97,218,218,236,236,257,270,44,80,105,105,105,0,35,35,35],"floor_reached":46,"playtime":1102,"items_purged":["Doubt","Strike_P"],"score":523,"play_id":"71d905ce-bb1d-470e-ba3a-14a59bc14e3b","local_time":"20210107221050","is_ascension_mode":false,"campfire_choices":[{"data":"BattleHymn","floor":6.0,"key":"SMITH"},{"data":"Tantrum","floor":8.0,"key":"SMITH"},{"data":"Vigilance","floor":10.0,"key":"SMITH"},{"floor":12.0,"key":"REST"},{"data":"Bandage Up","floor":15.0,"key":"SMITH"},{"data":"Crescendo","floor":24.0,"key":"SMITH"},{"data":"Vault","floor":28.0,"key":"SMITH"},{"data":"Finesse","floor":32.0,"key":"SMITH"}],"circlet_count":0,"master_deck":["Strike_P","Strike_P","Defend_P","Defend_P+1","Defend_P","Defend_P","Eruption+1","Vigilance+1","BattleHymn+1","Tantrum+1","Bandage Up+1","Vault+1","Crescendo+1","Evaluate+1","Finesse+1","ClearTheMind","FlurryOfBlows+1","WindmillStrike","Adaptation+1","FearNoEvil","DevaForm"],"relics":["PureWater","NeowsBlessing","Golden Idol","Lizard Tail","Busted Crown","Blood Vial","Toy Ornithopter","Vajra","Pen Nib","Philosopher\u0027s Stone","Sling","Bronze Scales","Bottled Lightning","Red Mask","Potion Belt"],"acts_visited":["Exordium","TheCity","TheBeyond"],"potions_floor_usage":[33,37,38,45],"damage_taken":[{"damage":0.0,"enemies":"2 Louse","floor":1.0,"turns":1.0},{"damage":0.0,"enemies":"Jaw Worm","floor":7.0,"turns":1.0},{"damage":0.0,"enemies":"Lagavulin","floor":11.0,"turns":1.0},{"damage":2.0,"enemies":"Small Slimes","floor":14.0,"turns":3.0},{"damage":33.0,"enemies":"The Guardian","floor":16.0,"turns":10.0},{"damage":0.0,"enemies":"Spheric Guardian","floor":18.0,"turns":4.0},{"damage":0.0,"enemies":"Chosen","floor":20.0,"turns":3.0},{"damage":11.0,"enemies":"Snake Plant","floor":22.0,"turns":4.0},{"damage":8.0,"enemies":"Shelled Parasite and Fungi","floor":23.0,"turns":4.0},{"damage":3.0,"enemies":"Book of Stabbing","floor":25.0,"turns":4.0},{"damage":13.0,"enemies":"Sentry and Sphere","floor":27.0,"turns":4.0},{"damage":17.0,"enemies":"Snake Plant","floor":29.0,"turns":2.0},{"damage":6.0,"enemies":"Snecko","floor":30.0,"turns":3.0},{"damage":28,"enemies":"Automaton","floor":33,"turns":9},{"damage":0,"enemies":"Orb Walker","floor":35,"turns":3},{"damage":6,"enemies":"3 Shapes","floor":37,"turns":5},{"damage":17,"enemies":"3 Darklings","floor":38,"turns":4},{"damage":22,"enemies":"Nemesis","floor":40,"turns":4},{"damage":0,"enemies":"Transient","floor":41,"turns":6},{"damage":12,"enemies":"Giant Head","floor":45,"turns":5},{"damage":12,"enemies":"Maw","floor":46,"turns":3}],"seed_played":"-2301722045889776715","potions_obtained":[{"floor":11.0,"key":"SpeedPotion"},{"floor":16.0,"key":"Ancient Potion"},{"floor":20.0,"key":"Weak Potion"},{"floor":25.0,"key":"StancePotion"},{"floor":29.0,"key":"Fruit Juice"},{"floor":33,"key":"Swift Potion"},{"floor":37,"key":"AttackPotion"},{"floor":38,"key":"SpeedPotion"},{"floor":41,"key":"ColorlessPotion"},{"floor":45,"key":"Ambrosia"}],"is_trial":false,"path_per_floor":["M","?","?","?","?","R","M","R","T","R","E","R","$","M","R","B",null,"M","?","M","?","M","M","R","E","T","M","R","M","M","$","R","B",null,"M","?","M","M","$","E","M","$","T","?","E","M"],"character_chosen":"WATCHER","items_purchased":["Bandage Up","Finesse","Pen Nib","Sling","WindmillStrike"],"campfire_rested":1,"item_purchase_floors":[13,31,31,39,39],"current_hp_per_floor":[72,72,54,59,44,44,44,44,44,44,44,67,67,69,69,42,77,77,77,77,77,66,66,66,71,71,69,69,69,71,71,71,56,82,82,82,76,71,71,57,65,65,65,65,66,62,62],"gold":35,"neow_bonus":"THREE_ENEMY_KILL","is_daily":false,"chose_seed":false,"campfire_upgraded":7,"win_rate":0.0,"timestamp":1610028650,"path_taken":["M","?","?","?","?","R","M","R","T","R","E","R","$","M","R","BOSS","M","?","M","?","M","M","R","E","T","M","R","M","M","$","R","BOSS","M","?","M","M","$","E","M","$","T","?","E","M"],"items_purchased_type":["Card","Card","Relic","Relic","Card"],"build_version":"2020-12-22","purchased_purges":2,"victory":false,"max_hp_per_floor":[72,72,72,77,77,77,77,77,77,77,77,77,77,77,77,77,77,77,77,77,77,77,77,77,77,77,77,77,82,82,82,82,82,82,82,82,82,82,82,82,82,82,82,82,82,82,82],"relic_stats":{"Blood Vial":22,"Lizard Tail":0,"Busted Crown":30,"counters":[21,83],"Golden Idol":130,"Bronze Scales":[24],"Pen Nib":[9],"obtain_stats":[{"Potion Belt":45,"NeowsBlessing":0,"Golden Idol":3,"Vajra":26,"Pen Nib":31,"Sling":39,"Blood Vial":21,"Lizard Tail":11,"Busted Crown":17,"Bronze Scales":40,"Philosopher\u0027s Stone":34,"Red Mask":44,"Bottled Lightning":43,"PureWater":0,"Toy Ornithopter":25},{"Potion Belt":20,"NeowsBlessing":0,"Golden Idol":1,"Vajra":10,"Pen Nib":13,"Sling":17,"Blood Vial":7,"Lizard Tail":3,"Busted Crown":5,"Bronze Scales":18,"Philosopher\u0027s Stone":14,"Red Mask":19,"Bottled Lightning":19,"PureWater":0,"Toy Ornithopter":10},{"Potion Belt":80,"NeowsBlessing":0,"Golden Idol":1,"Vajra":35,"Pen Nib":44,"Sling":65,"Blood Vial":23,"Lizard Tail":3,"Busted Crown":16,"Bronze Scales":69,"Philosopher\u0027s Stone":53,"Red Mask":75,"Bottled Lightning":75,"PureWater":0,"Toy Ornithopter":35}],"Toy Ornithopter":28},"card_choices":[{"not_picked":["Consecrate","FlyingSleeves"],"picked":"BattleHymn","floor":1.0},{"not_picked":["CutThroughFate","EmptyFist"],"picked":"Tantrum","floor":7.0},{"not_picked":["Study","FollowUp","Evaluate"],"picked":"SKIP","floor":11.0},{"not_picked":["FearNoEvil","JustLucky","SignatureMove"],"picked":"SKIP","floor":14.0},{"not_picked":["Wish","Brilliance"],"picked":"Vault","floor":16.0},{"not_picked":[],"picked":"Crescendo","floor":18.0},{"not_picked":["Vengeance"],"picked":"SKIP","floor":20.0},{"not_picked":["EmptyBody+1"],"picked":"SKIP","floor":22.0},{"not_picked":["JustLucky+1"],"picked":"SKIP","floor":23.0},{"not_picked":["Consecrate"],"picked":"SKIP","floor":25.0},{"not_picked":[],"picked":"Evaluate+1","floor":27.0},{"not_picked":["BowlingBash"],"picked":"SKIP","floor":29.0},{"not_picked":["WindmillStrike"],"picked":"SKIP","floor":30.0},{"not_picked":[],"picked":"ClearTheMind","floor":35},{"not_picked":[],"picked":"FlurryOfBlows+1","floor":37},{"not_picked":["BowlingBash"],"picked":"SKIP","floor":38},{"not_picked":[],"picked":"Adaptation+1","floor":40},{"not_picked":[],"picked":"FearNoEvil","floor":41},{"not_picked":[],"picked":"DevaForm","floor":45}],"player_experience":1317326,"relics_obtained":[{"floor":11.0,"key":"Lizard Tail"},{"floor":25.0,"key":"Toy Ornithopter"},{"floor":26.0,"key":"Vajra"},{"floor":40,"key":"Bronze Scales"},{"floor":43,"key":"Bottled Lightning"},{"floor":45,"key":"Potion Belt"}],"event_choices":[{"damage_healed":0.0,"max_hp_gain":0.0,"max_hp_loss":0.0,"gold_gain":175.0,"event_name":"Liars Game","player_choice":"AGREE","floor":2.0,"gold_loss":0.0,"damage_taken":0.0,"cards_obtained":["Doubt"]},{"damage_healed":0.0,"max_hp_gain":0.0,"max_hp_loss":0.0,"gold_gain":0.0,"event_name":"Golden Idol","player_choice":"Take Damage","floor":3.0,"gold_loss":0.0,"damage_taken":18.0,"relics_obtained":["Golden Idol"]},{"damage_healed":0.0,"max_hp_gain":5.0,"max_hp_loss":0.0,"gold_gain":0.0,"event_name":"Big Fish","player_choice":"Donut","floor":4.0,"gold_loss":0.0,"damage_taken":0.0},{"damage_healed":0.0,"max_hp_gain":0.0,"max_hp_loss":0.0,"gold_gain":0.0,"event_name":"Shining Light","player_choice":"Entered Light","floor":5.0,"gold_loss":0.0,"damage_taken":15.0,"cards_upgraded":["Defend_P","Eruption"]},{"damage_healed":0.0,"max_hp_gain":0.0,"max_hp_loss":0.0,"gold_gain":0.0,"event_name":"Ghosts","player_choice":"Ignored","floor":19.0,"gold_loss":0.0,"damage_taken":0.0},{"damage_healed":0.0,"max_hp_gain":0.0,"max_hp_loss":0.0,"gold_gain":0.0,"event_name":"Addict","player_choice":"Obtained Relic","floor":21.0,"gold_loss":85.0,"damage_taken":0.0,"relics_obtained":["Blood Vial"]},{"cards_removed":["Strike_P"],"damage_healed":0,"gold_gain":0,"player_choice":"Removed Attack","damage_taken":0,"max_hp_gain":0,"max_hp_loss":0,"event_name":"Falling","floor":36,"gold_loss":0},{"damage_healed":0,"gold_gain":0,"player_choice":"Paid","damage_taken":0,"relics_obtained":["Red Mask"],"max_hp_gain":0,"max_hp_loss":0,"event_name":"Tomb of Lord Red Mask","floor":44,"gold_loss":105}],"is_beta":false,"boss_relics":[{"not_picked":["VioletLotus","Tiny House"],"picked":"Busted Crown"},{"not_picked":["Cursed Key","Velvet Choker"],"picked":"Philosopher\u0027s Stone"}],"items_purged_floors":[13,31],"is_endless":false,"potions_floor_spawned":[11,16,20,25,29,33,37,38,41,45],"killed_by":"Maw","ascension_level":0}}