{"host":"ig7tc0uedzltt2sr","time":1610054363,"event":{"mods":["BaseMod","Better Twitch Integration","Block Reminder","Colored Map","Colored Powertips","Communication Mod","Current Relic Mod","GifTheSpireLib","HexUI Lib","Minty Spire (QoL Compilation)","Quick Restart","Random Character Button","Rare Cards Sparkle","Relic Sorter","Relic Stats","Slay the Relics Exporter","StSLib","SuperFastMode","Synergy Search","Twitch Decklist","Twitch Utils","everything is the same but u backflip on backflip","slay the spire mod where everything is the same but ironclad has a cowboy hat"],"gold_per_floor":[117,47,47,47,71,109,109,133,133,148,171,195,214,229,229,229,229],"floor_reached":16,"playtime":90,"items_purged":[],"score":131,"play_id":"2a322426-a12a-418c-8d30-39a2801c6f3c","local_time":"20210107131923","is_ascension_mode":false,"campfire_choices":[{"data":"Strike_R","floor":15,"key":"SMITH"}],"circlet_count":0,"master_deck":["Strike_R+1","Strike_R","Strike_R","Strike_R","Strike_R","Defend_R","Defend_R","Defend_R","Defend_R","Bash","Headbutt","Metallicize","Injury","Blood for Blood","Wild Strike","Regret","Reckless Charge","Sever Soul","Armaments","Bludgeon","Rampage","Blood for Blood"],"relics":["Burning Blood","NeowsBlessing","Golden Idol","Sundial","InkBottle"],"acts_visited":["Exordium"],"potions_floor_usage":[],"damage_taken":[{"damage":1,"enemies":"Jaw Worm","floor":1,"turns":2},{"damage":0,"enemies":"Small Slimes","floor":5,"turns":1},{"damage":0,"enemies":"Lagavulin","floor":6,"turns":2},{"damage":6,"enemies":"Cultist","floor":8,"turns":3},{"damage":12,"enemies":"Blue Slaver","floor":10,"turns":4},{"damage":21,"enemies":"Looter","floor":11,"turns":4},{"damage":23,"enemies":"Large Slime","floor":12,"turns":7},{"damage":6,"enemies":"2 Fungi Beasts","floor":13,"turns":3},{"damage":12,"enemies":"Blue Slaver","floor":14,"turns":2},{"damage":41,"enemies":"Hexaghost","floor":16,"turns":7}],"seed_played":"682592402251629922","potions_obtained":[{"floor":1,"key":"Energy Potion"},{"floor":6,"key":"AttackPotion"},{"floor":10,"key":"SpeedPotion"},{"floor":12,"key":"LiquidMemories"},{"floor":13,"key":"Ancient Potion"}],"is_trial":false,"path_per_floor":["M","$","?","?","M","E","?","M","T","M","M","M","M","M","R","B"],"character_chosen":"IRONCLAD","items_purchased":["Metallicize"],"campfire_rested":0,"item_purchase_floors":[2],"current_hp_per_floor":[80,80,80,80,80,80,80,80,80,74,59,42,42,36,36,0,0],"gold":229,"neow_bonus":"THREE_ENEMY_KILL","is_daily":false,"chose_seed":false,"campfire_upgraded":1,"win_rate":0.0,"timestamp":1610054363,"path_taken":["M","$","?","?","M","E","?","M","T","M","M","M","M","M","R","BOSS"],"items_purchased_type":["Card"],"build_version":"2020-12-22","purchased_purges":0,"victory":false,"max_hp_per_floor":[80,80,80,80,80,80,80,80,80,80,80,80,80,80,80,80,80],"relic_stats":{"counters":[10,35],"Golden Idol":38,"Sundial":[2],"obtain_stats":[{"NeowsBlessing":0,"Golden Idol":3,"Sundial":6,"Burning Blood":0,"InkBottle":7},{"NeowsBlessing":0,"Golden Idol":1,"Sundial":3,"Burning Blood":0,"InkBottle":3},{"NeowsBlessing":0,"Golden Idol":2,"Sundial":5,"Burning Blood":0,"InkBottle":5}],"Burning Blood":37,"InkBottle":[5]},"card_choices":[{"not_picked":["Ghostly Armor","Twin Strike"],"picked":"Headbutt","floor":1},{"not_picked":["Sword Boomerang","Anger"],"picked":"Blood for Blood","floor":5},{"not_picked":["Body Slam","Iron Wave"],"picked":"Wild Strike","floor":6},{"not_picked":["Thunderclap","Searing Blow"],"picked":"Reckless Charge","floor":8},{"not_picked":["Thunderclap","Entrench"],"picked":"Sever Soul","floor":10},{"not_picked":["Thunderclap","Twin Strike"],"picked":"Armaments","floor":11},{"not_picked":["Body Slam","Perfected Strike"],"picked":"Bludgeon","floor":12},{"not_picked":["Anger","Headbutt"],"picked":"Rampage","floor":13},{"not_picked":["Sever Soul","Anger"],"picked":"Blood for Blood","floor":14}],"player_experience":1454710,"relics_obtained":[{"floor":6,"key":"Sundial"}],"event_choices":[{"damage_healed":0,"gold_gain":0,"player_choice":"Take Wound","damage_taken":0,"relics_obtained":["Golden Idol"],"max_hp_gain":0,"max_hp_loss":0,"event_name":"Golden Idol","floor":3,"gold_loss":0,"cards_obtained":["Injury"]},{"damage_healed":0,"gold_gain":0,"player_choice":"Ignored","damage_taken":0,"max_hp_gain":0,"max_hp_loss":0,"event_name":"Shining Light","floor":4,"gold_loss":0},{"damage_healed":0,"gold_gain":0,"player_choice":"Box","damage_taken":0,"relics_obtained":["InkBottle"],"max_hp_gain":0,"max_hp_loss":0,"event_name":"Big Fish","floor":7,"gold_loss":0,"cards_obtained":["Regret"]}],"is_beta":false,"boss_relics":[],"items_purged_floors":[],"is_endless":false,"potions_floor_spawned":[1,6,10,12,13],"killed_by":"Hexaghost","ascension_level":0}}