{"host":"nc9kxycvldgbp2kx","time":1610033792,"event":{"mods":["2.2 Compatiblity","AchievementEnabler","AlwaysNeverKeys","BaseMod","Better Altar","Better Match","Better Note","Better Sensory Stone","Better Skull","Better Third Choice","Better Vampires","Block Reminder","Colored Powertips","Curses Come First","GifTheSpireLib","Highlight Path","Minty Spire (QoL Compilation)","Permanent Neow","Quick Restart","Random Character Button","Rare Cards Sparkle","Relic Sorter","Relic Stats","Spicy Shops","StSLib","Transform Curses"],"gold_per_floor":[209,223,223,223,78,78,91,91,165,185,196,210,210,224,224,324,324,335,348,348,359,110,110,110,135,135,135,150,76,1,14,14,115,115,131,0,17,35,55,55,83,83,162,162,195,195,195,208,208,208,208,208,12,38,38],"floor_reached":56,"playtime":16447,"items_purged":["Defend_G","Strike_G","Strike_G"],"score":1219,"play_id":"621e50d8-a62a-47d5-9c2b-62efecc80fbf","local_time":"20210107163632","is_ascension_mode":false,"campfire_choices":[{"data":"Neutralize","floor":6.0,"key":"SMITH"},{"data":"Concentrate","floor":15.0,"key":"SMITH"},{"data":"Noxious Fumes","floor":23.0,"key":"SMITH"},{"floor":32.0,"key":"REST"},{"data":"Underhanded Strike","floor":40.0,"key":"SMITH"},{"data":"Expertise","floor":42.0,"key":"SMITH"},{"data":"Underhanded Strike","floor":44.0,"key":"SMITH"},{"data":"Deflect","floor":49.0,"key":"SMITH"},{"data":"Backflip","floor":52.0,"key":"SMITH"}],"circlet_count":0,"master_deck":["Strike_G+1","Strike_G","Defend_G","Survivor","Neutralize+1","Backflip+1","Prepared+1","Noxious Fumes+1","Infinite Blades","Concentrate+1","Underhanded Strike+1","Backstab+1","Underhanded Strike+1","Strike_G","Noxious Fumes","Dagger Throw","Expertise+1","Expertise+1","Deflect+1","Tactician+1","Prepared+1","Thinking Ahead+1","Underhanded Strike"],"relics":["Ring of the Snake","Letter Opener","Incense Burner","HoveringKite","Sling","Anchor","Oddly Smooth Stone","WristBlade","Red Mask","Ornamental Fan","Pantograph","Bronze Scales","Bottled Lightning"],"acts_visited":["Exordium","TheCity","TheBeyond","TheEnding"],"potions_floor_usage":[55,55,55],"damage_taken":[{"damage":0.0,"enemies":"Small Slimes","floor":1.0,"turns":3.0},{"damage":0.0,"enemies":"Jaw Worm","floor":2.0,"turns":5.0},{"damage":1.0,"enemies":"Cultist","floor":7.0,"turns":4.0},{"damage":4.0,"enemies":"Blue Slaver","floor":10.0,"turns":4.0},{"damage":0.0,"enemies":"Lots of Slimes","floor":11.0,"turns":3.0},{"damage":2.0,"enemies":"Looter","floor":12.0,"turns":4.0},{"damage":0.0,"enemies":"3 Louse","floor":14.0,"turns":4.0},{"damage":37.0,"enemies":"The Guardian","floor":16.0,"turns":10.0},{"damage":18.0,"enemies":"Spheric Guardian","floor":18.0,"turns":4.0},{"damage":11.0,"enemies":"Shell Parasite","floor":19.0,"turns":5.0},{"damage":4.0,"enemies":"Chosen and Byrds","floor":21.0,"turns":6.0},{"damage":17.0,"enemies":"Book of Stabbing","floor":25.0,"turns":4.0},{"damage":15.0,"enemies":"Snecko","floor":28.0,"turns":5.0},{"damage":20.0,"enemies":"Sentry and Sphere","floor":31.0,"turns":4.0},{"damage":20.0,"enemies":"Automaton","floor":33.0,"turns":6.0},{"damage":0.0,"enemies":"3 Darklings","floor":35.0,"turns":3.0},{"damage":1.0,"enemies":"Orb Walker","floor":37.0,"turns":3.0},{"damage":0.0,"enemies":"Transient","floor":38.0,"turns":5.0},{"damage":14.0,"enemies":"Sphere and 2 Shapes","floor":39.0,"turns":4.0},{"damage":3.0,"enemies":"Giant Head","floor":41.0,"turns":5.0},{"damage":7.0,"enemies":"Nemesis","floor":45.0,"turns":3.0},{"damage":0.0,"enemies":"4 Shapes","floor":48.0,"turns":3.0},{"damage":15.0,"enemies":"Donu and Deca","floor":50.0,"turns":6.0},{"damage":0.0,"enemies":"Shield and Spear","floor":54.0,"turns":3.0},{"damage":68,"enemies":"The Heart","floor":55,"turns":6}],"seed_played":"5317634217660125468","potions_obtained":[{"floor":1.0,"key":"Block Potion"},{"floor":7.0,"key":"Poison Potion"},{"floor":14.0,"key":"Fire Potion"},{"floor":16.0,"key":"GamblersBrew"},{"floor":21.0,"key":"FairyPotion"},{"floor":31.0,"key":"AttackPotion"},{"floor":33.0,"key":"Swift Potion"},{"floor":37.0,"key":"EssenceOfSteel"},{"floor":41.0,"key":"Regen Potion"}],"is_trial":false,"path_per_floor":["M","M","?","?","$","R","M","$","T","M","M","M","T","M","R","B",null,"M","M","?","M","$","R","?","E","T","?","M","$","?","M","R","B",null,"M","?","M","M","M","R","E","R","T","R","E","?","?","M","R","B",null,"R","$","E","B",null],"character_chosen":"THE_SILENT","items_purchased":["Noxious Fumes","Sling","Expertise","DuplicationPotion"],"campfire_rested":1,"item_purchase_floors":[5,22,29,53],"current_hp_per_floor":[70,70,63,49,49,49,48,48,48,44,44,42,42,42,42,5,70,52,41,41,37,37,37,37,20,20,20,5,5,5,11,32,12,70,70,70,69,69,55,55,52,52,52,52,45,45,45,45,45,55,70,70,70,70,13],"gold":38,"neow_bonus":"HUNDRED_GOLD","is_daily":false,"chose_seed":false,"campfire_upgraded":8,"win_rate":0.0,"timestamp":1610033792,"path_taken":["M","M","?","?","$","R","M","?","T","?","M","M","?","M","R","BOSS","M","M","?","?","?","R","?","E","T","?","M","$","?","?","R","BOSS","M","?","M","M","M","R","E","R","T","R","E","?","?","M","R","BOSS","R","$","E","BOSS"],"items_purchased_type":["Card","Relic","Card","Potion"],"build_version":"2020-12-22","purchased_purges":3,"victory":true,"max_hp_per_floor":[70,70,70,70,70,70,70,70,70,70,70,70,70,70,70,70,70,70,70,70,70,70,70,70,70,70,70,70,70,70,70,70,70,70,70,70,70,70,70,70,70,70,70,70,70,70,70,70,70,70,70,70,70,70,70],"relic_stats":{"counters":[25,112],"Ornamental Fan":[140],"Pantograph":25,"Bronze Scales":[79],"HoveringKite":[61],"Letter Opener":[521],"obtain_stats":[{"HoveringKite":17,"Oddly Smooth Stone":26,"Incense Burner":13,"Letter Opener":9,"Sling":22,"Anchor":25,"WristBlade":34,"Ornamental Fan":41,"Pantograph":43,"Bronze Scales":45,"Red Mask":36,"Bottled Lightning":54,"Ring of the Snake":0},{"HoveringKite":8,"Oddly Smooth Stone":12,"Incense Burner":6,"Letter Opener":3,"Sling":11,"Anchor":12,"WristBlade":15,"Ornamental Fan":20,"Pantograph":20,"Bronze Scales":21,"Red Mask":16,"Bottled Lightning":24,"Ring of the Snake":0},{"HoveringKite":37,"Oddly Smooth Stone":56,"Incense Burner":23,"Letter Opener":12,"Sling":52,"Anchor":56,"WristBlade":71,"Ornamental Fan":91,"Pantograph":91,"Bronze Scales":94,"Red Mask":74,"Bottled Lightning":106,"Ring of the Snake":0}],"Ring of the Snake":[50]},"card_choices":[{"not_picked":["Well Laid Plans","Skewer"],"picked":"Backflip","floor":1.0},{"not_picked":["Deadly Poison","Leg Sweep"],"picked":"Prepared","floor":2.0},{"not_picked":["Quick Slash","Sucker Punch"],"picked":"Infinite Blades","floor":7.0},{"not_picked":["Acrobatics","Slice","Bouncing Flask"],"picked":"SKIP","floor":10.0},{"not_picked":["Deflect","Deadly Poison"],"picked":"Concentrate","floor":11.0},{"not_picked":["Dagger Throw","Dagger Spray","Outmaneuver"],"picked":"SKIP","floor":12.0},{"not_picked":["Well Laid Plans","Bane"],"picked":"Underhanded Strike","floor":14.0},{"not_picked":["Well Laid Plans","Outmaneuver+1"],"picked":"Backstab+1","floor":18.0},{"not_picked":["Dagger Spray","Backflip"],"picked":"Underhanded Strike","floor":19.0},{"not_picked":["Dodge and Roll","Cloak And Dagger"],"picked":"Noxious Fumes","floor":21.0},{"not_picked":["Sucker Punch+1","Flying Knee","Slice"],"picked":"SKIP","floor":25.0},{"not_picked":["PiercingWail+1","Concentrate"],"picked":"Dagger Throw","floor":28.0},{"not_picked":["Riddle With Holes","Cloak And Dagger+1","Die Die Die"],"picked":"SKIP","floor":31.0},{"not_picked":["Outmaneuver","Dagger Spray+1","Distraction"],"picked":"SKIP","floor":35.0},{"not_picked":["Dagger Spray","Backflip+1"],"picked":"Expertise+1","floor":37.0},{"not_picked":["Masterful Stab","Sucker Punch+1","Bane+1"],"picked":"SKIP","floor":38.0},{"not_picked":["Crippling Poison","PiercingWail+1"],"picked":"Deflect","floor":39.0},{"not_picked":["Cloak And Dagger","Flying Knee+1"],"picked":"Tactician+1","floor":41.0},{"not_picked":["Deflect","Dagger Spray+1"],"picked":"Prepared+1","floor":45.0},{"not_picked":["Forethought","Purity"],"picked":"Thinking Ahead","floor":46.0},{"not_picked":["Poisoned Stab+1","Distraction","Sucker Punch+1"],"picked":"SKIP","floor":48.0},{"not_picked":["Cloak And Dagger+1","Dagger Throw+1"],"picked":"Underhanded Strike","floor":54.0}],"player_experience":240456,"relics_obtained":[{"floor":9.0,"key":"Letter Opener"},{"floor":13.0,"key":"Incense Burner"},{"floor":25.0,"key":"Anchor"},{"floor":26.0,"key":"Oddly Smooth Stone"},{"floor":41.0,"key":"Ornamental Fan"},{"floor":43.0,"key":"Pantograph"},{"floor":45.0,"key":"Bronze Scales"},{"floor":54.0,"key":"Bottled Lightning"}],"event_choices":[{"cards_removed":["Defend_G"],"damage_healed":0.0,"max_hp_gain":0.0,"max_hp_loss":0.0,"gold_gain":0.0,"event_name":"Golden Wing","player_choice":"Card Removal","floor":3.0,"gold_loss":0.0,"damage_taken":7.0},{"damage_healed":0.0,"max_hp_gain":0.0,"max_hp_loss":0.0,"gold_gain":0.0,"event_name":"Shining Light","player_choice":"Entered Light","floor":4.0,"gold_loss":0.0,"damage_taken":14.0,"cards_upgraded":["Strike_G","Prepared"]},{"cards_removed":["Defend_G"],"damage_healed":0.0,"max_hp_gain":0.0,"max_hp_loss":0.0,"gold_gain":0.0,"event_name":"NoteForYourself","player_choice":"Took Card","floor":20.0,"gold_loss":0.0,"damage_taken":0.0,"cards_obtained":["Strike_G"]},{"cards_removed":["Defend_G"],"damage_healed":0.0,"max_hp_gain":0.0,"max_hp_loss":0.0,"gold_gain":0.0,"event_name":"Back to Basics","player_choice":"Elegance","floor":24.0,"gold_loss":0.0,"damage_taken":0.0},{"damage_healed":0.0,"max_hp_gain":0.0,"max_hp_loss":0.0,"gold_gain":0.0,"event_name":"Vampires","player_choice":"Ignored","floor":27.0,"gold_loss":0.0,"damage_taken":0.0},{"cards_removed":["Strike_G"],"damage_healed":0.0,"max_hp_gain":0.0,"max_hp_loss":0.0,"gold_gain":0.0,"event_name":"Beggar","player_choice":"Gave Gold","floor":30.0,"gold_loss":75.0,"damage_taken":0.0},{"damage_healed":0.0,"max_hp_gain":0.0,"max_hp_loss":0.0,"gold_gain":0.0,"event_name":"Tomb of Lord Red Mask","player_choice":"Paid","floor":36.0,"gold_loss":131.0,"damage_taken":0.0,"relics_obtained":["Red Mask"]},{"damage_healed":0.0,"max_hp_gain":0.0,"max_hp_loss":0.0,"gold_gain":0.0,"event_name":"SensoryStone","player_choice":"Memory 1","floor":46.0,"gold_loss":0.0,"damage_taken":0.0},{"damage_healed":0.0,"max_hp_gain":0.0,"max_hp_loss":0.0,"gold_gain":0.0,"event_name":"Upgrade Shrine","player_choice":"Upgraded","floor":47.0,"gold_loss":0.0,"damage_taken":0.0,"cards_upgraded":["Thinking Ahead"]}],"is_beta":false,"boss_relics":[{"not_picked":["SlaversCollar","Busted Crown"],"picked":"HoveringKite"},{"not_picked":["Philosopher\u0027s Stone","Runic Pyramid"],"picked":"WristBlade"}],"items_purged_floors":[5,22,53],"is_endless":false,"potions_floor_spawned":[1,7,14,16,21,31,33,37,41,54],"ascension_level":0}}