{"host":"e2uqnaep9nhbuq3z","time":1610034630,"event":{"mods":["AchievementEnabler","Act Like it!","Aspiration","BaseMod","Better Altar","Better Note","Better Skull","Better Third Choice","ChefMod","Colored Map","Colored Powertips","Disable Question Mark Monsters","Energized Spire","Gensokyo","Hallownest","Hermit","Hubris","Infinite Spire","Minty Spire (QoL Compilation)","Pale of the Ancients","Rare Cards Sparkle","Replay The Spire","Retaliation","Shade Mod","Spikes Relics","StSLib","The Blue Laboratory","The Cursed","The Disciple","The Hierophant","The IronCluck","The Marked"],"gold_per_floor":[113,133,150,161,161,191,191,210,281,314,329,292,292,303,303,408,408,423,433,433,448,448,448,448],"floor_reached":23,"playtime":3203,"items_purged":["theMarked:Defend"],"score":205,"play_id":"d8c0e7a1-9637-4030-ae74-7903e814ce83","local_time":"20210107165030","is_ascension_mode":false,"campfire_choices":[{"floor":7,"key":"REST"},{"data":"theMarked:SummonStrength","floor":15,"key":"SMITH"}],"circlet_count":0,"master_deck":["theMarked:Strike","theMarked:Strike","theMarked:Strike","theMarked:Strike","theMarked:Strike","theMarked:Defend","theMarked:Defend","theMarked:Defend","theMarked:SoldierOfQuellstein","theMarked:TwofoldDefense","theMarked:Aftermath","theMarked:GodGivenPower","theMarked:Electrify","theMarked:SelfDefenseTraining+1","hubris:NaturalOne","theMarked:SummonStrength+1","theMarked:RepellingDischarge","theMarked:DispelDoubt","theMarked:MaelstromOfLightning","theMarked:Improvise+1"],"relics":["theMarked:ArtifactOfAir","hubris:Icosahedron","Replay:Towering Pillar of Hats","Chameleon Ring","hubris:BundleOfHerbs","Velvet Choker","TheAbacus"],"acts_visited":["Exordium","TheCity"],"potions_floor_usage":[8,10,16,16,21],"damage_taken":[{"damage":1,"enemies":"Cultist","floor":1,"turns":3},{"damage":0,"enemies":"Small Slimes","floor":2,"turns":5},{"damage":0,"enemies":"2 Louse","floor":3,"turns":2},{"damage":1,"enemies":"Large Slime","floor":4,"turns":6},{"damage":42,"enemies":"Gremlin Nob","floor":6,"turns":6},{"damage":0,"enemies":"Lots of Slimes","floor":8,"turns":2},{"damage":10,"enemies":"3 Sentries","floor":10,"turns":7},{"damage":1,"enemies":"Gremlin Gang","floor":11,"turns":7},{"damage":0,"enemies":"Blue Slaver","floor":14,"turns":4},{"damage":1,"enemies":"Slime Boss","floor":16,"turns":6},{"damage":8,"enemies":"Shell Parasite","floor":18,"turns":7},{"damage":18,"enemies":"Chosen","floor":19,"turns":6},{"damage":19,"enemies":"Snake Plant","floor":21,"turns":5},{"damage":51,"enemies":"Book of Stabbing","floor":23,"turns":6}],"seed_played":"-7359158820539422346","potions_obtained":[{"floor":1,"key":"Energy Potion"},{"floor":6,"key":"Toxic Potion"},{"floor":11,"key":"PowerPotion"},{"floor":14,"key":"Weak Potion"},{"floor":16,"key":"Energy Potion"}],"is_trial":false,"path_per_floor":["M","M","M","M","?","E","R","M","T","E","M","?","?","M","R","B",null,"M","M","$","M","AVR","E"],"character_chosen":"THE_DEFAULT","items_purchased":[],"campfire_rested":1,"item_purchase_floors":[],"current_hp_per_floor":[76,76,76,75,75,33,56,56,56,46,51,51,51,51,51,50,77,69,56,56,37,37,0,0],"gold":448,"neow_bonus":"TEN_PERCENT_HP_BONUS","is_daily":false,"chose_seed":false,"campfire_upgraded":1,"win_rate":0.0,"timestamp":1610034630,"path_taken":["M","M","?","M","?","E","R","M","T","E","M","?","?","M","R","BOSS","M","M","?","?","AVR","E"],"items_purchased_type":[],"build_version":"2020-12-22","purchased_purges":1,"victory":false,"max_hp_per_floor":[77,77,77,77,77,77,77,77,77,77,77,77,77,77,77,77,77,77,77,77,77,77,77,77],"card_choices":[{"not_picked":["theMarked:StartUp","theMarked:Panic"],"picked":"theMarked:TwofoldDefense","floor":1},{"not_picked":["theMarked:ElectricStrings","theMarked:SwordAndMagic"],"picked":"theMarked:Aftermath","floor":2},{"not_picked":["theMarked:Parkour","theMarked:ResourceFulStrike"],"picked":"theMarked:GodGivenPower","floor":3},{"not_picked":["theMarked:ChainLightning","theMarked:EmpowerWeapon"],"picked":"theMarked:Electrify","floor":4},{"not_picked":["theMarked:Generate","theMarked:ContemptForTheProud"],"picked":"theMarked:SelfDefenseTraining","floor":6},{"not_picked":["theMarked:PowerFlow","theMarked:Aftermath","theMarked:ChainLightning"],"picked":"SKIP","floor":8},{"not_picked":["theMarked:TwofoldDefense","theMarked:SwordAndMagic"],"picked":"theMarked:SummonStrength","floor":10},{"not_picked":["theMarked:Frustration","theMarked:BanishingStrike"],"picked":"theMarked:RepellingDischarge","floor":11},{"not_picked":["theMarked:RogueSparks","theMarked:RepellingDischarge","theMarked:Overthink"],"picked":"SKIP","floor":14},{"not_picked":["theMarked:RogueSparks","theMarked:RepellingDischarge","theMarked:Overthink"],"picked":"SKIP","floor":14},{"not_picked":["theMarked:MuscleMemory","theMarked:EternalStudent"],"picked":"theMarked:DispelDoubt","floor":16},{"not_picked":["theMarked:Seal","theMarked:ChainLightning","theMarked:Convert"],"picked":"SKIP","floor":18},{"not_picked":["theMarked:Convert","theMarked:RepellingDischarge"],"picked":"theMarked:MaelstromOfLightning","floor":19},{"not_picked":["theMarked:EmpowerWeapon","theMarked:Reabsorb"],"picked":"theMarked:Improvise+1","floor":21}],"player_experience":487691,"relics_obtained":[{"floor":6,"key":"Replay:Towering Pillar of Hats"},{"floor":9,"key":"Chameleon Ring"},{"floor":10,"key":"hubris:BundleOfHerbs"}],"event_choices":[{"damage_healed":0,"gold_gain":0,"player_choice":"Left","damage_taken":0,"max_hp_gain":0,"max_hp_loss":0,"event_name":"betterThird:BetterGoop","floor":12,"gold_loss":37},{"damage_healed":0,"gold_gain":0,"player_choice":"Forge","damage_taken":0,"max_hp_gain":0,"max_hp_loss":0,"event_name":"Accursed Blacksmith","floor":13,"gold_loss":0,"cards_upgraded":["theMarked:SelfDefenseTraining"]}],"is_beta":false,"boss_relics":[{"not_picked":["Replay:Bronze Core","energizedSpire:MagnifyingGlass"],"picked":"Velvet Choker"}],"items_purged_floors":[22],"is_endless":false,"potions_floor_spawned":[1,6,11,14,16],"killed_by":"Book of Stabbing","ascension_level":0}}