{"host":"2he95iptrbxkejc1","time":1610036199,"event":{"mods":["AchievementEnabler","BaseMod","Colored Powertips","Downfall","Hermit","Infinite Spire","Marisa????????","Minty Spire (QoL Compilation)","Random Character Mod","Replay The Spire","StSLib","Td1madao Mod","The Cursed","The Disciple","The Hierophant","The Marked","The Mystic","The Necromancer","The Poker Player","The Runesmith","The Servant 0.9.4"],"gold_per_floor":[111,36,36,36,36,36,130,130,141,141,190,190,140,103,103,136,136,136,136],"floor_reached":18,"playtime":742,"items_purged":["Defend_Br"],"score":129,"play_id":"2d45f757-c721-4083-8fb5-7203c364151d","local_time":"20210107161639","is_ascension_mode":false,"campfire_choices":[{"data":"Tempo","floor":8,"key":"SMITH"},{"data":"PrimeTime","floor":12,"key":"SMITH"},{"data":"LockedMercury","floor":17,"key":"SMITH"}],"circlet_count":0,"master_deck":["Strike_Br","Strike_Br","Strike_Br","Defend_Br","Defend_Br","SecondHand","PatternShift","PrimeTime+1","LockedMercury+1","Misterioso+1"],"relics":["Chronometer","NeowsBlessing","IceCream?","ReplayTheSpireMod:TigerMarble","Eternal Feather"],"acts_visited":["Exordium"],"potions_floor_usage":[18,18],"damage_taken":[{"damage":0,"enemies":"Cultist","floor":1,"turns":1},{"damage":0,"enemies":"Small Slimes","floor":9,"turns":1},{"damage":0,"enemies":"Gremlin Nob","floor":16,"turns":1},{"damage":64,"enemies":"Hexaghost","floor":18,"turns":17}],"seed_played":"-392575477259876729","potions_obtained":[{"floor":1,"key":"Explosive Potion"},{"floor":16,"key":"Dexterity Potion"}],"is_trial":false,"path_per_floor":["M","$","?","$","PTL","PTL","?","R","M","?","T","R","?","$","?","E","R","B"],"character_chosen":"CHRONO_CLASS","items_purchased":["LockedMercury"],"campfire_rested":0,"item_purchase_floors":[14],"current_hp_per_floor":[65,65,65,65,65,65,49,49,49,49,49,49,49,49,49,49,55,0,0],"gold":136,"neow_bonus":"THREE_ENEMY_KILL","is_daily":false,"chose_seed":false,"campfire_upgraded":3,"win_rate":0.0,"timestamp":1610036199,"path_taken":["M","?","?","?","PTL","PTL","?","R","?","?","T","R","?","$","?","E","R","BOSS"],"items_purchased_type":["Card"],"build_version":"2020-12-22","purchased_purges":1,"victory":false,"max_hp_per_floor":[65,65,65,65,65,65,65,65,65,65,65,65,65,65,65,65,65,65,65],"card_choices":[{"not_picked":["LockedScales","LockedUrn"],"picked":"Tempo","floor":1},{"not_picked":["TickedOff","LockedScales"],"picked":"PrimeTime","floor":9},{"not_picked":["BlueShift","HandsUpB","Pendulum"],"picked":"SKIP","floor":16}],"player_experience":89075,"relics_obtained":[{"floor":11,"key":"ReplayTheSpireMod:TigerMarble"},{"floor":16,"key":"Eternal Feather"}],"event_choices":[{"cards_removed":["Defend_Br"],"damage_healed":0,"gold_gain":0,"player_choice":"Card Removal","damage_taken":0,"max_hp_gain":0,"max_hp_loss":0,"event_name":"The Cleric","floor":13,"gold_loss":50}],"is_beta":false,"boss_relics":[],"items_purged_floors":[2],"is_endless":false,"potions_floor_spawned":[1,16],"killed_by":"Hexaghost","ascension_level":0}}