{"host":"0fmi5fguj5lvt8pf","time":1610008152,"event":{"mods":["BaseMod","Colored Map","Curses Come First","Downfall","Minty Spire (QoL Compilation)","Permanent Neow","StSLib","Waifu the Spire"],"gold_per_floor":[99,119,29,49,49,69,69,69,99,99,109,134,149,149,165,165,165],"floor_reached":16,"playtime":886,"items_purged":["champ:Defend"],"score":112,"play_id":"a363dd69-0383-4138-a6ec-ef3ce99b72bf","local_time":"20210107002912","is_ascension_mode":false,"campfire_choices":[{"data":"champ:Control","floor":1,"key":"SMITH"},{"data":"champ:EnragedBash","floor":8,"key":"SMITH"}],"circlet_count":0,"master_deck":["champ:Strike","champ:Strike","champ:Defend","champ:Defend","champ:Execute","champ:Taunt+1","champ:SteelEdge","champ:Control+1","champ:EnragedBash+1","champ:ShieldSigil","champ:MurderStrike","champ:AdrenalArmor","champ:Duel"],"relics":["champ:ChampionCrown","Strawberry","Regal Pillow"],"acts_visited":[],"potions_floor_usage":[12,16,16],"damage_taken":[{"damage":13,"enemies":"Cultist","floor":2,"turns":4},{"damage":9,"enemies":"downfall:FleeingMerchant","floor":3,"turns":4},{"damage":7,"enemies":"Jaw Worm","floor":4,"turns":2},{"damage":5,"enemies":"Small Slimes","floor":6,"turns":2},{"damage":44,"enemies":"3 Sentries","floor":9,"turns":6},{"damage":9,"enemies":"Exordium Wildlife","floor":11,"turns":3},{"damage":56,"enemies":"Lagavulin","floor":12,"turns":6},{"damage":26,"enemies":"2 Fungi Beasts","floor":13,"turns":4},{"damage":9,"enemies":"Exordium Thugs","floor":15,"turns":4},{"damage":72,"enemies":"downfall:Ironclad","floor":16,"turns":6}],"seed_played":"6219847637342023275","potions_obtained":[{"floor":4,"key":"LiquidBronze"},{"floor":11,"key":"AttackPotion"},{"floor":12,"key":"GamblersBrew"},{"floor":13,"key":"SkillPotion"}],"is_trial":false,"path_per_floor":["R","M","$","M","?","M","T","R","E","?","M","E","M","?","M","B"],"character_chosen":"THE_CHAMP","items_purchased":[],"campfire_rested":0,"item_purchase_floors":[],"current_hp_per_floor":[81,80,80,79,79,76,76,76,59,59,57,47,47,76,73,1,1],"gold":165,"neow_bonus":"TRANSFORM_TWO_CARDS","is_daily":false,"chose_seed":false,"campfire_upgraded":2,"win_rate":0.0,"timestamp":1610008152,"path_taken":["R","M","$","M","?","?","T","R","E","?","?","E","?","?","M","BOSS"],"items_purchased_type":[],"build_version":"2020-12-22","purchased_purges":1,"victory":false,"max_hp_per_floor":[81,81,81,81,81,81,81,81,88,88,88,88,88,88,88,88,88],"card_choices":[{"not_picked":["champ:Riposte","champ:GladiatorStyle"],"picked":"champ:EnragedBash","floor":2},{"not_picked":["champ:PerfectedStrike","champ:FightOn"],"picked":"champ:ShieldSigil","floor":3},{"not_picked":["champ:TornadoPunch","champ:Haymaker","champ:ArenaPreparation"],"picked":"SKIP","floor":4},{"not_picked":["champ:Backstep","champ:FanOfKnives"],"picked":"champ:MurderStrike","floor":6},{"not_picked":["champ:StanceDance","champ:GladiatorsShout","champ:Balance"],"picked":"SKIP","floor":9},{"not_picked":["champ:Backstep","champ:RapidStrikes"],"picked":"champ:AdrenalArmor","floor":11},{"not_picked":["champ:FanOfKnives","champ:ViciousMockery","champ:StanceDance"],"picked":"SKIP","floor":12},{"not_picked":["champ:TornadoPunch","champ:FlashCut"],"picked":"champ:Duel","floor":13},{"not_picked":["champ:BringItOn","champ:BladeFlurry","champ:GladiatorsShout"],"picked":"SKIP","floor":15}],"player_experience":1300788,"relics_obtained":[{"floor":9,"key":"Strawberry"},{"floor":12,"key":"Regal Pillow"}],"event_choices":[{"cards_removed":["champ:Strike"],"damage_healed":0,"gold_gain":0,"player_choice":"Offered Basic","damage_taken":0,"max_hp_gain":0,"max_hp_loss":0,"event_name":"Bonfire Elementals","floor":5,"gold_loss":0},{"damage_healed":0,"gold_gain":0,"player_choice":"Upgraded","damage_taken":0,"max_hp_gain":0,"max_hp_loss":0,"event_name":"Upgrade Shrine","floor":10,"gold_loss":0,"cards_upgraded":["champ:Taunt"]},{"damage_healed":29,"gold_gain":0,"player_choice":"Banana","damage_taken":0,"max_hp_gain":0,"max_hp_loss":0,"event_name":"Big Fish","floor":14,"gold_loss":0}],"is_beta":false,"boss_relics":[],"items_purged_floors":[3],"is_endless":false,"potions_floor_spawned":[4,11,12,13],"killed_by":"downfall:Ironclad","ascension_level":0}}