{"host":"wbdly04l9mkn9nrc","time":1610004257,"event":{"mods":["AchievementEnabler","BaseMod","BetterRewards","Minty Spire (QoL Compilation)","Replay The Spire","StSLib"],"gold_per_floor":[59,74,74,74,74,86,86,104,153,78,92,92,92,107,107,208,208,220,231,231,242,132,132,145,145,145,157,169,169,199,199,199,199,199],"floor_reached":33,"playtime":1806,"items_purged":["Strike_R","Strike_R","Defend_R","Strike_R","Defend_R","Defend_R"],"score":359,"play_id":"7c10ce73-9ef9-449e-98a0-896001d09af3","local_time":"20210107152417","is_ascension_mode":false,"campfire_choices":[{"data":"True Grit","floor":7.0,"key":"SMITH"},{"data":"Armaments","floor":12.0,"key":"SMITH"},{"data":"Flex","floor":15.0,"key":"SMITH"},{"data":"Inflame","floor":23.0,"key":"SMITH"},{"floor":32.0,"key":"REST"}],"circlet_count":0,"master_deck":["Strike_R","Defend_R","Bash","Apotheosis+1","Shrug It Off","Wild Strike","Twin Strike","Sword Boomerang","Flex+1","Heavy Blade+1","Armaments+1","Whirlwind","True Grit+1","Carnage","Pummel","Searing Blow","Sentinel","Heavy Blade","Flame Barrier","Body Slam+1","Shrug It Off","Immolate","Battle Trance","Inflame+1","Bloodletting","RitualDagger"],"relics":["Black Blood"],"acts_visited":["Exordium","TheCity"],"potions_floor_usage":[],"damage_taken":[{"damage":2.0,"enemies":"2 Louse","floor":1.0,"turns":2.0},{"damage":6.0,"enemies":"Jaw Worm","floor":2.0,"turns":3.0},{"damage":0.0,"enemies":"Small Slimes","floor":6.0,"turns":3.0},{"damage":9.0,"enemies":"2 Fungi Beasts","floor":8.0,"turns":2.0},{"damage":5.0,"enemies":"Lots of Slimes","floor":11.0,"turns":4.0},{"damage":4.0,"enemies":"Blue Slaver","floor":14.0,"turns":3.0},{"damage":15.0,"enemies":"Hexaghost","floor":16.0,"turns":9.0},{"damage":7.0,"enemies":"Chosen","floor":18.0,"turns":6.0},{"damage":13.0,"enemies":"Spheric Guardian","floor":19.0,"turns":4.0},{"damage":36.0,"enemies":"Shelled Parasite and Fungi","floor":21.0,"turns":7.0},{"damage":14.0,"enemies":"Snake Plant","floor":24.0,"turns":4.0},{"damage":18.0,"enemies":"Chosen and Byrds","floor":27.0,"turns":6.0},{"damage":0.0,"enemies":"Snecko","floor":28.0,"turns":4.0},{"damage":49.0,"enemies":"Slavers","floor":30.0,"turns":4.0},{"damage":48,"enemies":"Collector","floor":33,"turns":5}],"seed_played":"3466278674090096860","potions_obtained":[{"floor":1.0,"key":"SpeedPotion"},{"floor":6.0,"key":"SkillPotion"},{"floor":11.0,"key":"PowerPotion"},{"floor":19.0,"key":"Dexterity Potion"},{"floor":24.0,"key":"PowerPotion"},{"floor":27.0,"key":"Fruit Juice"}],"is_trial":false,"path_per_floor":["M","M","?","?","?","M","R","M","T","$","M","R","?","M","R","B",null,"M","M","?","M","$","R","M","$","T","M","M","$","E","?","R","B"],"character_chosen":"IRONCLAD","items_purchased":["Apotheosis","Shrug It Off","Wild Strike","Twin Strike","Sword Boomerang","Flex","Heavy Blade","Armaments","Whirlwind","True Grit","Carnage","Pummel","Body Slam","Shrug It Off","Battle Trance","Inflame"],"campfire_rested":1,"item_purchase_floors":[0,0,0,0,0,0,0,0,0,0,0,0,10,10,22,22],"current_hp_per_floor":[36,36,41,41,41,47,47,44,44,44,45,45,45,47,47,38,85,85,84,84,60,60,60,58,58,58,57,69,69,32,26,53,5,5],"gold":199,"neow_bonus":"","is_daily":false,"chose_seed":false,"campfire_upgraded":4,"win_rate":0.0,"timestamp":1610004257,"path_taken":["M","M","?","?","?","M","R","?","T","$","M","R","?","M","R","BOSS","M","?","?","M","$","R","M","$","T","?","M","?","E","?","R","BOSS"],"items_purchased_type":["Card","Card","Card","Card","Card","Card","Card","Card","Card","Card","Card","Card","Card","Card","Card","Card"],"build_version":"2020-12-22","purchased_purges":6,"victory":false,"max_hp_per_floor":[80,80,85,85,85,85,85,85,85,85,85,85,85,85,85,85,85,85,85,85,85,85,85,85,85,85,90,90,90,90,90,90,90,90],"card_choices":[{"not_picked":["Clash","Evolve"],"picked":"Searing Blow","floor":1.0},{"not_picked":["Warcry","Flex"],"picked":"Sentinel","floor":2.0},{"not_picked":["Armaments","Sword Boomerang","Entrench"],"picked":"SKIP","floor":6.0},{"not_picked":["Armaments","True Grit"],"picked":"Flame Barrier","floor":8.0},{"not_picked":["Hemokinesis","Sever Soul","Ghostly Armor"],"picked":"SKIP","floor":11.0},{"not_picked":["Hemokinesis","Intimidate","Infernal Blade"],"picked":"SKIP","floor":14.0},{"not_picked":["Reaper","Corruption"],"picked":"Immolate","floor":16.0},{"not_picked":["Warcry","Rupture+1","Rampage"],"picked":"SKIP","floor":18.0},{"not_picked":["Flex","Wild Strike+1","Clash+1"],"picked":"SKIP","floor":19.0},{"not_picked":["Havoc","Combust","Headbutt"],"picked":"SKIP","floor":21.0},{"not_picked":["Disarm+1","Perfected Strike"],"picked":"Bloodletting","floor":24.0},{"not_picked":["Havoc+1","Anger","Uppercut"],"picked":"SKIP","floor":27.0},{"not_picked":["Iron Wave+1","Thunderclap","Body Slam"],"picked":"SKIP","floor":28.0},{"not_picked":["Flex","Anger","Dropkick"],"picked":"SKIP","floor":30.0}],"player_experience":196675,"relics_obtained":[],"event_choices":[{"damage_healed":0.0,"max_hp_gain":5.0,"max_hp_loss":0.0,"gold_gain":0.0,"event_name":"Big Fish","player_choice":"Donut","floor":3.0,"gold_loss":0.0,"damage_taken":0.0},{"damage_healed":0.0,"max_hp_gain":0.0,"max_hp_loss":0.0,"gold_gain":0.0,"cards_transformed":["Strike_R"],"event_name":"Living Wall","player_choice":"Change","floor":4.0,"gold_loss":0.0,"damage_taken":0.0,"cards_obtained":["Heavy Blade"]},{"damage_healed":0.0,"max_hp_gain":0.0,"max_hp_loss":0.0,"gold_gain":0.0,"event_name":"Upgrade Shrine","player_choice":"Upgraded","floor":5.0,"gold_loss":0.0,"damage_taken":0.0,"cards_upgraded":["Apotheosis"]},{"damage_healed":0.0,"max_hp_gain":0.0,"max_hp_loss":0.0,"gold_gain":0.0,"event_name":"Upgrade Shrine","player_choice":"Upgraded","floor":13.0,"gold_loss":0.0,"damage_taken":0.0,"cards_upgraded":["Body Slam"]},{"damage_healed":0.0,"max_hp_gain":0.0,"max_hp_loss":0.0,"gold_gain":0.0,"event_name":"Upgrade Shrine","player_choice":"Upgraded","floor":20.0,"gold_loss":0.0,"damage_taken":0.0,"cards_upgraded":["Heavy Blade"]},{"damage_healed":0.0,"max_hp_gain":0.0,"max_hp_loss":0.0,"gold_gain":0.0,"event_name":"Nest","player_choice":"Joined the Cult","floor":31.0,"gold_loss":0.0,"damage_taken":6.0,"cards_obtained":["RitualDagger"]}],"is_beta":false,"boss_relics":[{"not_picked":["Fusion Hammer","SacredBark"],"picked":"Black Blood"}],"items_purged_floors":[0,0,0,0,0,0],"is_endless":false,"potions_floor_spawned":[1,6,11,16,19,24,27],"killed_by":"Collector","ascension_level":0}}