{"host":"vucub2jtaeo9vgh1","time":1610022300,"event":{"mods":["BaseMod","BetterRewards","Minty Spire (QoL Compilation)","Quick Restart","Rare Cards Sparkle","Replay The Spire","StSLib"],"gold_per_floor":[416,416,63,63,63,138,36,70,70,3,48,62,62,62,62,88,88,189,189,113,130,148,21,43,43,77,102,171,214,226,238,250,295,307,337,349,472,484,511,333,406,418,440,480,480,510,510,247,247,247,247,265,265,269,269,269,124,155,161],"floor_reached":60,"playtime":2285,"items_purged":["Strike_R","Strike_R","Strike_R+1","Strike_R+1"],"score":1281,"play_id":"1b142e16-9222-46f9-9268-b3c3affb95f6","local_time":"20210107132500","is_ascension_mode":false,"campfire_choices":[{"floor":9.0,"key":"REST"},{"data":"Armaments","floor":13.0,"key":"SMITH"},{"data":"Blood for Blood","floor":15.0,"key":"SMITH"},{"data":"Combust","floor":17.0,"key":"SMITH"},{"data":"Combust","floor":25.0,"key":"SMITH"},{"data":"Metallicize","floor":32.0,"key":"SMITH"},{"data":"Hemogenesis","floor":34.0,"key":"SMITH"},{"floor":36.0,"key":"REST"},{"floor":45,"key":"RECALL"},{"data":"Clothesline","floor":53,"key":"SMITH"},{"data":"Defend_R","floor":56,"key":"SMITH"}],"circlet_count":0,"master_deck":["Defend_R","Defend_R","Defend_R+1","Bash","Combust+1","Blood for Blood+1","Combust+1","Metallicize+1","Armaments+1","Clothesline+1","Hemogenesis+1","Life Link","Rupture+1","Limit Break+1","Massacre+1","Metallicize+1","Heavy Blade+1","Metallicize+1","Hemokinesis+1","Metallicize+1","Metallicize+1","ReplayTheSpireMod:Brewmster+1","Shrug It Off","Berserk+1"],"relics":["Burning Blood","Old Coin","Membership Card","Replay:Wax Seal","Replay:Bandana","MealTicket","Replay:Ringing Soul","Sling","Replay:Rubber Ducky","Replay:Bronze Core","Frozen Egg 2","Matryoshka","Question Card","Molten Egg 2","MawBank","Chameleon Ring","Runic Pyramid","ReplayTheSpireMod:Shallot","Bronze Scales","Onion Ring","Replay:Mystery Machine","Incense Burner","ReplayFunnel","ReplayTheSpireMod:TigerMarble","Centennial Puzzle"],"acts_visited":["Exordium","TheCity","TheBeyond","TheEnding"],"potions_floor_usage":[52,52,58,58,59,59,59],"damage_taken":[{"damage":9.0,"enemies":"Jaw Worm","floor":1.0,"turns":4.0},{"damage":14.0,"enemies":"Lagavulin","floor":8.0,"turns":4.0},{"damage":7.0,"enemies":"2 Louse","floor":12.0,"turns":2.0},{"damage":3.0,"enemies":"Cultist","floor":16.0,"turns":3.0},{"damage":22.0,"enemies":"Slime Boss","floor":18.0,"turns":6.0},{"damage":6.0,"enemies":"Chosen","floor":20.0,"turns":4.0},{"damage":8.0,"enemies":"Spheric Guardian","floor":21.0,"turns":4.0},{"damage":18.0,"enemies":"Shelled Parasite and Fungi","floor":22.0,"turns":5.0},{"damage":13.0,"enemies":"Centurion and Healer","floor":24.0,"turns":7.0},{"damage":18.0,"enemies":"Gremlin Leader","floor":26.0,"turns":5.0},{"damage":24.0,"enemies":"Snake Plant","floor":27.0,"turns":5.0},{"damage":17.0,"enemies":"Book of Stabbing","floor":29.0,"turns":5.0},{"damage":53.0,"enemies":"Gremlin Leader","floor":33.0,"turns":8.0},{"damage":7.0,"enemies":"Cultist and Chosen","floor":35.0,"turns":5.0},{"damage":49.0,"enemies":"Collector","floor":37.0,"turns":6.0},{"damage":14,"enemies":"Orb Walker","floor":39,"turns":5},{"damage":12,"enemies":"3 Shapes","floor":42,"turns":4},{"damage":18,"enemies":"Spire Growth","floor":43,"turns":7},{"damage":8,"enemies":"Giant Head","floor":44,"turns":6},{"damage":15,"enemies":"R_Hoarder","floor":46,"turns":10},{"damage":9,"enemies":"Transient","floor":52,"turns":5},{"damage":18,"enemies":"Replay:Hell Engine","floor":54,"turns":8},{"damage":52,"enemies":"Shield and Spear","floor":58,"turns":4},{"damage":84,"enemies":"The Heart","floor":59,"turns":10}],"seed_played":"529534461164106684","potions_obtained":[{"floor":1.0,"key":"BlessingOfTheForge"},{"floor":12.0,"key":"DuplicationPotion"},{"floor":18.0,"key":"CultistPotion"},{"floor":22.0,"key":"Strength Potion"},{"floor":27.0,"key":"BloodPotion"},{"floor":33.0,"key":"BloodPotion"},{"floor":43,"key":"Block Potion"},{"floor":44,"key":"AttackPotion"},{"floor":46,"key":"AttackPotion"},{"floor":52,"key":"Explosive Potion"}],"is_trial":false,"path_per_floor":["M","?","$","PTL","PTL","?","$","E","R","$","T","M","R","?","R","M","R","B",null,"M","M","M","$","M","R","E","M","T","E","PTL","PTL","R","E","R","M","R","B",null,"M","$","?","M","M","E","R","E","T","$","?","?","?","M","R","B",null,"R","$","E","B",null],"character_chosen":"IRONCLAD","items_purchased":["Membership Card","Replay:Wax Seal","Blood for Blood","Combust","Replay:Bandana","MealTicket","AttackPotion","Sling","Metallicize","Frozen Egg 2","ReplayTheSpireMod:Shallot","Metallicize+1","ReplayFunnel","ReplayTheSpireMod:TigerMarble","ReplayTheSpireMod:Brewmster+1","Shrug It Off","AttackPotion"],"campfire_rested":2,"item_purchase_floors":[3,3,3,3,3,7,7,10,10,23,40,48,48,48,57,57,57],"current_hp_per_floor":[53,37,37,37,37,29,29,21,45,63,63,65,65,68,68,71,71,58,92,92,90,88,95,93,93,81,63,63,52,52,52,52,29,29,31,60,50,101,104,104,81,75,95,110,110,113,113,116,116,116,116,119,119,107,119,119,122,79,36],"gold":161,"neow_bonus":"ONE_RARE_RELIC","is_daily":false,"chose_seed":false,"campfire_upgraded":8,"win_rate":0.0,"timestamp":1610022300,"path_taken":["M","?","$","PTL","PTL","?","$","E","R","$","T","?","R","?","R","M","R","BOSS","M","M","M","$","?","R","E","M","T","E","PTL","PTL","R","E","R","M","R","BOSS","M","$","?","M","M","E","R","E","T","$","?","?","?","?","R","BOSS","R","$","E","BOSS"],"items_purchased_type":["Relic","Relic","Card","Card","Relic","Relic","Potion","Relic","Card","Relic","Relic","Card","Relic","Relic","Card","Card","Potion"],"build_version":"2020-12-22","purchased_purges":4,"victory":true,"max_hp_per_floor":[80,80,80,80,80,80,80,80,80,83,83,86,86,89,89,89,89,92,92,92,92,95,95,95,95,95,95,95,95,95,95,95,95,95,98,98,101,101,104,104,107,107,110,110,110,113,113,116,116,116,116,119,119,119,119,119,122,125,125],"card_choices":[{"not_picked":["Perfected Strike","Defy Death"],"picked":"Combust","floor":1.0},{"not_picked":["Thunderclap","Sever Soul","ReplayTheSpireMod:Strike From Hell"],"picked":"SKIP","floor":8.0},{"not_picked":["Anger","Wild Strike"],"picked":"Armaments","floor":12.0},{"not_picked":["Armaments","Defy Death","Burning Pact"],"picked":"SKIP","floor":16.0},{"not_picked":["Barricade","Juggernaut"],"picked":"Hemogenesis","floor":18.0},{"not_picked":["Cleave+1","Anger","Heavy Blade"],"picked":"SKIP","floor":20.0},{"not_picked":["Sword Boomerang","Defy Death","True Grit"],"picked":"SKIP","floor":21.0},{"not_picked":["Dropkick","ReplayTheSpireMod:Strike From Hell+1"],"picked":"Life Link","floor":22.0},{"not_picked":["Run Through+1","Whirlwind+1","Feel No Pain+1"],"picked":"SKIP","floor":24.0},{"not_picked":["Second Wind","Ghostly Armor","Flex"],"picked":"SKIP","floor":26.0},{"not_picked":["Feed","Warcry","ReplayReversal"],"picked":"SKIP","floor":27.0},{"not_picked":["Flex","Iron Wave+1","Feel No Pain+1","ReplayTheSpireMod:Strike From Hell+1"],"picked":"SKIP","floor":29.0},{"not_picked":["Immolate+1","Infernal Blade","Second Wind","Iron Wave+1"],"picked":"SKIP","floor":33.0},{"not_picked":["Armaments","Power Through+1","Massacre+1"],"picked":"Rupture+1","floor":35.0},{"not_picked":["Replay:Many Hands","Double Tap","Juggernaut+1"],"picked":"Limit Break","floor":37.0},{"not_picked":["Warcry+1","Dark Embrace+1","ReplayTheSpireMod:LeadingStrike+1"],"picked":"Massacre+1","floor":39},{"not_picked":["True Grit+1","Anger+1","Sword Boomerang+1"],"picked":"Metallicize+1","floor":41},{"not_picked":["Sentinel+1","Replay:Undeath\u0027s Touch+1","Iron Wave+1"],"picked":"Heavy Blade+1","floor":41},{"not_picked":["Sword Boomerang+1","Perfected Strike+1","Iron Wave+1","Heavy Blade+1"],"picked":"SKIP","floor":42},{"not_picked":["Armaments+1","Flame Barrier+1","ReplayTheSpireMod:LeadingStrike+1"],"picked":"Metallicize+1","floor":43},{"not_picked":["Limit Break","Replay:Undeath\u0027s Touch+1","Iron Wave+1","Headbutt+1"],"picked":"SKIP","floor":44},{"not_picked":["Power Through+1","Shockwave+1","ReplayTheSpireMod:Strike From Hell+1"],"picked":"Hemokinesis+1","floor":46},{"not_picked":["Twin Strike+1","Warcry+1","Thunderclap+1"],"picked":"Metallicize+1","floor":52},{"not_picked":["Run Through+1","Anger+1","Flex+1"],"picked":"Berserk+1","floor":58}],"player_experience":272130,"relics_obtained":[{"floor":8.0,"key":"Replay:Ringing Soul"},{"floor":11.0,"key":"Replay:Rubber Ducky"},{"floor":26.0,"key":"Matryoshka"},{"floor":28.0,"key":"Question Card"},{"floor":28.0,"key":"Molten Egg 2"},{"floor":29.0,"key":"MawBank"},{"floor":33.0,"key":"Chameleon Ring"},{"floor":41,"key":"Bronze Scales"},{"floor":41,"key":"Onion Ring"},{"floor":44,"key":"Replay:Mystery Machine"},{"floor":46,"key":"Incense Burner"},{"floor":58,"key":"Centennial Puzzle"}],"event_choices":[{"damage_healed":0.0,"max_hp_gain":0.0,"max_hp_loss":0.0,"gold_gain":0.0,"event_name":"Shining Light","player_choice":"Entered Light","floor":2.0,"gold_loss":0.0,"damage_taken":16.0,"cards_upgraded":["Strike_R","Strike_R"]},{"damage_healed":0.0,"max_hp_gain":0.0,"max_hp_loss":0.0,"gold_gain":75.0,"event_name":"FaceTrader","player_choice":"Touch","floor":6.0,"gold_loss":0.0,"damage_taken":8.0},{"damage_healed":0.0,"max_hp_gain":0.0,"max_hp_loss":0.0,"gold_gain":0.0,"cards_transformed":["Strike_R"],"event_name":"Transmorgrifier","player_choice":"Transformed","floor":14.0,"gold_loss":0.0,"damage_taken":0.0,"cards_obtained":["Clothesline"]},{"cards_removed":["Defend_R"],"damage_healed":0,"gold_gain":0,"player_choice":"Removed Skill","damage_taken":0,"max_hp_gain":0,"max_hp_loss":0,"event_name":"Falling","floor":50,"gold_loss":0},{"damage_healed":0,"gold_gain":0,"player_choice":"Upgraded","damage_taken":0,"max_hp_gain":0,"max_hp_loss":0,"event_name":"Upgrade Shrine","floor":51,"gold_loss":0,"cards_upgraded":["Limit Break"]}],"is_beta":false,"boss_relics":[{"not_picked":["Runic Cube","Runic Dome"],"picked":"Replay:Bronze Core"},{"not_picked":["Pandora\u0027s Box","ChewingGum"],"picked":"Runic Pyramid"}],"items_purged_floors":[3,10,40,48],"is_endless":false,"potions_floor_spawned":[1,12,18,22,27,29,33,43,44,46,52],"ascension_level":0}}