{"host":"aaqofma31c3gm2hj","time":1610005480,"event":{"mods":["BaseMod","Minty Spire (QoL Compilation)","Replay The Spire","Spicy Shops","StSLib"],"gold_per_floor":[117,117,129,54,17,50,50,60,60,60,74,74,74,98,98,170,170,188,188,206,206,223,250,263,263,263,263,263],"floor_reached":27,"playtime":979,"items_purged":["Strike_G"],"score":612,"play_id":"d86c651e-f0bc-4f58-b6ea-c5e08b810481","local_time":"20210107154440","is_ascension_mode":true,"campfire_choices":[{"data":"Tactician","floor":7.0,"key":"SMITH"},{"data":"Acrobatics","floor":10.0,"key":"SMITH"},{"data":"Neutralize","floor":12,"key":"SMITH"},{"data":"ReplayTheSpireMod:Scrap Shanks","floor":15,"key":"SMITH"}],"circlet_count":0,"master_deck":["AscendersBane","Defend_G","Defend_G","Survivor","Neutralize+1","Acrobatics+1","Backflip","Tactician+1","Crippling Poison","ReplayTheSpireMod:Scrap Shanks+1","Acrobatics","Clumsy","Escape Plan","Calculated Gamble+1","Acrobatics+1"],"relics":["Ring of the Snake","NeowsBlessing","The Courier","Centennial Puzzle","Odd Mushroom","Kintsugi","Iron Hammer","Durian"],"acts_visited":["Exordium","TheCity"],"potions_floor_usage":[14,16],"damage_taken":[{"damage":0.0,"enemies":"Jaw Worm","floor":1.0,"turns":1.0},{"damage":0.0,"enemies":"Cultist","floor":3.0,"turns":1.0},{"damage":0.0,"enemies":"Gremlin Nob","floor":6.0,"turns":1.0},{"damage":2.0,"enemies":"Small Slimes","floor":8.0,"turns":3.0},{"damage":2,"enemies":"Exordium Wildlife","floor":11,"turns":5},{"damage":6,"enemies":"The Mushroom Lair","floor":14,"turns":4},{"damage":15,"enemies":"The Guardian","floor":16,"turns":15},{"damage":3,"enemies":"Spheric Guardian","floor":18,"turns":3},{"damage":4,"enemies":"Shell Parasite","floor":20,"turns":2},{"damage":0,"enemies":"Centurion and Healer","floor":22,"turns":2},{"damage":0,"enemies":"Slavers","floor":23,"turns":2},{"damage":0,"enemies":"Snake Plant","floor":24,"turns":2},{"damage":154,"enemies":"Masked Bandits","floor":27,"turns":2}],"seed_played":"7568949420616624399","potions_obtained":[{"floor":2.0,"key":"Adrenaline Potion"},{"floor":2.0,"key":"Swift Potion"},{"floor":14,"key":"Adrenaline Potion"},{"floor":18,"key":"Elixir"}],"is_trial":false,"path_per_floor":["M","?","M","$","$","E","R","M","T","R","M","R","?","?","R","B",null,"M","?","M","?","M","E","M","?","T","?"],"character_chosen":"THE_SILENT","items_purchased":["Tactician"],"campfire_rested":0,"item_purchase_floors":[5],"current_hp_per_floor":[59,59,59,59,59,59,59,57,57,57,55,55,60,54,54,39,63,60,60,56,56,56,56,56,56,61,0,0],"gold":263,"neow_bonus":"THREE_ENEMY_KILL","is_daily":false,"chose_seed":false,"campfire_upgraded":4,"win_rate":0.0,"timestamp":1610005480,"path_taken":["M","?","?","?","$","E","R","M","T","R","M","R","?","?","R","BOSS","M","?","?","?","?","E","M","?","T","?"],"items_purchased_type":["Card"],"build_version":"2020-12-22","purchased_purges":1,"victory":false,"max_hp_per_floor":[66,66,66,66,66,66,66,66,66,66,66,66,71,71,71,71,71,71,71,71,71,71,71,71,71,76,76,76],"card_choices":[{"not_picked":["Well Laid Plans","Underhanded Strike"],"picked":"Acrobatics","floor":1.0},{"not_picked":["Sucker Punch","Slice"],"picked":"Backflip","floor":3.0},{"not_picked":["Deadly Poison","PiercingWail"],"picked":"Crippling Poison","floor":6.0},{"not_picked":["Dagger Throw","Outmaneuver","Poisoned Stab"],"picked":"SKIP","floor":8.0},{"not_picked":["Poisoned Stab","Dagger Spray"],"picked":"ReplayTheSpireMod:Scrap Shanks","floor":11},{"not_picked":["PiercingWail","Envenom"],"picked":"Acrobatics","floor":14},{"not_picked":["PiercingWail","Poisoned Stab"],"picked":"Escape Plan","floor":18},{"not_picked":["Catalyst","Concentrate"],"picked":"Calculated Gamble+1","floor":20},{"not_picked":["Draining Mist","Bouncing Flask+1","Deflect"],"picked":"SKIP","floor":22},{"not_picked":["Dash","Concentrate","Dagger Spray"],"picked":"SKIP","floor":23},{"not_picked":["Skewer","Blade Dance","Quick Slash"],"picked":"SKIP","floor":24}],"player_experience":564603,"relics_obtained":[{"floor":6.0,"key":"The Courier"},{"floor":9.0,"key":"Centennial Puzzle"},{"floor":14,"key":"Odd Mushroom"},{"floor":23,"key":"Iron Hammer"},{"floor":26,"key":"Durian"}],"event_choices":[{"damage_healed":0.0,"max_hp_gain":0.0,"max_hp_loss":0.0,"gold_gain":0.0,"event_name":"Lab","player_choice":"Got Potions","floor":2.0,"gold_loss":0.0,"damage_taken":0.0},{"damage_healed":0,"gold_gain":0,"player_choice":"Donut","damage_taken":0,"max_hp_gain":5,"max_hp_loss":0,"event_name":"Big Fish","floor":13,"gold_loss":0},{"damage_healed":0,"gold_gain":0,"player_choice":"Fought Mushrooms","damage_taken":0,"max_hp_gain":0,"max_hp_loss":0,"event_name":"Mushrooms","floor":14,"gold_loss":0},{"cards_removed":["Strike_G"],"damage_healed":0,"gold_gain":0,"player_choice":"Purged","damage_taken":0,"max_hp_gain":0,"max_hp_loss":0,"event_name":"Purifier","floor":19,"gold_loss":0},{"damage_healed":0,"gold_gain":0,"player_choice":"Copied","damage_taken":0,"max_hp_gain":0,"max_hp_loss":0,"event_name":"Duplicator","floor":21,"gold_loss":0,"cards_obtained":["Acrobatics"]},{"cards_removed":["Defend_G"],"damage_healed":0,"gold_gain":0,"player_choice":"Elegance","damage_taken":0,"max_hp_gain":0,"max_hp_loss":0,"event_name":"Back to Basics","floor":25,"gold_loss":0},{"damage_healed":0,"gold_gain":0,"player_choice":"Fought Bandits","damage_taken":0,"max_hp_gain":0,"max_hp_loss":0,"event_name":"Masked Bandits","floor":27,"gold_loss":0}],"is_beta":false,"boss_relics":[{"not_picked":["Replay:Grab Bag","ChewingGum"],"picked":"Kintsugi"}],"items_purged_floors":[4],"is_endless":false,"potions_floor_spawned":[3,14,18,23],"killed_by":"Masked Bandits","ascension_level":20}}