{"host":"sav7uxregyirlf69","time":1610011827,"event":{"mods":["AchievementEnabler","BaseMod","Colored Map","DeckTracker","Keyboard Shortcuts","Minty Spire (QoL Compilation)","READ ME - Guardian Mod","StSLib","SuperFastMode"],"gold_per_floor":[118,129,129,144,157,157,171,171,195,195,216,216,239,275,275,374,374,395,395,158,158,182,218,242,277,277,296,33,33,54,54,54,54,54],"floor_reached":33,"playtime":672,"items_purged":["Strike_B","Shame"],"score":578,"play_id":"db86aba9-b602-469d-b462-d64f7b3aa855","local_time":"20210107183027","is_ascension_mode":true,"campfire_choices":[{"data":"Sunder","floor":6,"key":"SMITH"},{"floor":8,"key":"REST"},{"data":"Dualcast","floor":10,"key":"SMITH"},{"data":"Defragment","floor":12,"key":"SMITH"},{"data":"Go for the Eyes","floor":15,"key":"SMITH"},{"data":"Reboot","floor":29,"key":"SMITH"},{"data":"Hologram","floor":32,"key":"SMITH"}],"circlet_count":0,"master_deck":["AscendersBane","Strike_B","Defend_B","Defend_B","Defend_B","Defend_B","Zap","Dualcast+1","Go for the Eyes+1","Hologram+1","Sunder+1","Defragment+1","FTL","Cold Snap","Ball Lightning","Sunder+1","Reboot+1","Tempest+1","Leap","Sweeping Beam","Steam","Hologram+1","Conserve Battery"],"relics":["Nuclear Battery","Golden Idol","Centennial Puzzle","Boot","Cursed Key","Happy Flower","Blood Vial","Oddly Smooth Stone","Lee\u0027s Waffle"],"acts_visited":["Exordium","TheCity"],"potions_floor_usage":[11,16,23,33],"damage_taken":[{"damage":7,"enemies":"2 Louse","floor":1,"turns":3},{"damage":11,"enemies":"Cultist","floor":2,"turns":5},{"damage":2,"enemies":"Jaw Worm","floor":4,"turns":4},{"damage":7,"enemies":"Exordium Wildlife","floor":5,"turns":4},{"damage":23,"enemies":"3 Louse","floor":7,"turns":3},{"damage":0,"enemies":"Looter","floor":11,"turns":1},{"damage":14,"enemies":"Red Slaver","floor":13,"turns":2},{"damage":7,"enemies":"Gremlin Nob","floor":14,"turns":3},{"damage":15,"enemies":"Hexaghost","floor":16,"turns":6},{"damage":14,"enemies":"2 Thieves","floor":18,"turns":3},{"damage":0,"enemies":"Chosen","floor":22,"turns":3},{"damage":1,"enemies":"Book of Stabbing","floor":23,"turns":4},{"damage":7,"enemies":"Centurion and Healer","floor":24,"turns":6},{"damage":11,"enemies":"Slavers","floor":25,"turns":3},{"damage":1,"enemies":"Snecko","floor":27,"turns":3},{"damage":1,"enemies":"Cultist and Chosen","floor":30,"turns":5},{"damage":83,"enemies":"Champ","floor":33,"turns":12}],"seed_played":"-3690305357602015949","potions_obtained":[{"floor":1,"key":"ColorlessPotion"},{"floor":2,"key":"Fire Potion"},{"floor":11,"key":"CultistPotion"},{"floor":14,"key":"FairyPotion"},{"floor":16,"key":"Fire Potion"},{"floor":22,"key":"Fruit Juice"},{"floor":23,"key":"FocusPotion"}],"is_trial":false,"path_per_floor":["M","M","?","M","M","R","M","R","T","R","M","R","M","E","R","B",null,"M","?","$","?","M","E","M","E","T","M","$","R","M","?","R","B"],"character_chosen":"DEFECT","items_purchased":["Happy Flower","Lee\u0027s Waffle"],"campfire_rested":1,"item_purchase_floors":[20,28],"current_hp_per_floor":[57,46,46,44,37,37,14,33,33,33,33,33,19,12,12,16,52,38,38,38,38,38,42,37,28,28,29,76,76,75,75,75,0,0],"gold":54,"neow_bonus":"BOSS_RELIC","is_daily":false,"chose_seed":false,"campfire_upgraded":6,"win_rate":0.0,"timestamp":1610011827,"path_taken":["M","M","?","M","M","R","M","R","T","R","M","R","M","E","R","BOSS","M","?","$","?","M","E","M","E","T","M","$","R","?","?","R","BOSS"],"items_purchased_type":["Relic","Relic"],"build_version":"2020-12-22","purchased_purges":2,"victory":false,"max_hp_per_floor":[71,71,64,64,64,64,64,64,64,64,64,64,64,64,64,64,64,64,64,64,64,64,69,69,69,69,69,76,76,76,76,76,76,76],"card_choices":[{"not_picked":["Lockon","Static Discharge"],"picked":"Go for the Eyes","floor":1},{"not_picked":["Heatsinks","Redo"],"picked":"Hologram","floor":2},{"not_picked":["FTL","Conserve Battery"],"picked":"Sunder","floor":4},{"not_picked":["Go for the Eyes","Force Field"],"picked":"Defragment","floor":5},{"not_picked":["Static Discharge","BootSequence"],"picked":"FTL","floor":7},{"not_picked":["Reinforced Body","Steam"],"picked":"Cold Snap","floor":11},{"not_picked":["Steam","Turbo"],"picked":"Ball Lightning","floor":13},{"not_picked":["Blizzard","Static Discharge"],"picked":"Sunder","floor":14},{"not_picked":["Buffer","Biased Cognition"],"picked":"Reboot","floor":16},{"not_picked":["Turbo","Heatsinks"],"picked":"Tempest+1","floor":18},{"not_picked":["Hello World","Heatsinks"],"picked":"Steam","floor":22},{"not_picked":["Loop","Stack"],"picked":"Hologram+1","floor":23},{"not_picked":["Ball Lightning+1","Redo","Leap"],"picked":"SKIP","floor":24},{"not_picked":["Steam Power","Barrage","Double Energy"],"picked":"SKIP","floor":25},{"not_picked":["Steam Power","Barrage","Double Energy"],"picked":"SKIP","floor":25},{"not_picked":["Hologram","Hello World"],"picked":"Conserve Battery","floor":27},{"not_picked":["Rebound","Machine Learning","Compile Driver"],"picked":"SKIP","floor":30}],"player_experience":1178442,"relics_obtained":[{"floor":9,"key":"Centennial Puzzle"},{"floor":14,"key":"Boot"},{"floor":23,"key":"Blood Vial"},{"floor":25,"key":"Oddly Smooth Stone"}],"event_choices":[{"damage_healed":0,"gold_gain":0,"player_choice":"Lose Max HP","damage_taken":0,"relics_obtained":["Golden Idol"],"max_hp_gain":0,"max_hp_loss":7,"event_name":"Golden Idol","floor":3,"gold_loss":0},{"damage_healed":0,"gold_gain":0,"cards_transformed":["Strike_B","Strike_B"],"player_choice":"Became Test Subject","damage_taken":0,"max_hp_gain":0,"max_hp_loss":0,"event_name":"Drug Dealer","floor":19,"gold_loss":0,"cards_obtained":["Leap","Sweeping Beam"]},{"damage_healed":0,"gold_gain":0,"player_choice":"Upgraded","damage_taken":0,"max_hp_gain":0,"max_hp_loss":0,"event_name":"Upgrade Shrine","floor":21,"gold_loss":0,"cards_upgraded":["Sunder"]},{"damage_healed":0,"gold_gain":0,"player_choice":"Ignored","damage_taken":0,"max_hp_gain":0,"max_hp_loss":0,"event_name":"Vampires","floor":31,"gold_loss":0}],"is_beta":false,"boss_relics":[{"not_picked":["Runic Dome","Philosopher\u0027s Stone"],"picked":"Cursed Key"}],"items_purged_floors":[20,28],"is_endless":false,"potions_floor_spawned":[1,2,11,14,16,22,23,30],"killed_by":"Champ","ascension_level":20}}