{"host":"qxeepl7ydvsgmfdb","time":1610005470,"event":{"mods":["AchievementEnabler","BaseMod","Colored Powertips","Minty Spire (QoL Compilation)","Quick Restart","slay the spire mod where everything is the same but ironclad has a cowboy hat"],"gold_per_floor":[118,129,129,129,129,162,162,189,189,189,189,42,42,61,61,165,215,233,148,164,14,31,56,56,56,56,110,73,102,127,146,146,146,146],"floor_reached":33,"playtime":645,"items_purged":["Regret","Strike_G"],"score":491,"play_id":"d34c41e4-1a27-4dfe-ac9e-f4ed8199cc56","local_time":"20210107024430","is_ascension_mode":true,"campfire_choices":[{"data":"Poisoned Stab","floor":7,"key":"SMITH"},{"floor":10,"key":"REST"},{"floor":15,"key":"REST"},{"floor":24,"key":"REST"},{"floor":32,"key":"REST"}],"circlet_count":0,"master_deck":["Strike_G+1","Strike_G","Strike_G","Strike_G+1","Defend_G+1","Defend_G","Defend_G","Defend_G","Defend_G","Survivor","Neutralize","Deadly Poison+1","Slice","Poisoned Stab+1","Poisoned Stab","Parasite","All Out Attack","Sucker Punch+1","Die Die Die+1","Cloak And Dagger","Poisoned Stab+1","Slice+1","Blade Dance","Adrenaline","Venomology","Slice+1"],"relics":["Ring of the Snake","NeowsBlessing","Calipers","Gremlin Horn","Ornamental Fan","Tingsha","Molten Egg 2","Tiny House","Omamori","The Courier","MutagenicStrength","Matryoshka","Lantern","Tiny Chest","Red Mask","Girya"],"acts_visited":["Exordium","TheCity"],"potions_floor_usage":[23,23],"damage_taken":[{"damage":0,"enemies":"Small Slimes","floor":1,"turns":1},{"damage":0,"enemies":"Jaw Worm","floor":2,"turns":1},{"damage":0,"enemies":"Lagavulin","floor":6,"turns":1},{"damage":45,"enemies":"Gremlin Nob","floor":8,"turns":5},{"damage":0,"enemies":"2 Louse","floor":14,"turns":1},{"damage":33,"enemies":"Hexaghost","floor":16,"turns":9},{"damage":14,"enemies":"Spheric Guardian","floor":18,"turns":5},{"damage":15,"enemies":"2 Thieves","floor":20,"turns":3},{"damage":22,"enemies":"Snake Plant","floor":22,"turns":4},{"damage":0,"enemies":"Slavers","floor":23,"turns":1},{"damage":0,"enemies":"Masked Bandits","floor":29,"turns":2},{"damage":0,"enemies":"Gremlin Leader","floor":30,"turns":3},{"damage":0,"enemies":"3 Cultists","floor":31,"turns":3},{"damage":64,"enemies":"Champ","floor":33,"turns":9}],"seed_played":"8554653048849804253","potions_obtained":[{"floor":16,"key":"Strength Potion"},{"floor":17,"key":"GamblersBrew"},{"floor":20,"key":"Explosive Potion"},{"floor":23,"key":"Energy Potion"}],"is_trial":false,"path_per_floor":["M","M","?","?","?","E","R","E","T","R","?","$","?","M","R","B",null,"M","?","M","$","M","E","R","?","T","T","$","?","E","M","R","B"],"character_chosen":"THE_SILENT","items_purchased":["All Out Attack","Blade Dance","Slice+1"],"campfire_rested":4,"item_purchase_floors":[12,21,28],"current_hp_per_floor":[63,63,63,63,49,49,49,4,4,25,42,42,30,30,51,18,62,48,48,33,33,11,11,33,33,33,33,33,33,33,33,55,0,0],"gold":146,"neow_bonus":"THREE_ENEMY_KILL","is_daily":false,"chose_seed":false,"campfire_upgraded":1,"win_rate":0.0,"timestamp":1610005470,"path_taken":["M","M","?","?","?","E","R","E","T","R","?","$","?","?","R","BOSS","M","?","M","$","M","E","R","?","T","?","$","?","E","M","R","BOSS"],"items_purchased_type":["Card","Card","Card"],"build_version":"2020-12-22","purchased_purges":2,"victory":false,"max_hp_per_floor":[70,70,70,70,70,70,70,70,70,70,70,70,70,70,70,70,75,75,75,75,75,75,75,75,75,75,75,75,75,75,75,75,75,75],"card_choices":[{"not_picked":["Blade Dance","Prepared"],"picked":"Deadly Poison","floor":1},{"not_picked":["Escape Plan","Dodge and Roll"],"picked":"Slice","floor":2},{"not_picked":["Cloak And Dagger","Skewer"],"picked":"Poisoned Stab","floor":6},{"not_picked":["Quick Slash","Acrobatics"],"picked":"Poisoned Stab","floor":8},{"not_picked":["Dagger Throw+1","Blade Dance"],"picked":"Sucker Punch+1","floor":14},{"not_picked":["Tools of the Trade","After Image"],"picked":"Die Die Die+1","floor":16},{"not_picked":["Concentrate","Eviscerate+1"],"picked":"Cloak And Dagger","floor":17},{"not_picked":["Blade Dance","Reflex"],"picked":"Poisoned Stab+1","floor":18},{"not_picked":["Underhanded Strike+1","PiercingWail"],"picked":"Slice+1","floor":20},{"not_picked":["Backflip","Expertise"],"picked":"Adrenaline","floor":22},{"not_picked":["Acrobatics","All Out Attack+1"],"picked":"Venomology","floor":23},{"not_picked":["Acrobatics","Deflect","Choke+1"],"picked":"SKIP","floor":30},{"not_picked":["Underhanded Strike+1","Flying Knee+1","Blade Dance"],"picked":"SKIP","floor":31}],"player_experience":382723,"relics_obtained":[{"floor":6,"key":"Gremlin Horn"},{"floor":8,"key":"Ornamental Fan"},{"floor":9,"key":"Tingsha"},{"floor":23,"key":"The Courier"},{"floor":26,"key":"Matryoshka"},{"floor":27,"key":"Lantern"},{"floor":27,"key":"Tiny Chest"},{"floor":29,"key":"Red Mask"},{"floor":30,"key":"Girya"}],"event_choices":[{"damage_healed":0,"gold_gain":0,"player_choice":"Grow","damage_taken":0,"max_hp_gain":0,"max_hp_loss":0,"event_name":"Living Wall","floor":3,"gold_loss":0,"cards_upgraded":["Deadly Poison"]},{"damage_healed":0,"gold_gain":0,"player_choice":"Box","damage_taken":0,"relics_obtained":["Calipers"],"max_hp_gain":0,"max_hp_loss":0,"event_name":"Big Fish","floor":4,"gold_loss":0,"cards_obtained":["Regret"]},{"damage_healed":0,"gold_gain":0,"player_choice":"Entered Light","damage_taken":14,"max_hp_gain":0,"max_hp_loss":0,"event_name":"Shining Light","floor":5,"gold_loss":0,"cards_upgraded":["Defend_G","Strike_G"]},{"damage_healed":17,"gold_gain":0,"player_choice":"Healed and dodged fight","damage_taken":0,"max_hp_gain":0,"max_hp_loss":0,"event_name":"Mushrooms","floor":11,"gold_loss":0,"cards_obtained":["Parasite"]},{"damage_healed":0,"gold_gain":0,"player_choice":"Success","damage_taken":12,"relics_obtained":["Molten Egg 2"],"max_hp_gain":0,"max_hp_loss":0,"event_name":"Scrap Ooze","floor":13,"gold_loss":0},{"damage_healed":0,"gold_gain":0,"player_choice":"Obtained Relic","damage_taken":0,"relics_obtained":["Omamori"],"max_hp_gain":0,"max_hp_loss":0,"event_name":"Addict","floor":19,"gold_loss":85},{"damage_healed":0,"gold_gain":0,"player_choice":"Inject Mutagens","damage_taken":0,"relics_obtained":["MutagenicStrength"],"max_hp_gain":0,"max_hp_loss":0,"event_name":"Drug Dealer","floor":25,"gold_loss":0},{"damage_healed":0,"gold_gain":0,"player_choice":"Fought Bandits","damage_taken":0,"max_hp_gain":0,"max_hp_loss":0,"event_name":"Masked Bandits","floor":29,"gold_loss":0}],"is_beta":false,"boss_relics":[{"not_picked":["HoveringKite","Fusion Hammer"],"picked":"Tiny House"}],"items_purged_floors":[12,21],"is_endless":false,"potions_floor_spawned":[16,20,23],"killed_by":"Champ","ascension_level":7}}