{"host":"hca6liskeo7s99fa","time":1610048184,"event":{"mods":["BaseMod","Downfall","Minty Spire (QoL Compilation)","Replay The Spire","StSLib"],"gold_per_floor":[116,116,116,26,26,26,60,60,60,60,235,235,235,251,251,376,376,396,396,10,69,69,69,69,87,138,138,177,56,390,405,405,528,528,544,112,130,144,158,158,197,197,197,197,197,217,238,263,263,263],"floor_reached":51,"playtime":3189,"items_purged":[],"score":893,"play_id":"3d8f9a0d-9a21-4ee4-be26-6e84ffd9f5b0","local_time":"20210107143624","is_ascension_mode":true,"campfire_choices":[{"data":"PathToVictory","floor":6,"key":"SMITH"},{"data":"WreathOfFlame","floor":10,"key":"SMITH"},{"data":"Eruption","floor":13,"key":"SMITH"},{"data":"SashWhip","floor":15,"key":"SMITH"},{"data":"Fasting2","floor":23,"key":"SMITH"},{"floor":27,"key":"REST"},{"floor":32,"key":"REST"},{"data":"Omniscience","floor":40,"key":"SMITH"},{"data":"Slimebound:CheckThePlaybook","floor":42,"key":"SMITH"},{"floor":49,"key":"REST"}],"circlet_count":0,"master_deck":["Strike_P","Strike_P","Strike_P","Strike_P","Defend_P","Defend_P","Defend_P","Eruption+1","Replay:BluntJabs","Looming Evil","WreathOfFlame+1","PathToVictory+1","Replay:DivineShield+1","Regret","Doubt","SashWhip+1","Ragnarok","Replay:DivineShield+1","Slimebound:CheckThePlaybook+1","Slimebound:Icky","Fasting2+1","ReplayTheSpireMod:Splinters","Tantrum+1","Necronomicurse","SashWhip","JustLucky+1","Halt+1","expansioncontent:Torchfire","Consecrate+1","Consecrate+1","Omniscience+1","Regret","expansioncontent:Collect","Consecrate+1","BowlingBash","FlurryOfBlows","DeusExMachina"],"relics":["PureWater","Ring of Misfortune","ReplayTheSpireMod:Ring of Collecting","Golden Idol","Nunchaku","Toy Ornithopter","Ring of Panic","Lizard Tail","Replay:Grab Bag","Replay:Bronze Core","ReplayTheSpireMod:Onyx Gauntlets","Runic Pyramid","CaptainsWheel","Necronomicon","ReplayTheSpireMod:Ring of Exchange","Replay:Rubber Ducky","Red Mask","Old Coin","Strange Spoon","ReplayTheSpireMod:CursedCoin","Letter Opener","TeardropLocket","Replay:Mystery Machine","Ring of Searing"],"acts_visited":["Exordium","TheCity","TheBeyond"],"potions_floor_usage":[24,28,30,37,39,47,50],"damage_taken":[{"damage":1,"enemies":"Jaw Worm","floor":1,"turns":3},{"damage":6,"enemies":"Replay:BlueRogue","floor":7,"turns":6},{"damage":0,"enemies":"2 Louse","floor":14,"turns":3},{"damage":37,"enemies":"Fading Forest","floor":16,"turns":11},{"damage":3,"enemies":"Spheric Guardian","floor":18,"turns":3},{"damage":0,"enemies":"Replay:Snechameleon","floor":24,"turns":2},{"damage":0,"enemies":"Chosen","floor":25,"turns":2},{"damage":15,"enemies":"Masked Bandits","floor":28,"turns":4},{"damage":17,"enemies":"Slavers","floor":30,"turns":4},{"damage":6,"enemies":"Snecko","floor":31,"turns":3},{"damage":17,"enemies":"Pondfish","floor":33,"turns":6},{"damage":0,"enemies":"3 Darklings","floor":35,"turns":3},{"damage":19,"enemies":"3 Shapes","floor":37,"turns":3},{"damage":0,"enemies":"Writhing Mass","floor":38,"turns":4},{"damage":6,"enemies":"Transient","floor":39,"turns":5},{"damage":0,"enemies":"Giant Head","floor":41,"turns":4},{"damage":0,"enemies":"3 Darklings","floor":46,"turns":3},{"damage":15,"enemies":"Spire Growth","floor":47,"turns":2},{"damage":21,"enemies":"Jaw Worm Horde","floor":48,"turns":3},{"damage":108,"enemies":"Replay:Hell Engine","floor":50,"turns":4}],"seed_played":"-5457111801658982928","potions_obtained":[{"floor":1,"key":"Doom Potion"},{"floor":14,"key":"FairyPotion"},{"floor":21,"key":"SmokeBomb"},{"floor":25,"key":"DistilledChaos"},{"floor":28,"key":"Dexterity Potion"},{"floor":35,"key":"PowerPotion"},{"floor":37,"key":"SpeedPotion"},{"floor":46,"key":"BlessingOfTheForge"},{"floor":48,"key":"Strength Potion"}],"is_trial":false,"path_per_floor":["M","?","?","$","?","R","E","?","T","R","?","?","R","M","R","B",null,"M","?","$","?","?","R","E","M","T","R","?","$","E","M","R","B",null,"M","$","M","M","M","R","E","R","T","?","?","M","M","M","R","B",null],"character_chosen":"WATCHER","items_purchased":["WreathOfFlame","PathToVictory","CaptainsWheel","Fasting2","Halt+1","expansioncontent:Torchfire","ReplayTheSpireMod:CursedCoin","expansioncontent:Collect","Letter Opener","TeardropLocket"],"campfire_rested":3,"item_purchase_floors":[4,4,20,20,29,29,36,36,36,36],"current_hp_per_floor":[71,64,64,64,46,46,40,40,40,40,40,40,40,40,40,13,72,69,69,69,69,53,53,58,58,58,72,57,57,45,39,60,43,72,72,72,53,53,52,52,52,52,52,52,52,52,42,21,42,36],"gold":263,"neow_bonus":"TRANSFORM_CARD","is_daily":false,"chose_seed":false,"campfire_upgraded":7,"win_rate":0.0,"timestamp":1610048184,"path_taken":["M","?","?","$","?","R","E","?","T","R","?","?","R","M","R","BOSS","M","?","$","?","?","R","E","M","T","R","?","?","E","M","R","BOSS","M","$","M","M","M","R","E","R","T","?","?","?","M","M","R","BOSS"],"items_purchased_type":["Card","Card","Relic","Card","Card","Card","Relic","Card","Relic","Relic"],"build_version":"2020-12-22","purchased_purges":0,"victory":true,"max_hp_per_floor":[72,72,72,72,72,72,72,72,72,72,72,72,72,72,72,72,72,72,72,72,72,72,72,72,72,72,72,72,72,72,72,72,72,72,72,72,72,72,72,72,72,72,72,72,72,72,72,72,72,72],"card_choices":[{"not_picked":["ReachHeaven","Adaptation"],"picked":"Replay:BluntJabs","floor":1},{"not_picked":["BattleHymn","TalkToTheHand"],"picked":"Replay:DivineShield","floor":7},{"not_picked":["EmptyBody","JustLucky"],"picked":"SashWhip","floor":14},{"not_picked":["Devotion","Omniscience"],"picked":"Ragnarok","floor":16},{"not_picked":["JustLucky+1","Perseverance+1"],"picked":"Replay:DivineShield+1","floor":18},{"not_picked":["TalkToTheHand","CutThroughFate"],"picked":"Tantrum+1","floor":21},{"not_picked":["Prostrate","WaveOfTheHand"],"picked":"SashWhip","floor":25},{"not_picked":["FlyingSleeves","ThirdEye"],"picked":"JustLucky+1","floor":28},{"not_picked":["DeceiveReality","FollowUp+1"],"picked":"Consecrate+1","floor":30},{"not_picked":["WindmillStrike","Replay:ManipulateFuture"],"picked":"Consecrate+1","floor":31},{"not_picked":["Brilliance","MasterReality"],"picked":"Omniscience","floor":33},{"not_picked":["ThirdEye+1","Evaluate+1","EmptyFist"],"picked":"SKIP","floor":35},{"not_picked":["Replay:DivineShield+1","EmptyMind"],"picked":"Consecrate+1","floor":37},{"not_picked":["Replay:Battleflow","Replay:ManipulateFuture"],"picked":"BowlingBash","floor":38},{"not_picked":["CutThroughFate+1","EmptyFist","MentalFortress+1"],"picked":"SKIP","floor":39},{"not_picked":["Evaluate+1","Swivel+1","Perseverance+1"],"picked":"SKIP","floor":41},{"not_picked":["ThirdEye+1","Replay:ManipulateFuture+1","WaveOfTheHand+1"],"picked":"SKIP","floor":46},{"not_picked":["LikeWater","Worship"],"picked":"FlurryOfBlows","floor":47},{"not_picked":["EmptyFist+1","Protect+1"],"picked":"DeusExMachina","floor":48}],"player_experience":237776,"relics_obtained":[{"floor":3,"key":"Ring of Misfortune"},{"floor":3,"key":"ReplayTheSpireMod:Ring of Collecting"},{"floor":7,"key":"Nunchaku"},{"floor":9,"key":"Ring of Panic"},{"floor":9,"key":"Lizard Tail"},{"floor":22,"key":"Necronomicon"},{"floor":26,"key":"ReplayTheSpireMod:Ring of Exchange"},{"floor":26,"key":"Replay:Rubber Ducky"},{"floor":28,"key":"Red Mask"},{"floor":30,"key":"Old Coin"},{"floor":41,"key":"Replay:Mystery Machine"},{"floor":43,"key":"Ring of Searing"}],"event_choices":[{"cards_removed":["Nirvana"],"damage_healed":0,"gold_gain":0,"player_choice":"Card Removal","damage_taken":7,"max_hp_gain":0,"max_hp_loss":0,"event_name":"Golden Wing","floor":2,"gold_loss":0},{"damage_healed":0,"gold_gain":0,"player_choice":"Take Damage","damage_taken":18,"relics_obtained":["Golden Idol"],"max_hp_gain":0,"max_hp_loss":0,"event_name":"Golden Idol","floor":5,"gold_loss":0},{"damage_healed":0,"gold_gain":0,"player_choice":"Box","damage_taken":0,"relics_obtained":["Toy Ornithopter"],"max_hp_gain":0,"max_hp_loss":0,"event_name":"Big Fish","floor":8,"gold_loss":0,"cards_obtained":["Regret"]},{"damage_healed":0,"gold_gain":175,"player_choice":"AGREE","damage_taken":0,"max_hp_gain":0,"max_hp_loss":0,"event_name":"Liars Game","floor":11,"gold_loss":0,"cards_obtained":["Doubt"]},{"damage_healed":0,"gold_gain":0,"player_choice":"Grow","damage_taken":0,"max_hp_gain":0,"max_hp_loss":0,"event_name":"Living Wall","floor":12,"gold_loss":0,"cards_upgraded":["Replay:DivineShield"]},{"damage_healed":0,"gold_gain":0,"player_choice":"Obtained Book","damage_taken":16,"max_hp_gain":0,"max_hp_loss":0,"event_name":"Cursed Tome","floor":22,"gold_loss":0},{"damage_healed":0,"gold_gain":0,"player_choice":"Fought Bandits","damage_taken":0,"max_hp_gain":0,"max_hp_loss":0,"event_name":"Masked Bandits","floor":28,"gold_loss":0},{"cards_removed":["Defend_P"],"damage_healed":0,"gold_gain":0,"player_choice":"Removed Skill","damage_taken":0,"max_hp_gain":0,"max_hp_loss":0,"event_name":"Falling","floor":44,"gold_loss":0},{"damage_healed":0,"gold_gain":0,"player_choice":"Bought 0 Potions","damage_taken":0,"max_hp_gain":0,"max_hp_loss":0,"event_name":"The Woman in Blue","floor":45,"gold_loss":0}],"is_beta":false,"boss_relics":[{"not_picked":["Snecko Eye","Astrolabe"],"picked":"Replay:Grab Bag"},{"not_picked":["Velvet Choker","ReplayTheSpireMod:DimensionalGlitch"],"picked":"Replay:Bronze Core"},{"not_picked":["Busted Crown","Fusion Hammer"],"picked":"ReplayTheSpireMod:Onyx Gauntlets"},{"not_picked":["HolyWater","SlaversCollar"],"picked":"Runic Pyramid"},{"not_picked":["Cauldron","Painkiller Herb"],"picked":"Strange Spoon"}],"items_purged_floors":[],"is_endless":false,"potions_floor_spawned":[1,14,24,25,28,35,37,38,46,48],"ascension_level":1}}