{"host":"hc10rxcp314e8b64","time":1610019569,"event":{"mods":["AchievementEnabler","Act Like it!","BaseMod","BetterRewards","Downfall","Hallownest","Hermit","Jorbs\u0027s Wanderer Trilogy","Minty Spire (QoL Compilation)","Rare Cards Sparkle","Replay The Spire","Shop Mod","StSLib","The Bug Knight","The Construct","The Cursed","The Hierophant","The Jungle","The Runesmith"],"gold_per_floor":[129,174,128,128,176,176,176,236,287,332,332,410,410,459,459,791,791,837,837,837,837,312,312,165,198,198,297,38,93,148,193,205,552,727,801,537,579,758,823,823,823,859,859,908,1068,1068,1068,767,767,1076,1076,1109,771,823,327,386,386,386,233,233,324,376,376,376,376,376,688,688,747,508,258,258,313,313,402,402,509,727,815,815,848,210,210,525,525,577,623,326,326,326,326,425,425,545,545,545,623,623,723,723,1086,1086,1086],"floor_reached":102,"playtime":9127,"items_purged":[],"score":2407,"play_id":"4d521800-1e58-4d5d-89ec-4ac075f61894","local_time":"20210107193929","daily_mods":["Hoarder","Vintage","Heirloom","Midas"],"is_ascension_mode":false,"campfire_choices":[{"floor":6.0,"key":"DIG"},{"floor":15.0,"key":"DIG"},{"floor":23.0,"key":"REST"},{"floor":32.0,"key":"DIG"},{"floor":40.0,"key":"DIG"},{"floor":46.0,"key":"DIG"},{"floor":49.0,"key":"DIG"},{"floor":57.0,"key":"DIG"},{"floor":63.0,"key":"REST"},{"floor":66.0,"key":"REST"},{"floor":74.0,"key":"REST"},{"floor":80.0,"key":"REST"},{"data":"TheCursedMod:CursedBlade","floor":83.0,"key":"PURGE"},{"floor":91.0,"key":"REST"},{"floor":95.0,"key":"REST"},{"floor":98.0,"key":"REST"},{"data":"TheCursedMod:LuckyCharm+1","floor":100.0,"key":"PURGE"}],"circlet_count":0,"master_deck":["TheCursedMod:Strike_TheCursed+1","TheCursedMod:Strike_TheCursed","TheCursedMod:Strike_TheCursed+1","TheCursedMod:Defend_TheCursed+1","TheCursedMod:Defend_TheCursed","TheCursedMod:Defend_TheCursed+1","TheCursedMod:Defend_TheCursed","TheCursedMod:CursedWand+1","TheCursedMod:CleanUpWorkshop","TheCursedMod:Dregs","TheCursedMod:RapidMovement+1","TheCursedMod:RapidMovement+1","TheCursedMod:RapidMovement+1","TheCursedMod:DarkBarrier+1","TheCursedMod:DarkBarrier+1","Injury","Injury","Injury","TheCursedMod:DemonicPact","TheCursedMod:DemonicPact","TheCursedMod:DemonicPact+1","Necronomicurse","Necronomicurse","TheCursedMod:CursedAmulet+1","TheCursedMod:CursedAmulet","TheCursedMod:CursedAmulet+1","TheCursedMod:AshesToAshes","TheCursedMod:AshesToAshes+1","TheCursedMod:AshesToAshes+1","TheCursedMod:HellfireBreathing+1","TheCursedMod:HellfireBreathing+1","TheCursedMod:HellfireBreathing+1","TheCursedMod:DemonSword","TheCursedMod:DemonSword+1","TheCursedMod:CursedBlade","TheCursedMod:CursedBlade","TheCursedMod:CursedBlade+1","TheCursedMod:CursedBlade+1","TheCursedMod:CircleOfAmplification+1","TheCursedMod:CircleOfAmplification+1","TheCursedMod:NeowsMight","TheCursedMod:NeowsMight","TheCursedMod:NeowsMight+1","TheCursedMod:LuckyCharm","TheCursedMod:LuckyCharm","TheCursedMod:LuckyCharm","TheCursedMod:SpitefulPray","TheCursedMod:SpitefulPray","TheCursedMod:SpitefulPray+1","TheCursedMod:SpitefulPray","TheCursedMod:SpitefulPray","TheCursedMod:SpitefulPray+1","TheCursedMod:CircleOfAbyss+1","TheCursedMod:CircleOfAbyss+1","TheCursedMod:CircleOfAbyss+1","TheCursedMod:LuckyCharm+1","TheCursedMod:LuckyCharm+1","TheCursedMod:CircleOfWindfury+1","TheCursedMod:CircleOfWindfury+1","TheCursedMod:CircleOfWindfury+1","TheCursedMod:LuckyCharm","TheCursedMod:LuckyCharm+1","TheCursedMod:LuckyCharm+1","TheCursedMod:ManaCirculation+1","TheCursedMod:ManaCirculation+1","TheCursedMod:ManaCirculation+1","TheCursedMod:CollectTribute+1","TheCursedMod:CollectTribute+1","TheCursedMod:CollectTribute+1","TheCursedMod:BlessingInDisguise+1","TheCursedMod:BlessingInDisguise+1","TheCursedMod:BlessingInDisguise+1","TheCursedMod:SurpriseAttack","TheCursedMod:SurpriseAttack"],"relics":["TheCursedMod:BlackMagic101","Shovel","Replay:Towering Pillar of Hats","Garlic","Orichalcum","Pantograph","Ginger","Simple Rune","Mummified Hand","Golden Idol","Pocketwatch","StrikeDummy","construct:FoamFinger","Ornamental Fan","Runesmith:Nanobots","MerchantsRug","Replay:Baseball","Gremlin Horn","Onion Ring","Quantum Egg","Replay:WaspNest","Potion Belt","MawBank","Whetstone","Tiny House","TheCursedMod:SoulVessel","Mango","champ:DeflectingBracers","Counterbalance","Chameleon Ring","Juzu Bracelet","ReplayTheSpireMod:Ninjato","Replay:Bottled Snecko","Hallownest:GodTamersBeastRelic","TheCursedMod:CrystalBall","Lantern","champ:Barbells","Happy Flower","Runesmith:AutoHammer","construct:ClawGrip","Eternal Feather","Bottled Lightning","Question Card","HollowMod:JonisBlessing","Letter Opener","Akabeko","Dream Catcher","Golden Egg","HollowMod:LifeEnderRelic","Philosopher\u0027s Stone","Tiny Chest","OrangePellets","Hallownest:UnbreakableCardRelic","Anchor","The Courier","War Paint","Gremlin Food","Matryoshka","Toxic Egg 2","Replay:PocketPolymizer","Frozen Egg 2","HollowMod:PaleOreRelic","Replay:Bandana","Replay:Rubber Ducky","Strawberry","White Beast Statue","Empty Cage"],"acts_visited":["Exordium","TheCity","Hallownest:KingdomsEdge","Hallownest:Greenpath","Hallownest:CityofTears","TheBeyond","Exordium"],"potions_floor_usage":[],"damage_taken":[{"damage":0.0,"enemies":"Small Slimes","floor":1.0,"turns":4.0},{"damage":1.0,"enemies":"Jaw Worm","floor":2.0,"turns":5.0},{"damage":0.0,"enemies":"Cultist","floor":5.0,"turns":4.0},{"damage":0.0,"enemies":"Lots of Slimes","floor":8.0,"turns":9.0},{"damage":0.0,"enemies":"Blue Slaver","floor":10.0,"turns":4.0},{"damage":4.0,"enemies":"Replay:BlueRogue","floor":12.0,"turns":11.0},{"damage":1.0,"enemies":"Exordium Wildlife","floor":14.0,"turns":6.0},{"damage":17.0,"enemies":"Slime Boss","floor":16.0,"turns":12.0},{"damage":19.0,"enemies":"Spheric Guardian","floor":18.0,"turns":6.0},{"damage":0.0,"enemies":"3 Byrds","floor":25.0,"turns":4.0},{"damage":0.0,"enemies":"Snecko","floor":29.0,"turns":4.0},{"damage":0.0,"enemies":"Snake Plant","floor":30.0,"turns":4.0},{"damage":54.0,"enemies":"Automaton","floor":33.0,"turns":7.0},{"damage":7.0,"enemies":"Hallownest:2_Littles","floor":35.0,"turns":4.0},{"damage":0.0,"enemies":"Hallownest:Shield_Heavy","floor":37.0,"turns":3.0},{"damage":25.0,"enemies":"Hallownest:2_Primals","floor":38.0,"turns":4.0},{"damage":8.0,"enemies":"Hallownest:2_Wandering_and_1_Horned","floor":39.0,"turns":4.0},{"damage":1.0,"enemies":"Hallownest:2_Wing_and_1_Kings","floor":42.0,"turns":3.0},{"damage":5.0,"enemies":"Hallownest:monsterPrimalAspid","floor":44.0,"turns":4.0},{"damage":7.0,"enemies":"Hallownest:monsterPrimalAspid","floor":45.0,"turns":4.0},{"damage":10.0,"enemies":"Hallownest:monsterPrimalAspid","floor":45.0,"turns":4.0},{"damage":0.0,"enemies":"Hallownest:monsterPrimalAspid","floor":45.0,"turns":3.0},{"damage":0.0,"enemies":"Hallownest:monsterPrimalAspid","floor":45.0,"turns":2.0},{"damage":65.0,"enemies":"Hallownest:BossHollowKnight","floor":50.0,"turns":5.0},{"damage":0.0,"enemies":"Hallownest:2_MossCreeps","floor":52.0,"turns":1.0},{"damage":0.0,"enemies":"Hallownest:monsterHuskGuard","floor":54.0,"turns":1.0},{"damage":0.0,"enemies":"Hallownest:monsterHuskWarrior","floor":56.0,"turns":2.0},{"damage":0.0,"enemies":"Hallownest:eliteMossKnight","floor":61.0,"turns":2.0},{"damage":0.0,"enemies":"Hallownest:1_Ooma_and_2_Uuma","floor":62.0,"turns":1.0},{"damage":0.0,"enemies":"Hallownest:BossHornet","floor":67.0,"turns":2.0},{"damage":0.0,"enemies":"Hallownest:2_Mistakes","floor":69.0,"turns":3.0},{"damage":0.0,"enemies":"Hallownest:Guard_and_Sentry","floor":73.0,"turns":3.0},{"damage":0.0,"enemies":"Hallownest:Glutton_and_Coward","floor":75.0,"turns":1.0},{"damage":0.0,"enemies":"Hallownest:eliteSoulWarrior","floor":77.0,"turns":2.0},{"damage":0.0,"enemies":"Hallownest:eliteWatcherKnight","floor":79.0,"turns":6.0},{"damage":0.0,"enemies":"Hallownest:2_Flukemon","floor":81.0,"turns":2.0},{"damage":0.0,"enemies":"Hallownest:BossSoulMaster","floor":84.0,"turns":4.0},{"damage":0.0,"enemies":"Orb Walker","floor":86.0,"turns":2.0},{"damage":9.0,"enemies":"3 Darklings","floor":87.0,"turns":2.0},{"damage":11.0,"enemies":"R_Hoarder","floor":92.0,"turns":5.0},{"damage":0.0,"enemies":"Giant Head","floor":94.0,"turns":4.0},{"damage":0.0,"enemies":"4 Shapes","floor":97.0,"turns":1.0},{"damage":0.0,"enemies":"Replay:Hell Engine","floor":101.0,"turns":6.0}],"seed_played":"-6993172012557251754","potions_obtained":[{"floor":10.0,"key":"SpeedPotion"},{"floor":12.0,"key":"Fire Potion"},{"floor":25.0,"key":"FearPotion"},{"floor":30.0,"key":"Weak Potion"},{"floor":33.0,"key":"FairyPotion"},{"floor":34.0,"key":"Block Potion"},{"floor":39.0,"key":"SteroidPotion"},{"floor":52.0,"key":"SkillPotion"},{"floor":54.0,"key":"SteroidPotion"}],"is_trial":true,"path_per_floor":["M","M","$","?","M","R","T","M","T","M","$","E","?","M","R","B",null,"M","?","?","?","$","R","$","M","T","?","$","M","M","T","R","B",null,"M","$","M","?","M","R","?","M","T","M","?","R","T","$","R","B",null,"M","$","M","$","M","R","?","$","T","E","M","R","?","?","R","B",null,"M","$","?","?","M","R","M","?","E","?","E","R","M","$","R","B",null,"M","M","$","?","?","R","E","?","E","R","?","M","R","?","R","B",null],"character_chosen":"THE_CURSED","items_purchased":["TheCursedMod:RapidMovement","TheCursedMod:AshesToAshes","Runesmith:Nanobots","TheCursedMod:HellfireBreathing+1","MerchantsRug","Replay:Baseball","Quantum Egg","TheCursedMod:CursedBlade","Mango","champ:Barbells","Happy Flower","Bottled Lightning","Fruit Juice","TheCursedMod:LuckyCharm","Question Card","HollowMod:JonisBlessing","Dream Catcher","TheCursedMod:LuckyCharm","OrangePellets","Toxic Egg 2","Replay:PocketPolymizer","Frozen Egg 2","TheCursedMod:BlessingInDisguise+1","Replay:Rubber Ducky","Strawberry"],"campfire_rested":8,"item_purchase_floors":[3,22,22,22,22,24,28,36,36,48,48,53,53,55,55,55,59,70,70,82,82,82,88,88,88],"current_hp_per_floor":[75,74,74,74,74,74,74,74,74,74,74,70,70,69,69,58,75,56,40,40,40,40,62,62,62,62,62,62,62,62,62,62,21,80,73,87,94,73,73,73,73,75,75,74,78,78,78,78,78,39,94,94,101,101,101,101,101,101,101,101,101,101,101,101,91,101,101,101,101,101,101,101,101,101,101,101,101,76,76,101,101,101,101,101,101,101,92,99,99,99,108,97,97,97,108,108,108,108,108,108,108,108,108],"gold":1086,"neow_bonus":"","is_daily":false,"chose_seed":false,"campfire_upgraded":0,"win_rate":0.0,"timestamp":1610019569,"path_taken":["M","M","$","?","M","R","?","M","T","?","?","E","?","M","R","BOSS","M","?","?","?","$","R","$","M","T","?","$","M","M","?","R","BOSS","M","$","M","?","M","R","?","M","T","M","?","R","?","$","R","BOSS","M","$","M","$","M","R","?","$","T","E","M","R","?","?","R","BOSS","M","$","?","?","M","R","M","?","E","?","E","R","M","$","R","BOSS","M","M","$","?","?","R","E","?","E","R","?","M","R","?","R","BOSS"],"items_purchased_type":["Card","Card","Relic","Card","Relic","Relic","Relic","Card","Relic","Relic","Relic","Relic","Potion","Card","Relic","Relic","Relic","Card","Relic","Relic","Relic","Relic","Card","Relic","Relic"],"build_version":"2020-12-22","purchased_purges":0,"victory":false,"max_hp_per_floor":[75,75,75,75,75,75,75,75,75,75,75,75,75,75,75,75,75,75,75,75,75,75,75,75,75,75,75,75,75,75,75,75,75,80,80,94,94,94,94,94,94,94,94,94,94,94,94,94,94,94,94,94,101,101,101,101,101,101,101,101,101,101,101,101,101,101,101,101,101,101,101,101,101,101,101,101,101,101,101,101,101,101,101,101,101,101,101,108,108,108,108,108,108,108,108,108,108,108,108,108,108,108,108],"card_choices":[{"not_picked":["TheCursedMod:BloodBarrier","TheCursedMod:CircleOfFlame"],"picked":"TheCursedMod:DarkBarrier","floor":12.0},{"not_picked":["TheCursedMod:OutForBlood","TheCursedMod:Neurasthenia"],"picked":"TheCursedMod:DemonicPact","floor":16.0},{"not_picked":["TheCursedMod:Neurasthenia","TheCursedMod:DarkBarrier"],"picked":"TheCursedMod:DemonSword","floor":33.0},{"not_picked":["TheCursedMod:CircleOfCorruption+1","TheCursedMod:BlessingInDisguise"],"picked":"TheCursedMod:CursedBlade","floor":34.0},{"not_picked":["TheCursedMod:CircleOfCorruption+1","TheCursedMod:Stigma"],"picked":"TheCursedMod:CircleOfAmplification+1","floor":38.0},{"not_picked":["TheCursedMod:DemonicPact","TheCursedMod:UltimatePain"],"picked":"TheCursedMod:NeowsMight","floor":50.0},{"not_picked":["TheCursedMod:Obscuration","TheCursedMod:SpitefulPlan","TheCursedMod:RapidMovement"],"picked":"TheCursedMod:SpitefulPray","floor":61.0},{"not_picked":["TheCursedMod:DarkBarrier","TheCursedMod:ReleasedKnowledge","TheCursedMod:Stigma"],"picked":"TheCursedMod:SpitefulPray","floor":66.0},{"not_picked":["TheCursedMod:AntiAging","TheCursedMod:ManaCirculation","TheCursedMod:Neurasthenia"],"picked":"TheCursedMod:CircleOfAbyss","floor":67.0},{"not_picked":["TheCursedMod:RapidMovement","TheCursedMod:AshesToAshes","TheCursedMod:CursedBoomerang"],"picked":"TheCursedMod:CircleOfWindfury+1","floor":74.0},{"not_picked":["TheCursedMod:CursedShiv","TheCursedMod:CursedArmor","TheCursedMod:TacticalStrike","TheCursedMod:BloodBarrier"],"picked":"SKIP","floor":77.0},{"not_picked":["TheCursedMod:Obscuration+1","TheCursedMod:RapidMovement+1","TheCursedMod:FleshFromBone"],"picked":"TheCursedMod:LuckyCharm","floor":78.0},{"not_picked":["TheCursedMod:DoubleShield","TheCursedMod:ManaBullet+1","TheCursedMod:StingEye"],"picked":"TheCursedMod:ManaCirculation","floor":79.0},{"not_picked":["TheCursedMod:DarkBarrier+1","TheCursedMod:StunningStrike","TheCursedMod:ManaCirculation+1"],"picked":"TheCursedMod:CollectTribute+1","floor":84.0},{"not_picked":["TheCursedMod:SpreadPlague+1","TheCursedMod:CircleOfCorruption+1","TheCursedMod:CursedShiv+1","TheCursedMod:RavingStaff"],"picked":"SKIP","floor":92.0},{"not_picked":["TheCursedMod:Grudge+1","TheCursedMod:ReleasedStrength+1","TheCursedMod:SmokeScreen+1","TheCursedMod:CursedBoomerang"],"picked":"SKIP","floor":94.0}],"player_experience":126571,"relics_obtained":[{"floor":1.0,"key":"Replay:Towering Pillar of Hats"},{"floor":2.0,"key":"Garlic"},{"floor":5.0,"key":"Orichalcum"},{"floor":7.0,"key":"Pantograph"},{"floor":8.0,"key":"Ginger"},{"floor":9.0,"key":"Simple Rune"},{"floor":12.0,"key":"Mummified Hand"},{"floor":14.0,"key":"Pocketwatch"},{"floor":15.0,"key":"StrikeDummy"},{"floor":18.0,"key":"construct:FoamFinger"},{"floor":19.0,"key":"Necronomicon"},{"floor":25.0,"key":"Gremlin Horn"},{"floor":26.0,"key":"Onion Ring"},{"floor":29.0,"key":"Replay:WaspNest"},{"floor":30.0,"key":"Potion Belt"},{"floor":31.0,"key":"MawBank"},{"floor":32.0,"key":"Whetstone"},{"floor":35.0,"key":"TheCursedMod:SoulVessel"},{"floor":37.0,"key":"champ:DeflectingBracers"},{"floor":38.0,"key":"Counterbalance"},{"floor":39.0,"key":"Chameleon Ring"},{"floor":40.0,"key":"Juzu Bracelet"},{"floor":43.0,"key":"ReplayTheSpireMod:Ninjato"},{"floor":44.0,"key":"Replay:Bottled Snecko"},{"floor":46.0,"key":"TheCursedMod:CrystalBall"},{"floor":47.0,"key":"Lantern"},{"floor":49.0,"key":"Runesmith:AutoHammer"},{"floor":52.0,"key":"Eternal Feather"},{"floor":56.0,"key":"Letter Opener"},{"floor":57.0,"key":"Akabeko"},{"floor":60.0,"key":"Golden Egg"},{"floor":62.0,"key":"HollowMod:LifeEnderRelic"},{"floor":69.0,"key":"Tiny Chest"},{"floor":73.0,"key":"Anchor"},{"floor":75.0,"key":"The Courier"},{"floor":78.0,"key":"Gremlin Food"},{"floor":81.0,"key":"Matryoshka"},{"floor":86.0,"key":"HollowMod:PaleOreRelic"},{"floor":87.0,"key":"Replay:Bandana"},{"floor":97.0,"key":"White Beast Statue"}],"event_choices":[{"damage_healed":0.0,"max_hp_gain":0.0,"max_hp_loss":0.0,"gold_gain":0.0,"event_name":"Golden Idol","player_choice":"Take Wound","floor":13.0,"gold_loss":0.0,"damage_taken":0.0,"relics_obtained":["Golden Idol"],"cards_obtained":["Injury"]},{"damage_healed":0.0,"max_hp_gain":0.0,"max_hp_loss":0.0,"gold_gain":0.0,"event_name":"Cursed Tome","player_choice":"Obtained Book","floor":19.0,"gold_loss":0.0,"damage_taken":16.0},{"damage_healed":0.0,"max_hp_gain":0.0,"max_hp_loss":0.0,"gold_gain":0.0,"event_name":"The Mausoleum","player_choice":"Opened","floor":20.0,"gold_loss":0.0,"damage_taken":0.0,"relics_obtained":["Ornamental Fan"]},{"damage_healed":0.0,"max_hp_gain":0.0,"max_hp_loss":0.0,"gold_gain":0.0,"event_name":"The Library","player_choice":"Read","floor":21.0,"gold_loss":0.0,"damage_taken":0.0,"cards_obtained":["TheCursedMod:CursedAmulet"]},{"damage_healed":0.0,"max_hp_gain":0.0,"max_hp_loss":0.0,"gold_gain":99.0,"event_name":"Nest","player_choice":"Stole From Cult","floor":27.0,"gold_loss":0.0,"damage_taken":0.0},{"cards_removed":["TheCursedMod:DemonSword"],"damage_healed":0.0,"max_hp_gain":0.0,"max_hp_loss":0.0,"gold_gain":0.0,"event_name":"Purifier","player_choice":"Purged","floor":89.0,"gold_loss":0.0,"damage_taken":0.0},{"damage_healed":0.0,"max_hp_gain":0.0,"max_hp_loss":0.0,"gold_gain":0.0,"event_name":"Tomb of Lord Red Mask","player_choice":"Ignored","floor":90.0,"gold_loss":0.0,"damage_taken":0.0},{"cards_removed":["TheCursedMod:Strike_TheCursed"],"damage_healed":0.0,"max_hp_gain":0.0,"max_hp_loss":0.0,"gold_gain":0.0,"event_name":"Falling","player_choice":"Removed Attack","floor":93.0,"gold_loss":0.0,"damage_taken":0.0},{"damage_healed":0.0,"max_hp_gain":0.0,"max_hp_loss":0.0,"gold_gain":0.0,"event_name":"SensoryStone","player_choice":"Memory 1","floor":96.0,"gold_loss":0.0,"damage_taken":0.0},{"damage_healed":0.0,"max_hp_gain":0.0,"max_hp_loss":0.0,"gold_gain":100.0,"event_name":"Golden Shrine","player_choice":"Pray","floor":99.0,"gold_loss":0.0,"damage_taken":0.0}],"is_beta":false,"boss_relics":[{"not_picked":["Cursed Key","Replay:Fungal Core","Runic Pyramid"]},{"not_picked":["SacredBark","Replay:Grab Bag"],"picked":"Tiny House"},{"not_picked":["expansioncontent:StudyCardRelic","Snecko Heart"],"picked":"construct:ClawGrip"},{"not_picked":["Snecko Eye","Abe\u0027s Treasure"],"picked":"Philosopher\u0027s Stone"},{"not_picked":["Replay:Bronze Core","Calling Bell","Honey Jar"]},{"not_picked":["TheCursedMod:FourLeafCloverCharm","Pandora\u0027s Box"],"picked":"Empty Cage"}],"items_purged_floors":[],"is_endless":true,"potions_floor_spawned":[10,12,25,30,33,35,39,44,45,52,54,73,75,86,87,97,101],"ascension_level":0}}