{"host":"w3x3n9s6mrz4xpf0","time":1610026699,"event":{"mods":["BaseMod","Minty Spire (QoL Compilation)","StSLib","SuperFastMode"],"gold_per_floor":[116,126,201,219,238,238,238,248,271,196,196,196,196,207,207,207,207],"floor_reached":16,"playtime":634,"items_purged":["Strike_G"],"score":184,"play_id":"21ae99b8-e0f3-4dac-b11c-0161601a23bb","local_time":"20210107223819","is_ascension_mode":true,"campfire_choices":[{"data":"Outmaneuver","floor":6,"key":"SMITH"},{"data":"Dash","floor":12,"key":"SMITH"},{"data":"Leg Sweep","floor":15,"key":"SMITH"}],"circlet_count":0,"master_deck":["AscendersBane","Strike_G","Strike_G","Strike_G","Strike_G","Defend_G","Defend_G","Defend_G","Defend_G","Defend_G","Survivor","Neutralize","Dagger Throw","Poisoned Stab","Dash+1","Outmaneuver+1","Leg Sweep+1","Pain"],"relics":["Snecko Eye","Vajra","WarpedTongs"],"acts_visited":["Exordium"],"potions_floor_usage":[16],"damage_taken":[{"damage":20,"enemies":"Jaw Worm","floor":1,"turns":8},{"damage":7,"enemies":"Small Slimes","floor":2,"turns":5},{"damage":0,"enemies":"Cultist","floor":4,"turns":3},{"damage":4,"enemies":"Exordium Thugs","floor":5,"turns":5},{"damage":0,"enemies":"Large Slime","floor":8,"turns":5},{"damage":1,"enemies":"Lots of Slimes","floor":14,"turns":7},{"damage":37,"enemies":"Hexaghost","floor":16,"turns":15}],"seed_played":"-1127445006305889220","potions_obtained":[{"floor":5,"key":"FairyPotion"},{"floor":8,"key":"SpeedPotion"}],"is_trial":false,"path_per_floor":["M","M","?","M","M","R","?","M","T","$","?","R","?","M","R","B"],"character_chosen":"THE_SILENT","items_purchased":[],"campfire_rested":0,"item_purchase_floors":[],"current_hp_per_floor":[39,32,21,21,17,17,17,17,17,17,17,17,17,16,16,0,0],"gold":207,"neow_bonus":"BOSS_RELIC","is_daily":false,"chose_seed":false,"campfire_upgraded":3,"win_rate":0.0,"timestamp":1610026699,"path_taken":["M","M","?","M","M","R","?","M","T","$","?","R","?","M","R","BOSS"],"items_purchased_type":[],"build_version":"2020-12-22","purchased_purges":1,"victory":false,"max_hp_per_floor":[66,66,66,66,66,66,66,66,66,66,66,66,66,66,66,66,66],"card_choices":[{"not_picked":["Deflect","PiercingWail"],"picked":"Dagger Throw","floor":1},{"not_picked":["Masterful Stab","Sucker Punch"],"picked":"Poisoned Stab","floor":2},{"not_picked":["Concentrate","Cloak And Dagger"],"picked":"Dash","floor":4},{"not_picked":["Well Laid Plans","Flying Knee"],"picked":"Outmaneuver","floor":5},{"not_picked":["Dash","Flying Knee"],"picked":"Leg Sweep","floor":8},{"not_picked":["Poisoned Stab","Dagger Throw","Dodge and Roll"],"picked":"SKIP","floor":14}],"player_experience":117543,"relics_obtained":[{"floor":9,"key":"Vajra"}],"event_choices":[{"damage_healed":0,"gold_gain":75,"player_choice":"Gather Gold","damage_taken":11,"max_hp_gain":0,"max_hp_loss":0,"event_name":"World of Goop","floor":3,"gold_loss":0},{"damage_healed":0,"gold_gain":0,"player_choice":"Ignored","damage_taken":0,"max_hp_gain":0,"max_hp_loss":0,"event_name":"Shining Light","floor":7,"gold_loss":0},{"damage_healed":0,"gold_gain":0,"player_choice":"Ignored","damage_taken":0,"max_hp_gain":0,"max_hp_loss":0,"event_name":"Liars Game","floor":11,"gold_loss":0},{"damage_healed":0,"gold_gain":0,"player_choice":"Rummage","damage_taken":0,"relics_obtained":["WarpedTongs"],"max_hp_gain":0,"max_hp_loss":0,"event_name":"Accursed Blacksmith","floor":13,"gold_loss":0,"cards_obtained":["Pain"]}],"is_beta":false,"boss_relics":[],"items_purged_floors":[10],"is_endless":false,"potions_floor_spawned":[5,8],"killed_by":"Hexaghost","ascension_level":20}}