{"host":"u7lm8z2rvb4dg2oo","time":1610001559,"event":{"mods":["AchievementEnabler","BaseMod","Colored Map","Colored Powertips","Curses Come First","Googly Eyes","Highlight Path","Minty Spire (QoL Compilation)","Quick Restart","StSLib"],"gold_per_floor":[115,132,146,166,176,201,201,214,263,290,301,301,380,412,412,510,510,522,33,53,66,81,107,107,27,27,61,61,61,61,96,96,201,251,263,278,278,278,278,309,320,332,356,389,401,401,413,27,27,27],"floor_reached":51,"playtime":3715,"items_purged":["Strike_P","Strike_P","Strike_P"],"score":1339,"play_id":"e1cede64-f61a-43b2-ab8a-df75c3e4821c","local_time":"20210107013919","is_ascension_mode":true,"campfire_choices":[{"data":"Eruption","floor":7.0,"key":"SMITH"},{"data":"Conclude","floor":12.0,"key":"SMITH"},{"floor":15.0,"key":"REST"},{"data":"ForeignInfluence","floor":24.0,"key":"SMITH"},{"data":"Blasphemy","floor":28.0,"key":"SMITH"},{"data":"TalkToTheHand","floor":30.0,"key":"SMITH"},{"data":"LessonLearned","floor":32.0,"key":"SMITH"},{"data":"ReachHeaven","floor":46,"key":"SMITH"},{"data":"Establishment","floor":49,"key":"SMITH"}],"circlet_count":0,"master_deck":["AscendersBane","Strike_P+1","Defend_P+1","Defend_P+1","Defend_P+1","Defend_P+1","Eruption+1","Vigilance","Conclude+1","WheelKick+1","Prostrate+1","ReachHeaven+1","LessonLearned+1","Protect+1","TalkToTheHand+1","Blasphemy+1","ForeignInfluence+1","Vault+1","CutThroughFate+1","Prostrate","Madness+1","Madness","Vault+1","DeusExMachina+1","MentalFortress","Wireheading+1","Wallop","Establishment+1"],"relics":["PureWater","PreservedInsect","White Beast Statue","Damaru","Turnip","The Courier","SacredBark","Lizard Tail","Toy Ornithopter","Omamori","Eternal Feather","Blood Vial","Necronomicon","CaptainsWheel","Tiny House","Strawberry","Nunchaku","Mummified Hand"],"acts_visited":["Exordium","TheCity","TheBeyond"],"potions_floor_usage":[33,33,35,36,45,45,50,50],"damage_taken":[{"damage":2.0,"enemies":"2 Louse","floor":1.0,"turns":3.0},{"damage":0.0,"enemies":"Jaw Worm","floor":2.0,"turns":3.0},{"damage":0.0,"enemies":"Cultist","floor":3.0,"turns":2.0},{"damage":0.0,"enemies":"Gremlin Gang","floor":4.0,"turns":1.0},{"damage":0.0,"enemies":"Large Slime","floor":5.0,"turns":3.0},{"damage":8.0,"enemies":"Gremlin Nob","floor":6.0,"turns":3.0},{"damage":3.0,"enemies":"Blue Slaver","floor":8.0,"turns":4.0},{"damage":3.0,"enemies":"3 Sentries","floor":10.0,"turns":3.0},{"damage":0.0,"enemies":"Red Slaver","floor":11.0,"turns":4.0},{"damage":12.0,"enemies":"Gremlin Nob","floor":14.0,"turns":3.0},{"damage":25.0,"enemies":"The Guardian","floor":16.0,"turns":10.0},{"damage":8.0,"enemies":"3 Byrds","floor":18.0,"turns":4.0},{"damage":0.0,"enemies":"Spheric Guardian","floor":20.0,"turns":2.0},{"damage":0.0,"enemies":"Centurion and Healer","floor":21.0,"turns":2.0},{"damage":26.0,"enemies":"Chosen and Byrds","floor":22.0,"turns":8.0},{"damage":15.0,"enemies":"Gremlin Leader","floor":23.0,"turns":5.0},{"damage":4.0,"enemies":"Book of Stabbing","floor":27.0,"turns":3.0},{"damage":0.0,"enemies":"Gremlin Leader","floor":31.0,"turns":1.0},{"damage":0,"enemies":"Champ","floor":33,"turns":9},{"damage":0,"enemies":"Orb Walker","floor":35,"turns":1},{"damage":11,"enemies":"3 Shapes","floor":36,"turns":2},{"damage":0,"enemies":"Giant Head","floor":40,"turns":7},{"damage":0,"enemies":"Sphere and 2 Shapes","floor":41,"turns":3},{"damage":22,"enemies":"Writhing Mass","floor":42,"turns":7},{"damage":0,"enemies":"Reptomancer","floor":44,"turns":2},{"damage":15,"enemies":"Spire Growth","floor":45,"turns":5},{"damage":7,"enemies":"Sphere and 2 Shapes","floor":47,"turns":3},{"damage":101,"enemies":"Awakened One","floor":50,"turns":12}],"seed_played":"1034769498583720509","potions_obtained":[{"floor":1.0,"key":"Dexterity Potion"},{"floor":8.0,"key":"PowerPotion"},{"floor":10.0,"key":"SkillPotion"},{"floor":11.0,"key":"EssenceOfSteel"},{"floor":14.0,"key":"BlessingOfTheForge"},{"floor":16.0,"key":"SpeedPotion"},{"floor":18.0,"key":"Weak Potion"},{"floor":20.0,"key":"Explosive Potion"},{"floor":21.0,"key":"Regen Potion"},{"floor":22.0,"key":"LiquidMemories"},{"floor":23.0,"key":"StancePotion"},{"floor":27.0,"key":"EssenceOfSteel"},{"floor":33,"key":"PowerPotion"},{"floor":34,"key":"GamblersBrew"},{"floor":35,"key":"ColorlessPotion"},{"floor":36,"key":"LiquidMemories"},{"floor":40,"key":"SteroidPotion"},{"floor":41,"key":"LiquidBronze"},{"floor":44,"key":"Ambrosia"},{"floor":45,"key":"Weak Potion"},{"floor":47,"key":"Explosive Potion"}],"is_trial":false,"path_per_floor":["M","M","M","M","M","E","R","M","T","E","M","R","?","E","R","B",null,"M","$","M","M","M","E","R","$","T","E","R","?","R","E","R","B",null,"M","M","$","?","?","E","M","M","T","E","M","R","M","$","R","B",null],"character_chosen":"WATCHER","items_purchased":["Lizard Tail","Toy Ornithopter","TalkToTheHand","Regen Potion","Dexterity Potion","Wallop","Establishment"],"campfire_rested":1,"item_purchase_floors":[19,19,19,48,48,48,48],"current_hp_per_floor":[63,63,63,63,63,55,55,52,52,49,49,49,49,37,58,33,62,54,54,54,59,58,48,48,48,48,49,58,42,51,53,62,72,77,77,66,66,56,56,65,67,47,47,49,46,61,56,56,71,37],"gold":27,"neow_bonus":"RANDOM_COMMON_RELIC","is_daily":false,"chose_seed":false,"campfire_upgraded":8,"win_rate":0.0,"timestamp":1610001559,"path_taken":["M","M","M","M","M","E","R","M","T","E","M","R","?","E","R","BOSS","M","$","M","M","M","E","R","$","T","E","R","?","R","E","R","BOSS","M","M","$","?","?","E","M","?","T","E","M","R","?","$","R","BOSS"],"items_purchased_type":["Relic","Relic","Card","Potion","Potion","Card","Card"],"build_version":"2020-12-22","purchased_purges":3,"victory":true,"max_hp_per_floor":[72,72,72,72,72,72,72,72,72,72,72,72,72,72,72,72,72,72,72,72,72,72,72,72,72,72,72,72,72,72,72,72,72,77,77,77,77,77,77,84,84,84,84,84,84,84,84,84,84,84],"card_choices":[{"not_picked":["EmptyMind","EmptyBody","FlyingSleeves"],"picked":"SKIP","floor":1.0},{"not_picked":["Swivel","SignatureMove"],"picked":"Conclude","floor":2.0},{"not_picked":["FollowUp","Study","Collect"],"picked":"SKIP","floor":3.0},{"not_picked":["Adaptation","EmptyFist","WreathOfFlame"],"picked":"SKIP","floor":4.0},{"not_picked":["Halt","Study"],"picked":"WheelKick","floor":5.0},{"not_picked":["EmptyBody","Conclude","Pray"],"picked":"SKIP","floor":6.0},{"not_picked":["EmptyBody","Conclude","Pray"],"picked":"SKIP","floor":6.0},{"not_picked":["FlurryOfBlows","Brilliance","SashWhip"],"picked":"SKIP","floor":8.0},{"not_picked":["Crescendo","CutThroughFate"],"picked":"Prostrate","floor":10.0},{"not_picked":["Consecrate","ClearTheMind","EmptyFist"],"picked":"SKIP","floor":11.0},{"not_picked":["CrushJoints","FlurryOfBlows"],"picked":"ReachHeaven","floor":14.0},{"not_picked":["Scrawl","Omniscience"],"picked":"LessonLearned","floor":16.0},{"not_picked":["Prostrate","FollowUp"],"picked":"Protect+1","floor":18.0},{"not_picked":["Indignation","CutThroughFate+1"],"picked":"Blasphemy","floor":20.0},{"not_picked":["JustLucky","Perseverance+1","EmptyFist+1"],"picked":"SKIP","floor":21.0},{"not_picked":["ClearTheMind","Study","FlyingSleeves"],"picked":"SKIP","floor":22.0},{"not_picked":["CutThroughFate","LikeWater"],"picked":"ForeignInfluence","floor":23.0},{"not_picked":["CrushJoints+1","DeceiveReality+1","Swivel"],"picked":"SKIP","floor":27.0},{"not_picked":["FearNoEvil","Consecrate","Study"],"picked":"SKIP","floor":31.0},{"not_picked":["Wish","Establishment"],"picked":"Vault","floor":33},{"not_picked":["EmptyFist","Indignation"],"picked":"CutThroughFate","floor":34},{"not_picked":["Vengeance","ClearTheMind+1","PathToVictory"],"picked":"SKIP","floor":35},{"not_picked":["Evaluate+1","Weave"],"picked":"Prostrate","floor":36},{"not_picked":["Crescendo+1","Meditate"],"picked":"DeusExMachina","floor":40},{"not_picked":["EmptyMind+1","FlyingSleeves","ForeignInfluence"],"picked":"SKIP","floor":41},{"not_picked":["Protect+1","PathToVictory+1","SashWhip+1"],"picked":"SKIP","floor":42},{"not_picked":["SashWhip","JustLucky+1"],"picked":"MentalFortress","floor":44},{"not_picked":["Evaluate+1","Vault","FollowUp+1"],"picked":"SKIP","floor":45},{"not_picked":["BowlingBash+1","Prostrate+1"],"picked":"Wireheading+1","floor":47}],"player_experience":1106629,"relics_obtained":[{"floor":6.0,"key":"White Beast Statue"},{"floor":9.0,"key":"Damaru"},{"floor":10.0,"key":"Turnip"},{"floor":14.0,"key":"The Courier"},{"floor":23.0,"key":"Omamori"},{"floor":26.0,"key":"Eternal Feather"},{"floor":27.0,"key":"Blood Vial"},{"floor":29.0,"key":"Necronomicon"},{"floor":31.0,"key":"CaptainsWheel"},{"floor":40,"key":"Strawberry"},{"floor":43,"key":"Nunchaku"},{"floor":44,"key":"Mummified Hand"}],"event_choices":[{"damage_healed":0.0,"max_hp_gain":0.0,"max_hp_loss":0.0,"gold_gain":79.0,"event_name":"Golden Wing","player_choice":"Gained Gold","floor":13.0,"gold_loss":0.0,"damage_taken":0.0},{"damage_healed":0.0,"max_hp_gain":0.0,"max_hp_loss":0.0,"gold_gain":0.0,"event_name":"Cursed Tome","player_choice":"Obtained Book","floor":29.0,"gold_loss":0.0,"damage_taken":16.0},{"damage_healed":0,"gold_gain":0,"player_choice":"Embrace Madness","damage_taken":10,"max_hp_gain":0,"max_hp_loss":0,"event_name":"Winding Halls","floor":38,"gold_loss":0,"cards_obtained":["Madness","Madness"]},{"damage_healed":0,"gold_gain":0,"player_choice":"Copied","damage_taken":0,"max_hp_gain":0,"max_hp_loss":0,"event_name":"Duplicator","floor":39,"gold_loss":0,"cards_obtained":["Vault"]}],"is_beta":false,"boss_relics":[{"not_picked":["Runic Pyramid","Cursed Key"],"picked":"SacredBark"},{"not_picked":["Runic Dome","Snecko Eye"],"picked":"Tiny House"}],"items_purged_floors":[19,25,48],"is_endless":false,"potions_floor_spawned":[1,8,10,11,14,16,18,20,21,22,23,27,31,33,35,36,40,41,42,44,45,47],"ascension_level":11}}