{"host":"kabf61oc9jgfwufg","time":1610034148,"event":{"mods":["AchievementEnabler","Act Like it!","Aspiration","BaseMod","Conspire","GifTheSpireLib","Halation","HexUI Lib","Hubris","Infinite Spire","Minty Spire (QoL Compilation)","Quick Restart","Rare Cards Sparkle","Replay The Spire","Shop Mod","StSLib","Waifu the Spire"],"gold_per_floor":[111,111,111,36,52,52,73,97,152,168,191,205,205,205,226,226,226,226,226],"floor_reached":18,"playtime":517,"items_purged":["Strike_B"],"score":106,"play_id":"a541035b-3d14-41e0-bec3-86624a411c0b","local_time":"20210107154228","is_ascension_mode":false,"campfire_choices":[{"floor":17,"key":"REST"}],"circlet_count":0,"master_deck":["Strike_B","Strike_B","Defend_B","Defend_B","Defend_B","Defend_B","Zap","Dualcast","infinitespire:UltimateForm","Beam Cell","Rip and Tear","Gash","Go for the Eyes","White Noise","Spreading Infection"],"relics":["Cracked Core","Golden Idol","Ancient Tea Set","Ring of Shattering"],"acts_visited":["Exordium"],"potions_floor_usage":[18],"damage_taken":[{"damage":1,"enemies":"2 Louse","floor":1,"turns":2},{"damage":6,"enemies":"Jaw Worm","floor":5,"turns":3},{"damage":1,"enemies":"Cultist","floor":7,"turns":4},{"damage":10,"enemies":"Looter","floor":8,"turns":3},{"damage":9,"enemies":"2 Fungi Beasts","floor":10,"turns":3},{"damage":0,"enemies":"Exordium Wildlife","floor":11,"turns":3},{"damage":4,"enemies":"Blue Slaver","floor":12,"turns":2},{"damage":8,"enemies":"Large Slime","floor":15,"turns":4},{"damage":50,"enemies":"Fading Forest","floor":18,"turns":7}],"seed_played":"2335578345002023586","potions_obtained":[{"floor":5,"key":"Fire Potion"},{"floor":7,"key":"Adrenaline Potion"},{"floor":8,"key":"Elixir"}],"is_trial":false,"path_per_floor":["M","?","?","$","M","$","M","M","T","M","M","M","PTL","PTL","M","?","R","B"],"character_chosen":"DEFECT","items_purchased":[],"campfire_rested":1,"item_purchase_floors":[],"current_hp_per_floor":[74,69,52,52,46,46,45,35,35,26,26,22,22,22,14,14,34,0,0],"gold":226,"neow_bonus":"RANDOM_EVENT","is_daily":false,"chose_seed":false,"campfire_upgraded":0,"win_rate":0.0,"timestamp":1610034148,"path_taken":["M","?","?","$","M","?","M","M","T","M","M","M","PTL","PTL","?","?","R","BOSS"],"items_purchased_type":[],"build_version":"2020-12-22","purchased_purges":1,"victory":false,"max_hp_per_floor":[75,69,69,69,69,69,69,69,69,69,69,69,69,69,69,69,69,69,69],"card_choices":[{"not_picked":["Chill","Cold Snap","Go for the Eyes"],"picked":"SKIP","floor":1},{"not_picked":["infinitespire:SevenWalls","infinitespire:NeuralNetwork"],"picked":"infinitespire:UltimateForm","floor":3},{"not_picked":["ReplayTheSpireMod:Repulse","Barrage"],"picked":"Beam Cell","floor":5},{"not_picked":["Force Field","Cold Snap"],"picked":"Rip and Tear","floor":7},{"not_picked":["Sweeping Beam","Blizzard","Leap"],"picked":"SKIP","floor":8},{"not_picked":["Leap","FTL"],"picked":"Gash","floor":10},{"not_picked":["hubris:Ukulele","Redo"],"picked":"Go for the Eyes","floor":11},{"not_picked":["Streamline","Steam","Leap"],"picked":"SKIP","floor":12},{"not_picked":["hubris:PowerSurge","Defragment"],"picked":"White Noise","floor":15}],"player_experience":65584,"relics_obtained":[{"floor":9,"key":"Ancient Tea Set"},{"floor":16,"key":"Ring of Shattering"}],"event_choices":[{"damage_healed":0,"gold_gain":0,"player_choice":"Lose Max HP","damage_taken":0,"relics_obtained":["Golden Idol"],"max_hp_gain":0,"max_hp_loss":6,"event_name":"Golden Idol","floor":2,"gold_loss":0}],"is_beta":false,"boss_relics":[],"items_purged_floors":[4],"is_endless":false,"potions_floor_spawned":[5,7,8,11,12],"killed_by":"Fading Forest","ascension_level":0}}