{"host":"684z1xpuwaoqmmh1","time":1610054869,"event":{"mods":["BaseMod","Downfall","Hermit","Jorbs\u0027s Wanderer Trilogy","Marisa????????","Minty Spire (QoL Compilation)","StSLib","The Hierophant","The Mystic"],"gold_per_floor":[112,131,146,158,158,158,192,192,243,278,297,309,321,353,353,454,454,467,80,94,94,94,94,104,104,150,150,83,94,94,94],"floor_reached":30,"playtime":1409,"items_purged":["hermit:Defend_Hermit"],"score":403,"play_id":"c752ced8-be43-43ae-a0d7-5ac941356286","local_time":"20210107232749","is_ascension_mode":true,"campfire_choices":[{"data":"hermit:Manifest","floor":6.0,"key":"SMITH"},{"data":"hermit:HeroicBravado","floor":8.0,"key":"SMITH"},{"floor":15.0,"key":"REST"},{"floor":23,"key":"REST"},{"floor":25,"key":"RECALL"},{"floor":27,"key":"REST"}],"circlet_count":0,"master_deck":["AscendersBane","hermit:Strike_Hermit","hermit:Strike_Hermit","hermit:Strike_Hermit","hermit:Defend_Hermit","hermit:Defend_Hermit","hermit:Defend_Hermit","hermit:Snapshot","hermit:Covet","expansioncontent:ChargeUp","hermit:Cheat","hermit:Desperado","hermit:Manifest+1","hermit:HeroicBravado+1","hermit:Ricochet","hermit:GhostlyPresence","hermit:Gestalt","hermit:GhostlyPresence","hermit:BlackWind","hermit:BigShot+1","expansioncontent:SuperHexaguard","Shame","Decay","hermit:Adapt+1"],"relics":["hermit:Momento","Frozen Egg 2","Happy Flower","Guardian:PocketSentry","Singing Bowl","Fusion Hammer","Nunchaku","Molten Egg 2","Sundial"],"acts_visited":["Exordium","TheCity"],"potions_floor_usage":[20,20,29],"damage_taken":[{"damage":1.0,"enemies":"Small Slimes","floor":1.0,"turns":4.0},{"damage":0.0,"enemies":"Cultist","floor":2.0,"turns":3.0},{"damage":0.0,"enemies":"2 Louse","floor":3.0,"turns":2.0},{"damage":9.0,"enemies":"Looter","floor":4.0,"turns":3.0},{"damage":26.0,"enemies":"Gremlin Nob","floor":7.0,"turns":4.0},{"damage":1.0,"enemies":"Lagavulin","floor":10.0,"turns":7.0},{"damage":0.0,"enemies":"3 Louse","floor":11.0,"turns":3.0},{"damage":1.0,"enemies":"Gremlin Gang","floor":12.0,"turns":4.0},{"damage":12.0,"enemies":"Lots of Slimes","floor":13.0,"turns":4.0},{"damage":2.0,"enemies":"3 Sentries","floor":14.0,"turns":7.0},{"damage":19.0,"enemies":"Slime Boss","floor":16.0,"turns":14.0},{"damage":1.0,"enemies":"Chosen","floor":18.0,"turns":6.0},{"damage":0,"enemies":"3 Byrds","floor":20,"turns":1},{"damage":0,"enemies":"Centurion and Healer","floor":24,"turns":7},{"damage":16,"enemies":"Sentry and Sphere","floor":29,"turns":9},{"damage":71,"enemies":"Book of Stabbing","floor":30,"turns":10}],"seed_played":"-6808029501679710641","potions_obtained":[{"floor":1.0,"key":"sneckomod:MuddlingPotion"},{"floor":2.0,"key":"champ:CounterPotion"},{"floor":12.0,"key":"PowerPotion"},{"floor":13.0,"key":"champ:CounterPotion"},{"floor":16.0,"key":"LiquidBronze"},{"floor":18.0,"key":"LiquidBronze"},{"floor":20,"key":"DistilledChaos"}],"is_trial":false,"path_per_floor":["M","M","M","M","?","R","E","R","T","E","M","M","M","E","R","B",null,"M","$","M","?","?","R","M","R","T","R","?","M","E"],"character_chosen":"HERMIT","items_purchased":["Nunchaku","hermit:BigShot+1","expansioncontent:SuperHexaguard"],"campfire_rested":3,"item_purchase_floors":[19,19,19],"current_hp_per_floor":[67,67,67,58,58,58,32,32,32,31,31,30,18,18,41,22,63,64,64,66,66,66,81,83,83,83,83,83,67,0,0],"gold":94,"neow_bonus":"RANDOM_COLORLESS","is_daily":false,"chose_seed":false,"campfire_upgraded":2,"win_rate":0.0,"timestamp":1610054869,"path_taken":["M","M","M","M","?","R","E","R","T","E","?","M","M","E","R","BOSS","M","$","M","?","?","R","M","R","T","R","?","M","E"],"items_purchased_type":["Relic","Card","Card"],"build_version":"2020-12-22","purchased_purges":1,"victory":false,"max_hp_per_floor":[75,75,75,75,75,75,75,75,75,75,75,75,75,77,77,77,77,79,79,81,81,81,81,83,83,83,83,83,83,83,83],"card_choices":[{"not_picked":["expansioncontent:PolyBeam","Dramatic Entrance"],"picked":"expansioncontent:ChargeUp","floor":0.0},{"not_picked":["hermit:Quickdraw","hermit:Manifest"],"picked":"hermit:Cheat","floor":1.0},{"not_picked":["hermit:Coalescence","hermit:CalledShot","hermit:WideOpen"],"picked":"SKIP","floor":2.0},{"not_picked":["hermit:Quickdraw","hermit:Misfire"],"picked":"hermit:Desperado","floor":3.0},{"not_picked":["hermit:Ricochet","hermit:Snipe"],"picked":"hermit:Manifest","floor":4.0},{"not_picked":["hermit:FullyLoaded","hermit:Glare"],"picked":"hermit:HeroicBravado","floor":7.0},{"not_picked":["hermit:SprayPray","hermit:WideOpen"],"picked":"hermit:Ricochet","floor":10.0},{"not_picked":["hermit:Glare","hermit:Quickdraw"],"picked":"hermit:GhostlyPresence","floor":11.0},{"not_picked":["hermit:NoHoldsBarred","hermit:Roulette"],"picked":"hermit:Gestalt","floor":12.0},{"not_picked":["hermit:Quickdraw","hermit:Vantage"],"picked":"hermit:GhostlyPresence","floor":13.0},{"not_picked":["hermit:Misfire","hermit:Spite","hermit:TrackingShot"],"picked":"Singing Bowl","floor":14.0},{"not_picked":["hermit:Gambit","hermit:Dissolve"],"picked":"hermit:BlackWind","floor":16.0},{"not_picked":["hermit:Manifest","hermit:Snipe","hermit:Roulette+1"],"picked":"Singing Bowl","floor":18.0},{"not_picked":["hermit:Headshot","hermit:Misfire","hermit:DeadMansHand"],"picked":"Singing Bowl","floor":20},{"not_picked":["hermit:Dive","hermit:SprayPray+1","hermit:Ricochet+1"],"picked":"Singing Bowl","floor":24},{"not_picked":["hermit:LoneWolf","hermit:Roulette+1"],"picked":"hermit:Adapt+1","floor":29}],"player_experience":2421537,"relics_obtained":[{"floor":7.0,"key":"Frozen Egg 2"},{"floor":9.0,"key":"Happy Flower"},{"floor":10.0,"key":"Guardian:PocketSentry"},{"floor":14.0,"key":"Singing Bowl"}],"event_choices":[{"cards_removed":["hermit:Strike_Hermit"],"damage_healed":0.0,"max_hp_gain":0.0,"max_hp_loss":0.0,"gold_gain":0.0,"event_name":"Purifier","player_choice":"Purged","floor":5.0,"gold_loss":0.0,"damage_taken":0.0},{"damage_healed":0,"gold_gain":0,"player_choice":"Stole Relic","damage_taken":0,"relics_obtained":["Molten Egg 2"],"max_hp_gain":0,"max_hp_loss":0,"event_name":"Addict","floor":21,"gold_loss":0,"cards_obtained":["Shame"]},{"damage_healed":0,"gold_gain":0,"player_choice":"Smashed Altar","damage_taken":0,"max_hp_gain":0,"max_hp_loss":0,"event_name":"Forgotten Altar","floor":22,"gold_loss":0,"cards_obtained":["Decay"]},{"damage_healed":0,"gold_gain":0,"player_choice":"Paid Gold","damage_taken":0,"relics_obtained":["Sundial"],"max_hp_gain":0,"max_hp_loss":0,"event_name":"WeMeetAgain","floor":28,"gold_loss":67}],"is_beta":false,"boss_relics":[{"not_picked":["Runic Pyramid","Coffee Dripper"],"picked":"Fusion Hammer"}],"items_purged_floors":[19],"is_endless":false,"potions_floor_spawned":[1,2,3,12,13,16,18,20],"killed_by":"Book of Stabbing","ascension_level":12}}