{"host":"2he95iptrbxkejc1","time":1610024955,"event":{"mods":["AchievementEnabler","BaseMod","Colored Powertips","Downfall","Hermit","Infinite Spire","Marisa????????","Minty Spire (QoL Compilation)","Random Character Mod","Replay The Spire","StSLib","Td1madao Mod","The Cursed","The Disciple","The Hierophant","The Marked","The Mystic","The Necromancer","The Poker Player","The Runesmith","The Servant 0.9.4"],"gold_per_floor":[215,230,250,250,261,286,286,296,296,308,27,44,44,59,59,162,162,176,187,198,52,70,70,70,70],"floor_reached":24,"playtime":1160,"items_purged":["Defend_P","Strike_P"],"score":204,"play_id":"e356034e-fac9-4f3a-9cb4-283188a28499","local_time":"20210107130915","is_ascension_mode":false,"campfire_choices":[{"data":"Eruption","floor":7,"key":"SMITH"},{"floor":13,"key":"REST"},{"data":"Defend_P","floor":15,"key":"PURGE"},{"floor":23,"key":"REST"}],"circlet_count":0,"master_deck":["Strike_P","Strike_P","Strike_P","Defend_P","Defend_P","Eruption+1","Vigilance","Replay:Cycle","EmptyFist","SignatureMove","BowlingBash","CutThroughFate","PathToVictory","Crescendo"],"relics":["PureWater","Peace Pipe","Replay:Mystery Machine","BargainBundle"],"acts_visited":["Exordium","TheCity"],"potions_floor_usage":[6,16,16,20,22,24],"damage_taken":[{"damage":22,"enemies":"Jaw Worm","floor":1,"turns":2},{"damage":0,"enemies":"Cultist","floor":2,"turns":2},{"damage":0,"enemies":"2 Louse","floor":3,"turns":2},{"damage":11,"enemies":"Lots of Slimes","floor":5,"turns":4},{"damage":8,"enemies":"Gremlin Nob","floor":6,"turns":3},{"damage":0,"enemies":"2 Fungi Beasts","floor":8,"turns":2},{"damage":9,"enemies":"Exordium Thugs","floor":10,"turns":3},{"damage":3,"enemies":"Blue Slaver","floor":12,"turns":4},{"damage":2,"enemies":"Looter","floor":14,"turns":3},{"damage":33,"enemies":"Hexaghost","floor":16,"turns":7},{"damage":2,"enemies":"Chosen","floor":18,"turns":3},{"damage":10,"enemies":"Spheric Guardian","floor":19,"turns":3},{"damage":15,"enemies":"Snecko","floor":20,"turns":3},{"damage":58,"enemies":"Centurion and Healer","floor":22,"turns":5},{"damage":84,"enemies":"Book of Stabbing","floor":24,"turns":3}],"seed_played":"-731413864469415069","potions_obtained":[{"floor":1,"key":"FairyPotion"},{"floor":3,"key":"ColorlessPotion"},{"floor":5,"key":"Dexterity Potion"},{"floor":12,"key":"AttackPotion"},{"floor":16,"key":"PowerPotion"},{"floor":19,"key":"Fire Potion"},{"floor":22,"key":"Death Potion"}],"is_trial":false,"path_per_floor":["M","M","M","?","M","E","R","M","T","M","$","M","R","M","R","B",null,"M","M","M","$","M","R","E"],"character_chosen":"WATCHER","items_purchased":["BargainBundle","SignatureMove","EssenceOfSteel","SkillPotion","PathToVictory"],"campfire_rested":2,"item_purchase_floors":[11,11,11,11,21],"current_hp_per_floor":[50,50,50,50,39,31,31,31,31,22,22,19,40,38,38,5,72,70,60,45,45,27,48,0,0],"gold":70,"neow_bonus":"HUNDRED_GOLD","is_daily":false,"chose_seed":false,"campfire_upgraded":1,"win_rate":0.0,"timestamp":1610024955,"path_taken":["M","M","M","?","M","E","R","M","T","M","$","?","R","M","R","BOSS","M","M","M","$","M","R","E"],"items_purchased_type":["Relic","Card","Potion","Potion","Card"],"build_version":"2020-12-22","purchased_purges":2,"victory":false,"max_hp_per_floor":[72,72,72,72,72,72,72,72,72,72,72,72,72,72,72,72,72,72,72,72,72,72,72,72,72],"card_choices":[{"not_picked":["Worship","EmptyBody"],"picked":"Replay:Cycle","floor":1},{"not_picked":["Adaptation","CrushJoints"],"picked":"EmptyFist","floor":2},{"not_picked":["Replay:Anticipation","ThirdEye","EmptyFist"],"picked":"SKIP","floor":3},{"not_picked":["Replay:BluntJabs","EmptyFist","Omniscience"],"picked":"SKIP","floor":5},{"not_picked":["Replay:Battleflow","Replay:BluntJabs","JustLucky"],"picked":"SKIP","floor":6},{"not_picked":["Halt","Fasting2","Worship"],"picked":"SKIP","floor":8},{"not_picked":["EmptyFist","WreathOfFlame","FearNoEvil"],"picked":"SKIP","floor":10},{"not_picked":["EmptyFist","WreathOfFlame","FearNoEvil"],"picked":"SKIP","floor":10},{"not_picked":["Indignation","WreathOfFlame","Weave"],"picked":"SKIP","floor":12},{"not_picked":["EmptyFist","Replay:ManipulateFuture","Protect"],"picked":"SKIP","floor":14},{"not_picked":["Prostrate","Halt","CrushJoints"],"picked":"SKIP","floor":18},{"not_picked":["Prostrate+1","Collect"],"picked":"BowlingBash","floor":19},{"not_picked":["EmptyFist","Sanctity+1"],"picked":"CutThroughFate","floor":20},{"not_picked":["Meditate","Replay:DivineShield+1"],"picked":"Crescendo","floor":22}],"player_experience":83815,"relics_obtained":[{"floor":6,"key":"Peace Pipe"},{"floor":9,"key":"Replay:Mystery Machine"}],"event_choices":[{"damage_healed":0,"gold_gain":0,"player_choice":"Ignored","damage_taken":0,"max_hp_gain":0,"max_hp_loss":0,"event_name":"NoteForYourself","floor":4,"gold_loss":0}],"is_beta":false,"boss_relics":[{"not_picked":["Painkiller Herb","ChewingGum","Replay:Ancient Bell"]}],"items_purged_floors":[11,21],"is_endless":false,"potions_floor_spawned":[1,3,5,12,14,16,19,22],"killed_by":"Book of Stabbing","ascension_level":0}}