{"host":"uceopoba4zvqsgiy","time":1610033699,"event":{"mods":["Act Like it!","BaseMod","Better Skull","Better Third Choice","Elementarium","Evolution","GifTheSpireLib","Hermit","Humility","Infinite Spire","Jorbs\u0027s Wanderer Trilogy","Marked Mod","Minty Spire (QoL Compilation)","Potionbrewer","Replay The Spire","Robot Space Explorer","Shade Mod","Spicy Shops","StSLib","Stuff the Spire","The Blue Laboratory","The Caster","The Cursed","The Dragon Tamer","The Hierophant","The Judge","The Jungle","Wandering Minibosses"],"gold_per_floor":[110,124,83,35,35,64,64,64,64,78,88,98,98,111,111,212,212,212,212],"floor_reached":18,"playtime":1401,"items_purged":[],"score":187,"play_id":"b36fc625-2e52-46b5-a618-c76310a7e191","local_time":"20210108020459","is_ascension_mode":false,"campfire_choices":[{"data":"Corpse Explosion","floor":7.0,"key":"SMITH"},{"data":"caster:WallOfThorns","floor":13,"key":"SMITH"},{"data":"caster:ManaOverflow","floor":15,"key":"SMITH"}],"circlet_count":0,"master_deck":["caster:Meteor","caster:FrigidBeam","caster:FrigidBeam","caster:strike+1","caster:strike+1","caster:defend","caster:defend","caster:defend","caster:defend","caster:defend","caster:Sleet","caster:BookThrow","caster:Incantation","Corpse Explosion+1","caster:WallOfThorns+1","caster:Fira+1","caster:WallOfRocks","caster:MagicAttunement","caster:LightningBolt","caster:ManaOverflow+1","caster:StormGust"],"relics":["caster:MagicBook","EVO:Axolotl","NeowsBlessing","betterThird:SlimedRelic","Replay:Bottled Eggs","Eternal Feather","SacredBark"],"acts_visited":["Exordium","TheCity"],"potions_floor_usage":[12,18],"damage_taken":[{"damage":0.0,"enemies":"Cultist","floor":1.0,"turns":1.0},{"damage":0.0,"enemies":"Small Slimes","floor":2.0,"turns":2.0},{"damage":0.0,"enemies":"3 Sentries","floor":6.0,"turns":2.0},{"damage":6.0,"enemies":"Jaw Worm","floor":10.0,"turns":4.0},{"damage":5.0,"enemies":"Exordium Thugs","floor":11.0,"turns":4.0},{"damage":8,"enemies":"Gremlin Gang","floor":12,"turns":3},{"damage":0,"enemies":"Lots of Slimes","floor":14,"turns":2},{"damage":35,"enemies":"Fading Forest","floor":16,"turns":11},{"damage":71,"enemies":"Spheric Guardian","floor":18,"turns":7}],"seed_played":"-6263770695576475917","potions_obtained":[{"floor":6.0,"key":"blueLaboratory:HorrorPotion"},{"floor":11.0,"key":"blueLaboratory:BubblePotion"},{"floor":12,"key":"Weak Potion"}],"is_trial":false,"path_per_floor":["M","M","$","?","?","E","R","?","T","M","M","M","R","M","R","B",null,"M"],"character_chosen":"THE_CASTER","items_purchased":["caster:Incantation"],"campfire_rested":0,"item_purchase_floors":[3],"current_hp_per_floor":[64,64,64,53,53,53,53,53,53,47,42,34,43,43,55,28,64,0,0],"gold":212,"neow_bonus":"THREE_ENEMY_KILL","is_daily":false,"chose_seed":false,"campfire_upgraded":3,"win_rate":0.0,"timestamp":1610033699,"path_taken":["M","?","$","?","?","E","R","?","T","M","M","M","R","?","R","BOSS","M"],"items_purchased_type":["Card"],"build_version":"2020-12-22","purchased_purges":0,"victory":false,"max_hp_per_floor":[64,64,64,64,64,64,64,64,64,64,64,64,64,64,64,64,64,64,64],"card_choices":[{"not_picked":["caster:MagicResonance","caster:FrigidBeam"],"picked":"caster:Sleet","floor":1.0},{"not_picked":["caster:FlashFrost","caster:FrostDriver"],"picked":"caster:BookThrow","floor":2.0},{"not_picked":["caster:Charge","caster:Discharge"],"picked":"caster:WallOfThorns","floor":6.0},{"not_picked":["caster:LAZER","caster:GlacialShield"],"picked":"caster:WallOfRocks","floor":10.0},{"not_picked":["caster:DiamondDust","caster:PyroclasticTide"],"picked":"caster:MagicAttunement","floor":11.0},{"not_picked":["caster:MagicBarrier","caster:FrigidBeam"],"picked":"caster:LightningBolt","floor":12},{"not_picked":["caster:MagicAttunement","caster:Fireball"],"picked":"caster:ManaOverflow","floor":14},{"not_picked":["caster:Demi","caster:ShortenedChant"],"picked":"caster:StormGust","floor":16}],"player_experience":1592139,"relics_obtained":[{"floor":6.0,"key":"Replay:Bottled Eggs"},{"floor":9.0,"key":"Eternal Feather"}],"event_choices":[{"damage_healed":0.0,"max_hp_gain":0.0,"max_hp_loss":0.0,"gold_gain":0.0,"event_name":"betterThird:BetterGoop","player_choice":"Slimed","floor":4.0,"gold_loss":48.0,"damage_taken":11.0},{"cards_removed":["caster:DivertFocus"],"damage_healed":0.0,"max_hp_gain":0.0,"max_hp_loss":0.0,"gold_gain":0.0,"event_name":"NoteForYourself","player_choice":"Took Card","floor":5.0,"gold_loss":0.0,"damage_taken":0.0,"cards_obtained":["Corpse Explosion"]}],"is_beta":false,"boss_relics":[{"not_picked":["ChewingGum","Cursed Key"],"picked":"SacredBark"}],"items_purged_floors":[],"is_endless":false,"potions_floor_spawned":[6,11,12],"killed_by":"Spheric Guardian","ascension_level":0}}