{"host":"i9h64q9gphvrup4n","time":1610042900,"event":{"mods":["2.2 Compatiblity","AchievementEnabler","Aspiration","Astrologer","Bard","BaseMod","Beaked The Cultist","BetterRewards","Colored Powertips","Conspire","Downfall","Gremlin Mod","Hermit","Hubris","Infinite Spire","Jorbs\u0027s Wanderer Trilogy","Minty Spire (QoL Compilation)","Replay The Spire","Shop Mod","StSLib","SuperFastMode","The Blackbeard","The Bladedancer","The Bug Knight","The Construct","The Cursed","The Disciple","The Hierophant","The Jungle","The Necromancer","The Runesmith","The Wild Card","slay the spire mod where everything is the same but ironclad has a cowboy hat","vexMod"],"gold_per_floor":[110,110,128,147,166,199,199,217,244,264,138,164,239,239,239,338,338,356,371,371,371],"floor_reached":20,"playtime":866,"items_purged":["Pain"],"score":186,"play_id":"f2ad7147-e8c2-4380-8e02-94479fd455d6","local_time":"20210107120820","is_ascension_mode":false,"campfire_choices":[{"floor":7,"key":"REST"},{"floor":15,"key":"REST"}],"circlet_count":0,"master_deck":["construct:Strike_Gold","construct:Strike_Gold","construct:Strike_Gold","construct:Strike_Gold","construct:Strike_Gold","construct:Defend_Gold","construct:Defend_Gold","construct:Defend_Gold","construct:Defend_Gold","construct:Defend_Gold","construct:AttackMode","construct:DefenseMode","construct:Rollout","construct:ScrapCannon","construct:SweepLaser","construct:ShiftStrike","construct:Zapper","construct:Analyze","construct:Autoturret","construct:LongRangeLance","construct:Multistage","stsjorbsmod:Investment","stsjorbsmod:RepressedMemory","construct:ScopeCore+1","construct:Autoturret"],"relics":["construct:Cogwheel","aspiration:Nostalgia","stsjorbsmod:BookOfTrialsRelic","WarpedTongs","Darkstone Periapt","Happy Flower","aspiration:ChemicalBlood"],"acts_visited":["Exordium","TheCity"],"potions_floor_usage":[6,10,12,12,16,16,19,20,20],"damage_taken":[{"damage":1,"enemies":"conspire:RoseBush","floor":1,"turns":4},{"damage":3,"enemies":"Cultist","floor":3,"turns":3},{"damage":0,"enemies":"2 Louse","floor":4,"turns":3},{"damage":12,"enemies":"2 Fungi Beasts","floor":5,"turns":4},{"damage":33,"enemies":"Gremlin Nob","floor":6,"turns":5},{"damage":19,"enemies":"Exordium Wildlife","floor":8,"turns":5},{"damage":14,"enemies":"Blue Slaver","floor":10,"turns":3},{"damage":4,"enemies":"Lagavulin","floor":12,"turns":5},{"damage":34,"enemies":"Hexaghost","floor":16,"turns":7},{"damage":23,"enemies":"3 Byrds","floor":18,"turns":5},{"damage":30,"enemies":"Spheric Guardian","floor":19,"turns":5},{"damage":21,"enemies":"Snake Plant","floor":20,"turns":3}],"seed_played":"-6854037285518088466","potions_obtained":[{"floor":4,"key":"sneckomod:MuddlingPotion"},{"floor":5,"key":"SkillPotion"},{"floor":6,"key":"Dexterity Potion"},{"floor":8,"key":"Weak Potion"},{"floor":10,"key":"Block Potion"}],"is_trial":false,"path_per_floor":["M","?","M","M","M","E","R","M","T","M","$","E","?","?","R","B",null,"M","M","M"],"character_chosen":"THE_CONSTRUCT_MOD","items_purchased":["construct:Autoturret"],"campfire_rested":2,"item_purchase_floors":[11],"current_hp_per_floor":[84,84,81,81,69,36,61,42,42,28,28,24,13,21,46,12,85,62,32,11,11],"gold":371,"neow_bonus":"NOSTALGIA","is_daily":false,"chose_seed":false,"campfire_upgraded":0,"win_rate":0.0,"timestamp":1610042900,"path_taken":["M","?","M","M","M","E","R","M","T","?","$","E","?","?","R","BOSS","M","M","M"],"items_purchased_type":["Card"],"build_version":"2020-12-22","purchased_purges":1,"victory":false,"max_hp_per_floor":[85,85,85,85,85,85,85,85,85,85,85,85,85,85,85,85,85,85,85,85,85],"card_choices":[{"not_picked":["construct:Anticipate","construct:Versatility"],"picked":"construct:Rollout","floor":1},{"not_picked":["construct:Backfire","construct:GuardCore"],"picked":"construct:ScrapCannon","floor":3},{"not_picked":["construct:BlazingSpeed","construct:SaveState"],"picked":"construct:SweepLaser","floor":4},{"not_picked":["construct:HeavyBolt","construct:QuickAttack"],"picked":"construct:ShiftStrike","floor":5},{"not_picked":["construct:Analyze","construct:Backup"],"picked":"construct:Zapper","floor":6},{"not_picked":["construct:Forcefield","construct:SaveState"],"picked":"construct:Analyze","floor":8},{"not_picked":["construct:Construct_Overclock","construct:FlammableFog","construct:Forcefield"],"picked":"SKIP","floor":10},{"not_picked":["construct:CreateCores","construct:Anticipate"],"picked":"construct:LongRangeLance","floor":12},{"not_picked":["construct:ClockworkEgg","construct:Reserves"],"picked":"construct:Multistage","floor":16},{"not_picked":["construct:Versatility+1","construct:Disrupt"],"picked":"construct:ScopeCore+1","floor":18},{"not_picked":["construct:Synchronize","construct:Forcefield+1"],"picked":"construct:Autoturret","floor":19}],"player_experience":680475,"relics_obtained":[{"floor":6,"key":"Darkstone Periapt"},{"floor":9,"key":"Happy Flower"},{"floor":12,"key":"aspiration:ChemicalBlood"}],"event_choices":[{"damage_healed":0,"gold_gain":0,"player_choice":"Rummage","damage_taken":0,"relics_obtained":["WarpedTongs"],"max_hp_gain":0,"max_hp_loss":0,"event_name":"Accursed Blacksmith","floor":2,"gold_loss":0,"cards_obtained":["Pain"]},{"damage_healed":0,"gold_gain":75,"player_choice":"Gather Gold","damage_taken":11,"max_hp_gain":0,"max_hp_loss":0,"event_name":"World of Goop","floor":13,"gold_loss":0}],"is_beta":false,"boss_relics":[{"not_picked":["Honey Jar","hubris:CrackedHourglass","vexMod:FluxCapacitor"]}],"items_purged_floors":[11],"is_endless":false,"potions_floor_spawned":[4,5,6,8,10],"killed_by":"Snake Plant","ascension_level":0}}