{"host":"wonp23fsqqcu31ie","time":1610022099,"event":{"mods":["2.2 Compatiblity","AchievementEnabler","Aspiration","BaseMod","Bestiary","Better Altar","Better Match","Better Sensory Stone","Better Skull","Better Third Choice","BetterRewards","Block Reminder","Colored Map","Colored Powertips","Conspire","Curses Come First","DeckTracker","Displayed Cursed Tome","Downfall","Evolution","Hermit","Highlight Path","Hubris","Marisa????????","Minty Spire (QoL Compilation)","Permanent Neow","Prisma Mod","Quick Restart","Rare Cards Sparkle","Relic Stats","Replay The Spire","Robot Space Explorer","Shade Mod","Shop Mod","StSLib","SuperFastMode","The Animator","The Bug Knight","The Construct","The Cursed","The Dragon Tamer","The Gatherer","The Marked","The Necromancer","The Runesmith","The Servant 0.9.4"],"gold_per_floor":[159,159,9,26,42,77,77,96,96,130,143,155,155,166,166,262,262,276,226,236,196,15,43,61,89,89,49,59,74,92,92,92,193,193,204,204,222,31,48,48,62,62,62],"floor_reached":42,"playtime":1277,"items_purged":[],"score":547,"play_id":"2a465885-844c-4110-a65d-af1920c41924","local_time":"20210107232139","is_ascension_mode":true,"campfire_choices":[{"data":"Draining Mist","floor":7,"key":"SMITH"},{"data":"Leg Sweep","floor":15,"key":"SMITH"},{"floor":32,"key":"REST"},{"data":"Adrenaline","floor":40,"key":"SMITH"}],"circlet_count":0,"master_deck":["Strike_G","Strike_G","Strike_G","Strike_G+1","Strike_G","Defend_G","Defend_G","Defend_G","Defend_G","Defend_G+1","Survivor","Neutralize","Leg Sweep+1","Poisoned Stab","Bane","PiercingWail","Draining Mist+1","hubris:Counter+1","Slice","ReplayTheSpireMod:From All Sides","Blade Dance","Endless Agony","Grand Finale","Dagger Spray","Catalyst","Dagger Spray","Replay:SS_fish_3+1","Cloak And Dagger+1","Deflect","Dagger Throw+1","Hidden Blade","Backstab","Adrenaline+1","Deadly Poison+1","Madness","Madness","Flechettes+1","Noxious Fumes","Eviscerate","Poisoned Stab"],"relics":["EVO:Axolotl","Vajra","aspiration:FetidBarrel","Blue Doll","aspiration:Lifesprig","hubris:Stopwatch","MerchantsRug","Juzu Bracelet","Regal Pillow","Eternal Feather","MutagenicStrength","conspire:SpecialSausage","Membership Card"],"acts_visited":["Exordium","TheCity","TheBeyond"],"potions_floor_usage":[6,10,12,23,23,28,33,41,41],"damage_taken":[{"damage":5,"enemies":"Small Slimes","floor":1,"turns":5},{"damage":2,"enemies":"Jaw Worm","floor":4,"turns":4},{"damage":0,"enemies":"Cultist","floor":5,"turns":3},{"damage":28,"enemies":"Lagavulin","floor":6,"turns":6},{"damage":2,"enemies":"Red Slaver","floor":8,"turns":4},{"damage":17,"enemies":"3 Sentries","floor":10,"turns":5},{"damage":8,"enemies":"Blue Slaver","floor":11,"turns":3},{"damage":0,"enemies":"Exordium Thugs","floor":12,"turns":3},{"damage":0,"enemies":"Large Slime","floor":14,"turns":3},{"damage":15,"enemies":"The Guardian","floor":16,"turns":11},{"damage":5,"enemies":"Shell Parasite","floor":18,"turns":4},{"damage":1,"enemies":"Chosen","floor":20,"turns":4},{"damage":14,"enemies":"Gremlin Leader","floor":23,"turns":6},{"damage":17,"enemies":"Centurion and Healer","floor":24,"turns":5},{"damage":25,"enemies":"Slavers","floor":25,"turns":7},{"damage":2,"enemies":"Shelled Parasite and Fungi","floor":28,"turns":5},{"damage":8,"enemies":"Cultist and Chosen","floor":29,"turns":5},{"damage":0,"enemies":"Snecko","floor":30,"turns":3},{"damage":14,"enemies":"conspire:MysteriousRune","floor":33,"turns":5},{"damage":0,"enemies":"3 Shapes","floor":35,"turns":2},{"damage":9,"enemies":"3 Darklings","floor":37,"turns":4},{"damage":0,"enemies":"Maw","floor":39,"turns":6},{"damage":69,"enemies":"Writhing Mass","floor":41,"turns":6},{"damage":10,"enemies":"Spire Growth","floor":42,"turns":2}],"seed_played":"-7910765208737998877","potions_obtained":[{"floor":0,"key":"Death Potion"},{"floor":1,"key":"Ancient Potion"},{"floor":5,"key":"SteroidPotion"},{"floor":8,"key":"Fire Potion"},{"floor":11,"key":"CunningPotion"},{"floor":16,"key":"Languid Potion"},{"floor":21,"key":"Slimebound:ThreeZeroPotion"},{"floor":25,"key":"LifebloodPotion"},{"floor":33,"key":"Dexterity Potion"},{"floor":39,"key":"Explosive Potion"},{"floor":41,"key":"construct:ShiftPotion"}],"is_trial":false,"path_per_floor":["M","?","$","M","M","E","R","M","T","E","M","M","?","M","R","B",null,"M","?","M","?","$","E","M","E","T","?","M","M","M","?","R","B",null,"M","?","M","$","M","R","M","M"],"character_chosen":"THE_SILENT","items_purchased":["Vajra","MerchantsRug","Dagger Spray","Replay:SS_fish_3+1","Membership Card","Noxious Fumes"],"campfire_rested":1,"item_purchase_floors":[3,22,22,22,38,38],"current_hp_per_floor":[70,70,70,68,68,40,40,38,38,21,13,13,75,75,75,60,75,70,70,69,69,69,55,38,13,13,13,11,3,3,3,58,44,75,75,66,57,57,57,75,6,0,0],"gold":62,"neow_bonus":"BOSS_RELIC","is_daily":false,"chose_seed":false,"campfire_upgraded":3,"win_rate":0.0,"timestamp":1610022099,"path_taken":["M","?","$","M","M","E","R","M","T","E","M","M","?","M","R","BOSS","M","?","?","?","?","E","M","E","T","?","M","M","M","?","R","BOSS","M","?","M","$","M","R","M","M"],"items_purchased_type":["Relic","Relic","Card","Card","Relic","Card"],"build_version":"2020-12-22","purchased_purges":0,"victory":false,"max_hp_per_floor":[75,75,75,75,75,75,75,75,75,75,75,75,75,75,75,75,75,75,75,75,75,75,75,75,75,75,75,75,75,75,75,75,75,75,75,75,75,75,75,75,75,75,75],"relic_stats":{"Regal Pillow":15,"counters":[24,111],"Eternal Feather":36,"Juzu Bracelet":1,"obtain_stats":[{"MerchantsRug":22,"aspiration:Lifesprig":10,"Regal Pillow":25,"Tiny House":0,"aspiration:FetidBarrel":6,"Vajra":3,"Blue Doll":9,"Eternal Feather":26,"conspire:SpecialSausage":34,"Juzu Bracelet":23,"EVO:Axolotl":0,"hubris:Stopwatch":17,"MutagenicStrength":31,"Membership Card":38,"Ring of the Snake":0},{"MerchantsRug":12,"aspiration:Lifesprig":6,"Regal Pillow":15,"Tiny House":0,"aspiration:FetidBarrel":4,"Vajra":1,"Blue Doll":5,"Eternal Feather":15,"conspire:SpecialSausage":19,"Juzu Bracelet":13,"EVO:Axolotl":0,"hubris:Stopwatch":10,"MutagenicStrength":18,"Membership Card":21,"Ring of the Snake":0},{"MerchantsRug":55,"aspiration:Lifesprig":27,"Regal Pillow":73,"Tiny House":0,"aspiration:FetidBarrel":18,"Vajra":5,"Blue Doll":22,"Eternal Feather":73,"conspire:SpecialSausage":91,"Juzu Bracelet":61,"EVO:Axolotl":0,"hubris:Stopwatch":47,"MutagenicStrength":86,"Membership Card":97,"Ring of the Snake":0}]},"card_choices":[{"not_picked":["Tactician","hubris:SlightOfHand"],"picked":"Leg Sweep","floor":0},{"not_picked":["Choke","Flechettes"],"picked":"Poisoned Stab","floor":1},{"not_picked":["Dagger Throw","Sneak Up"],"picked":"Bane","floor":4},{"not_picked":["hubris:SlightOfHand","Choke"],"picked":"PiercingWail","floor":5},{"not_picked":["Cloak And Dagger","After Image"],"picked":"Draining Mist","floor":6},{"not_picked":["Hidden Blade","Prepared"],"picked":"hubris:Counter","floor":8},{"not_picked":["Outmaneuver","ReplayTheSpireMod:Exploit Weakness"],"picked":"Slice","floor":10},{"not_picked":["Hidden Blade","Replay:Poison Smokescreen"],"picked":"ReplayTheSpireMod:From All Sides","floor":11},{"not_picked":["hubris:SlightOfHand","Footwork"],"picked":"Blade Dance","floor":12},{"not_picked":["Prepared","Catalyst"],"picked":"Endless Agony","floor":14},{"not_picked":["Doppelganger","ReplayTheSpireMod:Necrosis"],"picked":"Grand Finale","floor":16},{"not_picked":["hubris:Counter","Reflex"],"picked":"Dagger Spray","floor":18},{"not_picked":["Backflip","Quick Slash"],"picked":"Catalyst","floor":20},{"not_picked":["PiercingWail+1","hubris:SlightOfHand"],"picked":"Cloak And Dagger+1","floor":23},{"not_picked":["PiercingWail","Acrobatics"],"picked":"Deflect","floor":24},{"not_picked":["Escape Plan","Predator"],"picked":"Dagger Throw+1","floor":25},{"not_picked":["Backflip","Prepared"],"picked":"Hidden Blade","floor":28},{"not_picked":["Prepared","Deflect"],"picked":"Backstab","floor":29},{"not_picked":["Acrobatics","PiercingWail","Backflip"],"picked":"SKIP","floor":30},{"not_picked":["ReplayTheSpireMod:Necrosis","Phantasmal Killer"],"picked":"Adrenaline","floor":33},{"not_picked":["Prepared+1","Outmaneuver"],"picked":"Deadly Poison+1","floor":35},{"not_picked":["PiercingWail+1","Dagger Throw+1"],"picked":"Flechettes+1","floor":37},{"not_picked":["Dagger Throw","Acrobatics"],"picked":"Eviscerate","floor":39},{"not_picked":["Dagger Spray","Cloak And Dagger+1"],"picked":"Poisoned Stab","floor":41}],"player_experience":481492,"relics_obtained":[{"floor":6,"key":"aspiration:FetidBarrel"},{"floor":9,"key":"Blue Doll"},{"floor":10,"key":"aspiration:Lifesprig"},{"floor":23,"key":"Juzu Bracelet"},{"floor":25,"key":"Regal Pillow"},{"floor":26,"key":"Eternal Feather"}],"event_choices":[{"damage_healed":0,"gold_gain":0,"player_choice":"Leave","damage_taken":0,"max_hp_gain":0,"max_hp_loss":0,"event_name":"The Cleric","floor":2,"gold_loss":0},{"damage_healed":62,"gold_gain":0,"player_choice":"Full Heal","damage_taken":0,"max_hp_gain":0,"max_hp_loss":0,"event_name":"Wheel of Change","floor":13,"gold_loss":0},{"damage_healed":0,"gold_gain":0,"player_choice":"Bet on Murderer","damage_taken":0,"max_hp_gain":0,"max_hp_loss":0,"event_name":"The Joust","floor":19,"gold_loss":50},{"damage_healed":0,"gold_gain":0,"player_choice":"Bought 3 Potions","damage_taken":0,"max_hp_gain":0,"max_hp_loss":0,"event_name":"The Woman in Blue","floor":21,"gold_loss":0},{"damage_healed":0,"gold_gain":0,"player_choice":"Upgraded Two","damage_taken":0,"max_hp_gain":0,"max_hp_loss":0,"event_name":"Designer","floor":27,"gold_loss":40,"cards_upgraded":["Defend_G","hubris:Counter"]},{"damage_healed":0,"gold_gain":0,"player_choice":"Inject Mutagens","damage_taken":0,"relics_obtained":["MutagenicStrength"],"max_hp_gain":0,"max_hp_loss":0,"event_name":"Drug Dealer","floor":31,"gold_loss":0},{"damage_healed":0,"gold_gain":0,"player_choice":"Embrace Madness","damage_taken":9,"max_hp_gain":0,"max_hp_loss":0,"event_name":"Winding Halls","floor":36,"gold_loss":0,"cards_obtained":["Madness","Madness"]}],"is_beta":false,"boss_relics":[{"not_picked":["conspire:RunicOctahedron","Astrolabe"],"picked":"hubris:Stopwatch"},{"not_picked":["aspiration:SecretTechniqueScroll","Kintsugi"],"picked":"conspire:SpecialSausage"}],"items_purged_floors":[],"is_endless":false,"potions_floor_spawned":[1,5,8,11,16,20,25,33,39,41],"killed_by":"Spire Growth","ascension_level":3}}