{"host":"hve1dyh1ly81yl9f","time":1610036036,"event":{"mods":["BaseMod","Colored Map","DeckTracker","Highlight Path","Keyboard Shortcuts","Minty Spire (QoL Compilation)","Permanent Neow","Quick Restart","StSLib","SuperFastMode"],"gold_per_floor":[15,34,51,62,73,108,123,156,156,166,199,209,220,250,250,349,349,361,377,302,317,267,267,293,313,313,330,159,190,201,220,220,315,315,332,350,365,83,83,83],"floor_reached":39,"playtime":1766,"items_purged":["Defend_R","Defend_R","Defend_R"],"score":654,"play_id":"8860fca6-d7eb-470d-a3af-a8dead4a952c","local_time":"20210108011356","is_ascension_mode":true,"campfire_choices":[{"floor":15.0,"key":"REST"},{"data":"Clash","floor":23.0,"key":"SMITH"},{"floor":32.0,"key":"REST"}],"circlet_count":0,"master_deck":["Strike_R","Strike_R","Strike_R","Strike_R","Strike_R","Defend_R","Bash","Clash+1","Clash","Second Wind","Thunderclap","Rage","Thunderclap","Dropkick","Sever Soul","Clash","Offering","CurseOfTheBell","Clash","Second Wind+1","Flex","Second Wind+1","Thunderclap+1","Spot Weakness","Hemokinesis+1","Thunderclap+1","Thunderclap+1","Corruption","Thunderclap+1","Thunderclap+1","Clash+1"],"relics":["Burning Blood","PreservedInsect","Orichalcum","Nunchaku","Torii","Bag of Preparation","Calling Bell","Potion Belt","Question Card","Ice Cream","Shuriken","StoneCalendar","Molten Egg 2","Fusion Hammer","Anchor"],"acts_visited":["Exordium","TheCity","TheBeyond"],"potions_floor_usage":[],"damage_taken":[{"damage":6.0,"enemies":"Cultist","floor":1.0,"turns":3.0},{"damage":0.0,"enemies":"Small Slimes","floor":2.0,"turns":3.0},{"damage":0.0,"enemies":"2 Louse","floor":3.0,"turns":1.0},{"damage":9.0,"enemies":"2 Fungi Beasts","floor":4.0,"turns":3.0},{"damage":9.0,"enemies":"Red Slaver","floor":5.0,"turns":2.0},{"damage":35.0,"enemies":"3 Sentries","floor":6.0,"turns":9.0},{"damage":8.0,"enemies":"Blue Slaver","floor":7.0,"turns":2.0},{"damage":19.0,"enemies":"Lagavulin","floor":8.0,"turns":4.0},{"damage":17.0,"enemies":"Exordium Wildlife","floor":10.0,"turns":3.0},{"damage":8.0,"enemies":"3 Sentries","floor":11.0,"turns":4.0},{"damage":20.0,"enemies":"Gremlin Gang","floor":12.0,"turns":3.0},{"damage":12.0,"enemies":"Exordium Thugs","floor":13.0,"turns":3.0},{"damage":9.0,"enemies":"Lagavulin","floor":14.0,"turns":4.0},{"damage":24.0,"enemies":"Slime Boss","floor":16.0,"turns":9.0},{"damage":12.0,"enemies":"3 Byrds","floor":18.0,"turns":5.0},{"damage":6.0,"enemies":"2 Thieves","floor":19.0,"turns":2.0},{"damage":7.0,"enemies":"Centurion and Healer","floor":21.0,"turns":3.0},{"damage":17.0,"enemies":"Gremlin Leader","floor":24.0,"turns":4.0},{"damage":22.0,"enemies":"Sentry and Sphere","floor":25.0,"turns":4.0},{"damage":6.0,"enemies":"Snecko","floor":27.0,"turns":2.0},{"damage":31.0,"enemies":"Slavers","floor":29.0,"turns":3.0},{"damage":13.0,"enemies":"3 Cultists","floor":30.0,"turns":3.0},{"damage":13.0,"enemies":"Cultist and Chosen","floor":31.0,"turns":3.0},{"damage":45.0,"enemies":"Automaton","floor":33.0,"turns":6.0},{"damage":10.0,"enemies":"Orb Walker","floor":35.0,"turns":2.0},{"damage":6.0,"enemies":"3 Darklings","floor":36.0,"turns":2.0},{"damage":20,"enemies":"Jaw Worm Horde","floor":37,"turns":4},{"damage":59,"enemies":"Writhing Mass","floor":39,"turns":2}],"seed_played":"-4226941505428567580","potions_obtained":[{"floor":3.0,"key":"EssenceOfSteel"},{"floor":4.0,"key":"FearPotion"},{"floor":6.0,"key":"HeartOfIron"},{"floor":16.0,"key":"BloodPotion"},{"floor":19.0,"key":"AttackPotion"},{"floor":25.0,"key":"PowerPotion"},{"floor":30.0,"key":"SpeedPotion"},{"floor":33.0,"key":"BlessingOfTheForge"},{"floor":37,"key":"SpeedPotion"}],"is_trial":false,"path_per_floor":["M","M","M","M","M","E","M","E","T","M","E","M","M","E","R","B",null,"M","M","$","M","?","R","E","M","T","M","$","E","M","M","R","B",null,"M","M","M","$","M"],"character_chosen":"IRONCLAD","items_purchased":["Spot Weakness","Anchor"],"campfire_rested":2,"item_purchase_floors":[28,38],"current_hp_per_floor":[96,96,96,93,90,61,59,46,46,35,33,19,13,10,38,20,77,71,71,71,70,70,70,59,43,43,62,62,37,30,23,51,12,75,71,71,57,57,0,0],"gold":83,"neow_bonus":"TWENTY_PERCENT_HP_BONUS","is_daily":false,"chose_seed":false,"campfire_upgraded":1,"win_rate":0.0,"timestamp":1610036036,"path_taken":["M","M","M","M","M","E","M","E","T","M","E","M","M","E","R","BOSS","M","M","$","M","?","R","E","M","T","M","$","E","M","?","R","BOSS","M","M","M","$","M"],"items_purchased_type":["Card","Relic"],"build_version":"2020-12-22","purchased_purges":3,"victory":false,"max_hp_per_floor":[96,96,96,96,96,96,96,96,96,96,96,96,96,96,96,96,96,96,96,96,96,96,96,96,96,96,96,96,96,96,96,96,96,96,96,96,96,96,96,96],"card_choices":[{"not_picked":["Armaments","Combust"],"picked":"Clash","floor":1.0},{"not_picked":["Headbutt","Heavy Blade"],"picked":"Clash","floor":2.0},{"not_picked":["Clothesline","Thunderclap"],"picked":"Second Wind","floor":3.0},{"not_picked":["Spot Weakness","Cleave"],"picked":"Thunderclap","floor":4.0},{"not_picked":["Armaments","Demon Form","Warcry"],"picked":"SKIP","floor":5.0},{"not_picked":["Perfected Strike","Thunderclap"],"picked":"Rage","floor":6.0},{"not_picked":["Shrug It Off","Seeing Red","True Grit"],"picked":"SKIP","floor":7.0},{"not_picked":["Iron Wave","Searing Blow"],"picked":"Thunderclap","floor":8.0},{"not_picked":["Twin Strike","Dropkick","Sword Boomerang"],"picked":"SKIP","floor":10.0},{"not_picked":["Twin Strike","Sword Boomerang"],"picked":"Dropkick","floor":10.0},{"not_picked":["Twin Strike","Perfected Strike"],"picked":"Sever Soul","floor":11.0},{"not_picked":["Bloodletting","Sword Boomerang"],"picked":"Clash","floor":12.0},{"not_picked":["Perfected Strike","Rampage","Shrug It Off"],"picked":"SKIP","floor":13.0},{"not_picked":["Dark Embrace","Reckless Charge","Anger"],"picked":"SKIP","floor":14.0},{"not_picked":["Limit Break","Reaper"],"picked":"Offering","floor":16.0},{"not_picked":["Anger","Havoc","Sword Boomerang+1"],"picked":"Clash","floor":18.0},{"not_picked":["Wild Strike","Power Through","Armaments"],"picked":"Second Wind+1","floor":19.0},{"not_picked":["Inflame","True Grit+1","Juggernaut","Pommel Strike"],"picked":"SKIP","floor":21.0},{"not_picked":["Ghostly Armor+1","Pummel","Flex","Fire Breathing"],"picked":"SKIP","floor":24.0},{"not_picked":["Ghostly Armor+1","Pummel","Fire Breathing"],"picked":"Flex","floor":24.0},{"not_picked":["Warcry","Anger","Twin Strike"],"picked":"Second Wind+1","floor":25.0},{"not_picked":["Entrench","Heavy Blade+1","Sword Boomerang"],"picked":"Thunderclap+1","floor":27.0},{"not_picked":["Twin Strike+1","Heavy Blade+1","Seeing Red"],"picked":"Hemokinesis+1","floor":29.0},{"not_picked":["Body Slam+1","Berserk","Flex+1"],"picked":"Thunderclap+1","floor":30.0},{"not_picked":["Intimidate","Warcry+1","Body Slam+1"],"picked":"Thunderclap+1","floor":31.0},{"not_picked":["Impervious","Double Tap","Limit Break"],"picked":"Corruption","floor":33.0},{"not_picked":["Perfected Strike+1","Body Slam+1","Ghostly Armor+1"],"picked":"Thunderclap+1","floor":35.0},{"not_picked":["Armaments+1","Cleave+1","Whirlwind+1"],"picked":"Thunderclap+1","floor":36.0},{"not_picked":["Headbutt+1","Spot Weakness","Rupture+1"],"picked":"Clash+1","floor":37}],"player_experience":292171,"relics_obtained":[{"floor":6.0,"key":"PreservedInsect"},{"floor":8.0,"key":"Orichalcum"},{"floor":9.0,"key":"Nunchaku"},{"floor":11.0,"key":"Torii"},{"floor":14.0,"key":"Bag of Preparation"},{"floor":17.0,"key":"Potion Belt"},{"floor":17.0,"key":"Question Card"},{"floor":17.0,"key":"Ice Cream"},{"floor":24.0,"key":"Shuriken"},{"floor":26.0,"key":"StoneCalendar"},{"floor":29.0,"key":"Molten Egg 2"}],"event_choices":[{"damage_healed":0.0,"max_hp_gain":0.0,"max_hp_loss":0.0,"gold_gain":0.0,"event_name":"The Joust","player_choice":"Bet on Murderer","floor":22.0,"gold_loss":50.0,"damage_taken":0.0}],"is_beta":false,"boss_relics":[{"not_picked":["Astrolabe","Pandora\u0027s Box"],"picked":"Calling Bell"},{"not_picked":["Empty Cage","SlaversCollar"],"picked":"Fusion Hammer"}],"items_purged_floors":[20,28,38],"is_endless":false,"potions_floor_spawned":[3,4,6,7,16,19,25,30,33,37],"killed_by":"Writhing Mass","ascension_level":5}}