{"host":"6p0attdrtjqaih7v","time":1610049587,"event":{"mods":["2.2 Compatiblity","AchievementEnabler","Bard","BaseMod","Better Skull","Better Third Choice","Colored Powertips","Hermit","Highlight Path","Jorbs\u0027s Wanderer Trilogy","Key Reminder","Minty Spire (QoL Compilation)","Permanent Neow","Quick Restart","Random Character Button","Relic Stats","Replay The Spire","StSLib","The Construct"],"gold_per_floor":[116,116,37,49,69,86,104,104,104,104,154,182,201,219,219,296,296,315,330,115,130,130,130],"floor_reached":22,"playtime":862,"items_purged":["construct:Strike_Gold"],"score":371,"play_id":"cf8b2324-e7cd-4516-a8a1-88d522e73316","local_time":"20210107145947","is_ascension_mode":true,"campfire_choices":[{"data":"construct:Enhance","floor":8,"key":"SMITH"},{"data":"construct:Enhance+1","floor":10,"key":"SMITH"},{"data":"construct:NuclearCore","floor":15,"key":"SMITH"}],"circlet_count":0,"master_deck":["AscendersBane","construct:Strike_Gold","construct:Strike_Gold","construct:Strike_Gold","construct:Strike_Gold","construct:Defend_Gold","construct:Defend_Gold","construct:Defend_Gold","construct:Defend_Gold","construct:Defend_Gold+1","construct:AttackMode+1","construct:DefenseMode","construct:Antimatter","construct:Missile","construct:Disrupt","construct:SyphonStrike","construct:Enhance+2","construct:Failsafe","construct:NuclearCore+1","construct:NuclearCore","Panacea","Violence","construct:Boost"],"relics":["construct:ClockworkPhoenix","War Paint","ReplayTheSpireMod:Ninjato","Darkstone Periapt","Ring of Chaos","ReplayTheSpireMod:ShopPack"],"acts_visited":["Exordium","TheCity"],"potions_floor_usage":[12,16,16,18,22],"damage_taken":[{"damage":3,"enemies":"Cultist","floor":1,"turns":4},{"damage":2,"enemies":"Jaw Worm","floor":4,"turns":3},{"damage":0,"enemies":"Small Slimes","floor":5,"turns":2},{"damage":1,"enemies":"3 Louse","floor":6,"turns":4},{"damage":0,"enemies":"2 Fungi Beasts","floor":7,"turns":3},{"damage":11,"enemies":"Lagavulin","floor":12,"turns":5},{"damage":4,"enemies":"Large Slime","floor":13,"turns":6},{"damage":7,"enemies":"3 Louse","floor":14,"turns":4},{"damage":31,"enemies":"Slime Boss","floor":16,"turns":4},{"damage":28,"enemies":"3 Byrds","floor":18,"turns":5},{"damage":13,"enemies":"Chosen","floor":19,"turns":4},{"damage":15,"enemies":"Sentry and Sphere","floor":21,"turns":8},{"damage":12,"enemies":"Cultist and Chosen","floor":22,"turns":2}],"seed_played":"-2721876379390724158","potions_obtained":[{"floor":4,"key":"Elixir"},{"floor":12,"key":"AttackPotion"},{"floor":14,"key":"Energy Potion"},{"floor":16,"key":"Toxic Potion"},{"floor":19,"key":"Elixir"},{"floor":21,"key":"Fire Potion"}],"is_trial":false,"path_per_floor":["M","?","$","M","M","M","M","R","T","R","?","E","M","M","R","B",null,"M","M","$","M","M"],"character_chosen":"THE_CONSTRUCT_MOD","items_purchased":["EssenceOfSteel","ReplayTheSpireMod:ShopPack"],"campfire_rested":0,"item_purchase_floors":[3,20],"current_hp_per_floor":[69,69,69,67,67,66,66,66,66,66,66,55,51,44,44,13,63,35,22,22,7,0,0],"gold":130,"neow_bonus":"RANDOM_COMMON_RELIC","is_daily":false,"chose_seed":false,"campfire_upgraded":3,"win_rate":0.0,"timestamp":1610049587,"path_taken":["M","?","$","M","M","M","M","R","T","R","?","E","M","M","R","BOSS","M","M","$","M","M"],"items_purchased_type":["Potion","Relic"],"build_version":"2020-12-22","purchased_purges":1,"victory":false,"max_hp_per_floor":[80,80,80,80,80,80,80,80,80,80,80,80,80,80,80,80,80,80,80,80,80,80,80],"relic_stats":{"Darkstone Periapt":0,"counters":[13,54],"War Paint":["construct:Defend_Gold","construct:AttackMode"],"obtain_stats":[{"Darkstone Periapt":12,"ReplayTheSpireMod:Ninjato":9,"Ring of Chaos":17,"construct:ClockworkPhoenix":0,"War Paint":0,"ReplayTheSpireMod:ShopPack":20},{"Darkstone Periapt":6,"ReplayTheSpireMod:Ninjato":5,"Ring of Chaos":9,"construct:ClockworkPhoenix":0,"War Paint":0,"ReplayTheSpireMod:ShopPack":11},{"Darkstone Periapt":21,"ReplayTheSpireMod:Ninjato":16,"Ring of Chaos":35,"construct:ClockworkPhoenix":0,"War Paint":0,"ReplayTheSpireMod:ShopPack":44}]},"card_choices":[{"not_picked":["construct:Backfire","construct:ModeShift"],"picked":"construct:Antimatter","floor":1},{"not_picked":["construct:Rollout","construct:BatteryAcid"],"picked":"construct:Missile","floor":4},{"not_picked":["construct:Forcefield","construct:FlammableFog"],"picked":"construct:Disrupt","floor":5},{"not_picked":["construct:Backup","construct:PanicFire"],"picked":"construct:SyphonStrike","floor":6},{"not_picked":["construct:Reinforce","construct:Agitation"],"picked":"construct:Enhance","floor":7},{"not_picked":["construct:FlakBarrage","construct:Chainstrike","construct:ShiftStrike"],"picked":"SKIP","floor":12},{"not_picked":["construct:FierceBash","construct:Autoturret"],"picked":"construct:Failsafe","floor":13},{"not_picked":["construct:Isolate","construct:Boost"],"picked":"construct:NuclearCore","floor":14},{"not_picked":["construct:ClusterMines","construct:SuppressiveFire","construct:FocusedBeam"],"picked":"SKIP","floor":18},{"not_picked":["construct:PhosphorStorm","construct:Versatility"],"picked":"construct:NuclearCore","floor":19},{"not_picked":["Jack Of All Trades","Dark Shackles"],"picked":"Panacea","floor":20},{"not_picked":["Sadistic Nature","Transmutation"],"picked":"Violence","floor":20},{"not_picked":["construct:FierceBash","construct:ReactiveShield"],"picked":"construct:Boost","floor":21}],"player_experience":960537,"relics_obtained":[{"floor":9,"key":"ReplayTheSpireMod:Ninjato"},{"floor":12,"key":"Darkstone Periapt"}],"event_choices":[{"damage_healed":0,"gold_gain":0,"player_choice":"Leave","damage_taken":0,"max_hp_gain":0,"max_hp_loss":0,"event_name":"The Cleric","floor":2,"gold_loss":0},{"damage_healed":0,"gold_gain":50,"player_choice":"Gained Gold","damage_taken":0,"max_hp_gain":0,"max_hp_loss":0,"event_name":"Golden Wing","floor":11,"gold_loss":0}],"is_beta":false,"boss_relics":[{"not_picked":["Snecko Heart","Coffee Dripper"],"picked":"Ring of Chaos"}],"items_purged_floors":[20],"is_endless":false,"potions_floor_spawned":[4,12,14,16,19,21],"killed_by":"Cultist and Chosen","ascension_level":19}}