{"host":"sav7uxregyirlf69","time":1610030671,"event":{"mods":["AchievementEnabler","BaseMod","Colored Map","DeckTracker","Keyboard Shortcuts","Minty Spire (QoL Compilation)","READ ME - Guardian Mod","StSLib","SuperFastMode"],"gold_per_floor":[114,133,58,32,42,42,68,68,68,93,103,120,136,150,150,150,150],"floor_reached":16,"playtime":289,"items_purged":[],"score":208,"play_id":"918db128-a9d2-4d25-bc89-1cc6b85f6aef","local_time":"20210107234431","daily_mods":["Heirloom"],"is_ascension_mode":true,"campfire_choices":[{"data":"Neutralize","floor":6,"key":"SMITH"},{"data":"Blade Dance","floor":8,"key":"SMITH"},{"data":"Endless Agony","floor":15,"key":"SMITH"}],"circlet_count":0,"master_deck":["AscendersBane","Strike_G","Strike_G","Strike_G","Strike_G","Defend_G","Defend_G","Defend_G","Defend_G","Defend_G","Survivor","Neutralize+1","Endless Agony+1","Quick Slash","Blade Dance+1","Dagger Throw","Die Die Die"],"relics":["Ring of the Snake","Lizard Tail","Pocketwatch","Pen Nib"],"acts_visited":["Exordium"],"potions_floor_usage":[7,16,16],"damage_taken":[{"damage":4,"enemies":"Jaw Worm","floor":1,"turns":6},{"damage":1,"enemies":"Cultist","floor":2,"turns":4},{"damage":2,"enemies":"Small Slimes","floor":5,"turns":4},{"damage":18,"enemies":"Lagavulin","floor":7,"turns":8},{"damage":1,"enemies":"Exordium Wildlife","floor":11,"turns":4},{"damage":0,"enemies":"Looter","floor":12,"turns":2},{"damage":8,"enemies":"Large Slime","floor":13,"turns":4},{"damage":0,"enemies":"Lots of Slimes","floor":14,"turns":1},{"damage":25,"enemies":"Hexaghost","floor":16,"turns":11}],"seed_played":"2487066079063719622","potions_obtained":[{"floor":1,"key":"GamblersBrew"},{"floor":2,"key":"PowerPotion"},{"floor":12,"key":"Swift Potion"},{"floor":14,"key":"Energy Potion"}],"is_trial":true,"path_per_floor":["M","M","?","$","M","R","E","R","T","T","M","M","M","M","R","B"],"character_chosen":"THE_SILENT","items_purchased":["Blade Dance"],"campfire_rested":0,"item_purchase_floors":[4],"current_hp_per_floor":[55,54,54,54,52,52,34,34,34,34,33,33,25,25,25,33,33],"gold":150,"neow_bonus":"","is_daily":false,"chose_seed":false,"campfire_upgraded":3,"win_rate":0.0,"timestamp":1610030671,"path_taken":["M","M","?","$","M","R","E","R","T","?","M","M","M","?","R","BOSS"],"items_purchased_type":["Card"],"build_version":"2020-12-22","purchased_purges":0,"victory":false,"max_hp_per_floor":[66,66,66,66,66,66,66,66,66,66,66,66,66,66,66,66,66],"card_choices":[{"not_picked":["PiercingWail","Finisher"],"picked":"Endless Agony","floor":1},{"not_picked":["Cloak And Dagger","Prepared"],"picked":"Quick Slash","floor":2},{"not_picked":["Deadly Poison","Calculated Gamble"],"picked":"Dagger Throw","floor":5},{"not_picked":["Caltrops","Catalyst","Slice"],"picked":"SKIP","floor":7},{"not_picked":["Sucker Punch","Caltrops","Backflip"],"picked":"SKIP","floor":11},{"not_picked":["Catalyst","Infinite Blades"],"picked":"Die Die Die","floor":12},{"not_picked":["Dagger Spray","Prepared","Bane"],"picked":"SKIP","floor":13},{"not_picked":["Sucker Punch","Bane","Flechettes"],"picked":"SKIP","floor":14}],"player_experience":1185178,"relics_obtained":[{"floor":7,"key":"Pocketwatch"},{"floor":10,"key":"Pen Nib"}],"event_choices":[{"cards_removed":["Strike_G"],"damage_healed":0,"gold_gain":0,"player_choice":"Card Removal","damage_taken":0,"max_hp_gain":0,"max_hp_loss":0,"event_name":"The Cleric","floor":3,"gold_loss":75}],"is_beta":false,"boss_relics":[],"items_purged_floors":[],"is_endless":false,"potions_floor_spawned":[1,2,12,14],"killed_by":"Hexaghost","ascension_level":20}}