{"host":"bg8va46pgqgvtzim","time":1610021594,"event":{"mods":["BaseMod","Minty Spire (QoL Compilation)","Quick Restart","StSLib","SuperFastMode","¡¾ÒÅÎï¿¨ÅÆ¡¿REMEMod"],"gold_per_floor":[111,127,127,127,52,77,77,96,120,130,155,155,188,199,199,298,298,312,322,338,356,356,385,385,410,490,490,317,343,343,363,363,476,476,490,508,508,508,383,417,417,430,430,465,493,493,519,549,549,549,549,549,44,70,70],"floor_reached":56,"playtime":2294,"items_purged":["Defend_P","Strike_P","BattleHymn+1","Defend_P+1"],"score":1677,"play_id":"6e2448f9-c290-4fd5-85fa-b2d7406a99fb","local_time":"20210107201314","is_ascension_mode":true,"campfire_choices":[{"data":"ForeignInfluence","floor":7.0,"key":"SMITH"},{"data":"Barricade","floor":12.0,"key":"SMITH"},{"data":"Collect","floor":15.0,"key":"SMITH"},{"floor":24.0,"key":"RECALL"},{"data":"MentalFortress","floor":27.0,"key":"SMITH"},{"data":"Meditate","floor":30.0,"key":"SMITH"},{"data":"Vigilance","floor":32.0,"key":"SMITH"},{"floor":41.0,"key":"REST"},{"floor":49.0,"key":"REST"},{"floor":52.0,"key":"REST"}],"circlet_count":0,"master_deck":["Strike_P+1","Strike_P+1","Defend_P+1","Defend_P+1","Eruption+1","Vigilance+1","Barricade+1","TalkToTheHand+1","FollowUp+1","ForeignInfluence+1","Collect+1","Omniscience+1","MentalFortress+1","LessonLearned+1","Establishment+1","Indignation+1","Meditate+1","MentalFortress+1","Halt+1","Scrawl+1","Madness+1","Adaptation+1","InnerPeace+1","Deep Breath+1","Madness+1"],"relics":["PureWater","REME_ComplimentaryCards","Bronze Scales","Akabeko","Thread and Needle","InkBottle","Runic Pyramid","Anchor","Pear","CeramicFish","REME_LowDesire","REME_PuzzleBoxRelic","Bag of Marbles","Prayer Wheel","Ornamental Fan","Centennial Puzzle","Blood Vial","Juzu Bracelet","Ice Cream","Oddly Smooth Stone"],"acts_visited":["Exordium","TheCity","TheBeyond","TheEnding"],"potions_floor_usage":[55,55,55],"damage_taken":[{"damage":0.0,"enemies":"Jaw Worm","floor":1.0,"turns":8.0},{"damage":0.0,"enemies":"2 Louse","floor":2.0,"turns":1.0},{"damage":8.0,"enemies":"Lagavulin","floor":6.0,"turns":6.0},{"damage":0.0,"enemies":"Small Slimes","floor":8.0,"turns":3.0},{"damage":0.0,"enemies":"Blue Slaver","floor":10.0,"turns":2.0},{"damage":0.0,"enemies":"Gremlin Nob","floor":11.0,"turns":2.0},{"damage":0.0,"enemies":"Lagavulin","floor":13.0,"turns":4.0},{"damage":0.0,"enemies":"Looter","floor":14.0,"turns":1.0},{"damage":0.0,"enemies":"The Guardian","floor":16.0,"turns":8.0},{"damage":0.0,"enemies":"Chosen","floor":18.0,"turns":3.0},{"damage":3.0,"enemies":"Shell Parasite","floor":19.0,"turns":6.0},{"damage":2.0,"enemies":"3 Cultists","floor":20.0,"turns":4.0},{"damage":2.0,"enemies":"Sentry and Sphere","floor":21.0,"turns":4.0},{"damage":0.0,"enemies":"REME_1_Revenger","floor":23.0,"turns":4.0},{"damage":0.0,"enemies":"Book of Stabbing","floor":25.0,"turns":5.0},{"damage":18.0,"enemies":"Slavers","floor":29.0,"turns":3.0},{"damage":0.0,"enemies":"Centurion and Healer","floor":31.0,"turns":4.0},{"damage":18.0,"enemies":"Automaton","floor":33.0,"turns":6.0},{"damage":0.0,"enemies":"3 Darklings","floor":35.0,"turns":4.0},{"damage":0.0,"enemies":"Nemesis","floor":40.0,"turns":5.0},{"damage":0.0,"enemies":"Orb Walker","floor":42.0,"turns":3.0},{"damage":0.0,"enemies":"Reptomancer","floor":44.0,"turns":5.0},{"damage":0.0,"enemies":"4 Shapes","floor":45.0,"turns":2.0},{"damage":0.0,"enemies":"Giant Head","floor":47.0,"turns":5.0},{"damage":0.0,"enemies":"Transient","floor":48.0,"turns":5.0},{"damage":0.0,"enemies":"Awakened One","floor":50.0,"turns":7.0},{"damage":14,"enemies":"Shield and Spear","floor":54,"turns":4},{"damage":27,"enemies":"The Heart","floor":55,"turns":7}],"seed_played":"3562807915376340972","potions_obtained":[{"floor":1.0,"key":"Block Potion"},{"floor":2.0,"key":"LiquidMemories"},{"floor":10.0,"key":"DistilledChaos"},{"floor":23.0,"key":"DuplicationPotion"},{"floor":33.0,"key":"Regen Potion"},{"floor":40.0,"key":"Swift Potion"},{"floor":47.0,"key":"BlessingOfTheForge"},{"floor":48.0,"key":"FairyPotion"},{"floor":54,"key":"FearPotion"}],"is_trial":false,"path_per_floor":["M","M","?","?","$","E","R","M","T","M","E","R","E","M","R","B",null,"M","M","M","M","?","E","R","E","T","R","$","E","R","M","R","B",null,"M","?","?","?","$","E","R","M","T","E","M","?","E","M","R","B",null,"R","$","E","B",null],"character_chosen":"WATCHER","items_purchased":["MentalFortress","Ice Cream","Energy Potion"],"campfire_rested":3,"item_purchase_floors":[28,53,53],"current_hp_per_floor":[72,72,58,63,63,55,55,55,55,55,55,55,55,55,55,55,77,77,74,72,70,70,70,70,80,80,80,80,62,62,62,62,44,87,87,76,76,76,76,76,87,87,87,87,87,87,87,87,87,87,87,87,87,73,48],"gold":70,"neow_bonus":"UPGRADE_CARD","is_daily":false,"chose_seed":false,"campfire_upgraded":6,"win_rate":0.0,"timestamp":1610021594,"path_taken":["M","M","?","?","$","E","R","M","T","M","E","R","E","M","R","BOSS","M","M","M","M","?","E","R","E","T","R","$","E","R","M","R","BOSS","M","?","?","?","$","E","R","M","T","E","?","?","E","M","R","BOSS","R","$","E","BOSS"],"items_purchased_type":["Card","Relic","Potion"],"build_version":"2020-12-22","purchased_purges":4,"victory":true,"max_hp_per_floor":[72,72,72,77,77,77,77,77,77,77,77,77,77,77,77,77,77,77,77,77,77,77,77,77,87,87,87,87,87,87,87,87,87,87,87,87,87,87,87,87,87,87,87,87,87,87,87,87,87,87,87,87,87,87,87],"card_choices":[{"not_picked":["FlyingSleeves","EmptyBody"],"picked":"TalkToTheHand","floor":1.0},{"not_picked":["PathToVictory","Halt"],"picked":"FollowUp","floor":2.0},{"not_picked":["CrushJoints","REME_MusicOfDeath"],"picked":"ForeignInfluence","floor":6.0},{"not_picked":["Prostrate","ClearTheMind"],"picked":"Collect","floor":8.0},{"not_picked":["WreathOfFlame","Perseverance"],"picked":"Omniscience","floor":10.0},{"not_picked":["Protect","Meditate"],"picked":"BattleHymn","floor":11.0},{"not_picked":["EmptyMind","CrushJoints"],"picked":"MentalFortress","floor":13.0},{"not_picked":["LikeWater","BowlingBash"],"picked":"LessonLearned","floor":14.0},{"not_picked":["Scrawl","SpiritShield"],"picked":"Establishment","floor":16.0},{"not_picked":["Vengeance","Weave","JustLucky"],"picked":"SKIP","floor":18.0},{"not_picked":["Crescendo","EmptyFist","ClearTheMind"],"picked":"SKIP","floor":19.0},{"not_picked":["DeceiveReality","BowlingBash"],"picked":"Indignation+1","floor":20.0},{"not_picked":["Weave","CrushJoints+1","Indignation"],"picked":"SKIP","floor":21.0},{"not_picked":["ForeignInfluence","CutThroughFate","SashWhip"],"picked":"SKIP","floor":23.0},{"not_picked":["LikeWater","Nirvana+1"],"picked":"Meditate","floor":25.0},{"not_picked":["Halt","FlyingSleeves","CrushJoints+1"],"picked":"SKIP","floor":29.0},{"not_picked":["REME_Repentance","Consecrate+1"],"picked":"Halt+1","floor":31.0},{"not_picked":["Alpha","Blasphemy"],"picked":"Scrawl","floor":33.0},{"not_picked":["Evaluate+1","Crescendo+1","WreathOfFlame","Secret Weapon"],"picked":"SKIP","floor":35.0},{"not_picked":["BowlingBash","FlyingSleeves","JustLucky","Good Instincts+1"],"picked":"SKIP","floor":40.0},{"not_picked":["REME_MusicOfDeath","Blasphemy","EmptyFist+1","Good Instincts+1"],"picked":"SKIP","floor":42.0},{"not_picked":["Nirvana+1","BowlingBash","Consecrate","REME_BuildACard"],"picked":"SKIP","floor":42.0},{"not_picked":["Vengeance","FlurryOfBlows+1","REME_Flogging"],"picked":"Adaptation+1","floor":44.0},{"not_picked":["CutThroughFate+1","CrushJoints","Violence"],"picked":"InnerPeace+1","floor":45.0},{"not_picked":["ClearTheMind","REME_Repentance","ThirdEye+1","Metamorphosis"],"picked":"SKIP","floor":45.0},{"not_picked":["Protect","REME_Repentance+1","BowlingBash+1","Bandage Up+1"],"picked":"SKIP","floor":47.0},{"not_picked":["ThirdEye+1","Wish","ClearTheMind+1"],"picked":"Deep Breath+1","floor":48.0},{"not_picked":["FlyingSleeves+1","BattleHymn+1","EmptyBody+1"],"picked":"Madness+1","floor":48.0},{"not_picked":["Prostrate","Devotion","SashWhip","Discovery"],"picked":"SKIP","floor":54}],"player_experience":2242495,"relics_obtained":[{"floor":6.0,"key":"Bronze Scales"},{"floor":9.0,"key":"Akabeko"},{"floor":11.0,"key":"Thread and Needle"},{"floor":13.0,"key":"InkBottle"},{"floor":23.0,"key":"Anchor"},{"floor":25.0,"key":"Pear"},{"floor":29.0,"key":"CeramicFish"},{"floor":34.0,"key":"REME_PuzzleBoxRelic"},{"floor":34.0,"key":"Bag of Marbles"},{"floor":40.0,"key":"Ornamental Fan"},{"floor":43.0,"key":"Centennial Puzzle"},{"floor":44.0,"key":"Blood Vial"},{"floor":47.0,"key":"Juzu Bracelet"},{"floor":54,"key":"Oddly Smooth Stone"}],"event_choices":[{"damage_healed":0.0,"max_hp_gain":0.0,"max_hp_loss":0.0,"gold_gain":0.0,"event_name":"Shining Light","player_choice":"Entered Light","floor":3.0,"gold_loss":0.0,"damage_taken":14.0,"cards_upgraded":["TalkToTheHand","FollowUp"]},{"damage_healed":0.0,"max_hp_gain":5.0,"max_hp_loss":0.0,"gold_gain":0.0,"event_name":"Big Fish","player_choice":"Donut","floor":4.0,"gold_loss":0.0,"damage_taken":0.0},{"cards_removed":["Strike_P"],"damage_healed":0.0,"max_hp_gain":0.0,"max_hp_loss":0.0,"gold_gain":0.0,"event_name":"Back to Basics","player_choice":"Elegance","floor":22.0,"gold_loss":0.0,"damage_taken":0.0},{"damage_healed":0.0,"max_hp_gain":0.0,"max_hp_loss":0.0,"gold_gain":0.0,"event_name":"Winding Halls","player_choice":"Embrace Madness","floor":36.0,"gold_loss":0.0,"damage_taken":11.0,"cards_obtained":["Madness","Madness"]},{"cards_removed":["Madness"],"damage_healed":0.0,"max_hp_gain":0.0,"max_hp_loss":0.0,"gold_gain":0.0,"event_name":"Falling","player_choice":"Removed Skill","floor":37.0,"gold_loss":0.0,"damage_taken":0.0},{"damage_healed":0.0,"max_hp_gain":0.0,"max_hp_loss":0.0,"gold_gain":0.0,"event_name":"WeMeetAgain","player_choice":"Gave Potion","floor":38.0,"gold_loss":0.0,"damage_taken":0.0,"relics_obtained":["Prayer Wheel"]},{"damage_healed":0.0,"max_hp_gain":0.0,"max_hp_loss":0.0,"gold_gain":0.0,"event_name":"NoteForYourself","player_choice":"Ignored","floor":46.0,"gold_loss":0.0,"damage_taken":0.0}],"is_beta":false,"boss_relics":[{"not_picked":["Tiny House","Sozu"],"picked":"Runic Pyramid"},{"not_picked":["Snecko Eye","Busted Crown"],"picked":"REME_LowDesire"}],"items_purged_floors":[5,28,39,53],"is_endless":false,"potions_floor_spawned":[1,2,10,13,14,16,18,19,23,33,40,47,48,54],"ascension_level":1}}