{"host":"qdfumeom6htv8yxl","time":1610052132,"event":{"mods":["AchievementEnabler","BaseMod","Bestiary","Block Reminder","Minty Spire (QoL Compilation)","Quick Restart","Relic Stats"],"gold_per_floor":[119,119,194,66,29,29,45,45,98,13,13,42,57,75,75,75,75],"floor_reached":16,"playtime":329,"items_purged":["Strike_G"],"score":240,"play_id":"86f95712-9109-4a68-8754-0a52e530dd82","local_time":"20210107144212","is_ascension_mode":true,"campfire_choices":[{"data":"Blade Dance","floor":6,"key":"SMITH"},{"data":"Cloak And Dagger","floor":8,"key":"SMITH"},{"data":"Choke","floor":15,"key":"SMITH"}],"circlet_count":0,"master_deck":["AscendersBane","Strike_G+1","Strike_G","Strike_G","Strike_G","Defend_G","Defend_G","Defend_G","Defend_G","Defend_G","Survivor","Neutralize","Cloak And Dagger+1","Blade Dance+1","Calculated Gamble","Sucker Punch+1","Choke+1","Choke","Leg Sweep"],"relics":["Ring of the Snake","NeowsBlessing","Gremlin Horn","Whetstone","Lantern"],"acts_visited":["Exordium"],"potions_floor_usage":[16],"damage_taken":[{"damage":0,"enemies":"Jaw Worm","floor":1,"turns":1},{"damage":0,"enemies":"Small Slimes","floor":7,"turns":1},{"damage":0,"enemies":"Lagavulin","floor":12,"turns":1},{"damage":0,"enemies":"Cultist","floor":13,"turns":2},{"damage":0,"enemies":"Blue Slaver","floor":14,"turns":2},{"damage":53,"enemies":"Hexaghost","floor":16,"turns":12}],"seed_played":"-2753885509715128245","potions_obtained":[{"floor":1,"key":"SteroidPotion"},{"floor":13,"key":"LiquidMemories"}],"is_trial":false,"path_per_floor":["M","?","?","$","$","R","M","R","T","$","?","E","M","M","R","B"],"character_chosen":"THE_SILENT","items_purchased":["Blade Dance","Calculated Gamble","Choke"],"campfire_rested":0,"item_purchase_floors":[4,5,10],"current_hp_per_floor":[59,48,37,37,37,37,37,37,37,37,59,59,59,59,59,6,6],"gold":75,"neow_bonus":"THREE_ENEMY_KILL","is_daily":false,"chose_seed":false,"campfire_upgraded":3,"win_rate":0.0,"timestamp":1610052132,"path_taken":["M","?","?","?","$","R","M","R","T","$","?","E","M","M","R","BOSS"],"items_purchased_type":["Card","Card","Card"],"build_version":"2020-12-22","purchased_purges":1,"victory":false,"max_hp_per_floor":[66,66,66,66,66,66,66,66,66,66,66,66,66,66,66,66,66],"relic_stats":{"Gremlin Horn":[1,1],"counters":[6,19],"Whetstone":["Strike_G","Sucker Punch"],"obtain_stats":[{"Lantern":12,"NeowsBlessing":0,"Gremlin Horn":2,"Whetstone":9,"Ring of the Snake":0},{"Lantern":3,"NeowsBlessing":0,"Gremlin Horn":1,"Whetstone":2,"Ring of the Snake":0},{"Lantern":3,"NeowsBlessing":0,"Gremlin Horn":1,"Whetstone":2,"Ring of the Snake":0}],"Ring of the Snake":[12]},"card_choices":[{"not_picked":["Deadly Poison","Dagger Throw"],"picked":"Cloak And Dagger","floor":1},{"not_picked":["Poisoned Stab","Slice"],"picked":"Sucker Punch","floor":7},{"not_picked":["Sucker Punch","Poisoned Stab"],"picked":"Choke","floor":12},{"not_picked":["Skewer","Deflect","Poisoned Stab"],"picked":"SKIP","floor":13},{"not_picked":["Blur","Bane"],"picked":"Leg Sweep","floor":14}],"player_experience":1726585,"relics_obtained":[{"floor":9,"key":"Whetstone"},{"floor":12,"key":"Lantern"}],"event_choices":[{"damage_healed":0,"gold_gain":0,"player_choice":"Success","damage_taken":11,"relics_obtained":["Gremlin Horn"],"max_hp_gain":0,"max_hp_loss":0,"event_name":"Scrap Ooze","floor":2,"gold_loss":0},{"damage_healed":0,"gold_gain":75,"player_choice":"Gather Gold","damage_taken":11,"max_hp_gain":0,"max_hp_loss":0,"event_name":"World of Goop","floor":3,"gold_loss":0},{"damage_healed":22,"gold_gain":0,"player_choice":"Banana","damage_taken":0,"max_hp_gain":0,"max_hp_loss":0,"event_name":"Big Fish","floor":11,"gold_loss":0}],"is_beta":false,"boss_relics":[],"items_purged_floors":[4],"is_endless":false,"potions_floor_spawned":[1,13],"killed_by":"Hexaghost","ascension_level":19}}