{"host":"bf9sa99gaumonoeu","time":1610003972,"event":{"mods":["AchievementEnabler","Act Like it!","BaseMod","Better Sensory Stone","Colored Map","Colored Powertips","Downfall","Friendly Minions","Gensokyo","GifTheSpireLib","Hallownest","Hermit","Hubris","Jorbs\u0027s Wanderer Trilogy","KinomotoSakuraMod(????)","Koishi","Lobotomy","Marisa????????","Minty Spire (QoL Compilation)","Rare Cards Sparkle","Reimu??????","Remilia??????","Replay The Spire","Shop Mod","StSLib","The Administrix","The Animator","The Blue Laboratory","The Bug Knight","The Construct","The Cursed","The Disciple","The Hierophant","The Mystic","The Necromancer","The Poker Player","The Runesmith","The Senshi","The Servant 0.9.4"],"gold_per_floor":[110,140,157,172,172,172,32,32,85,123,123,135,154,154,154,250,250,282,32,64,64,64],"floor_reached":21,"playtime":1672,"items_purged":[],"score":300,"play_id":"c4c1e38b-3277-47f8-b121-541ae80a8725","local_time":"20210107051932","is_ascension_mode":true,"campfire_choices":[{"data":"animator:Genos","floor":6,"key":"SMITH"},{"data":"animator:MumenRider","floor":8,"key":"SMITH"},{"data":"animator:Chung","floor":11,"key":"SMITH"},{"floor":15,"key":"REST"}],"circlet_count":0,"master_deck":["AscendersBane","animator:Strike_OnePunchMan","animator:Defend_OnePunchMan","animator:Strike","animator:Strike","animator:Defend","animator:Defend","animator:Defend","animator:Genos+1","animator:MumenRider+1","animator:Raven","animator:Ara","animator:Genos","animator:Chung+1","animator:Chung","CommonCold","animator:Elesis","animator:MetalKnight","animator:GazelDwargon"],"relics":["animator:LivingPicture","animator:TheMissingPiece","Mango","BranchBurnRelic","Anchor","hubris:Potato","Painkiller Herb","construct:FoamFinger"],"acts_visited":["Gensokyo:Gensokyo","Gensokyo:Gensokyoer"],"potions_floor_usage":[16],"damage_taken":[{"damage":5,"enemies":"Gensokyo:2_Kodama","floor":1,"turns":4},{"damage":4,"enemies":"Gensokyo:3_Fairies","floor":2,"turns":5},{"damage":1,"enemies":"Gensokyo:Gryphon","floor":3,"turns":3},{"damage":4,"enemies":"Gensokyo:Python_and_Kodama","floor":4,"turns":3},{"damage":33,"enemies":"Gensokyo:Aya","floor":10,"turns":6},{"damage":16,"enemies":"Gensokyo:3_Kodama","floor":12,"turns":4},{"damage":0,"enemies":"Gensokyo:Gryphon_and_Rabbit","floor":13,"turns":5},{"damage":47,"enemies":"Gensokyo:Yukari","floor":16,"turns":11},{"damage":0,"enemies":"Gensokyo:AngelMirror","floor":18,"turns":3},{"damage":2,"enemies":"Gensokyo:CosmicMonolith","floor":20,"turns":3},{"damage":70,"enemies":"Gensokyo:3_Gloops","floor":21,"turns":5}],"seed_played":"-9028185697889216801","potions_obtained":[{"floor":10,"key":"BlessingOfTheForge"},{"floor":12,"key":"animator:FalseLifePotion"},{"floor":13,"key":"animator:GrowthPotion"}],"is_trial":false,"path_per_floor":["M","M","M","M","?","R","?","R","T","E","R","M","M","?","R","B",null,"?","T","?","?"],"character_chosen":"THE_ANIMATOR","items_purchased":["construct:FoamFinger"],"campfire_rested":1,"item_purchase_floors":[19],"current_hp_per_floor":[54,50,50,46,39,39,39,39,39,21,21,17,17,17,41,10,64,64,64,62,0,0],"gold":64,"neow_bonus":"RANDOM_EVENT","is_daily":false,"chose_seed":false,"campfire_upgraded":3,"win_rate":0.0,"timestamp":1610003972,"path_taken":["M","M","M","M","?","R","?","R","T","E","R","?","M","?","R","BOSS","?","T","?","?"],"items_purchased_type":["Relic"],"build_version":"2020-12-22","purchased_purges":0,"victory":false,"max_hp_per_floor":[66,66,67,67,81,81,81,81,81,81,81,81,81,81,81,82,82,82,82,82,82,82],"card_choices":[{"not_picked":["animator:Verdia","animator:Jibril","animator:Gillette"],"picked":"SKIP","floor":1},{"not_picked":["animator:ElricEdward","animator:Millim"],"picked":"animator:Raven","floor":2},{"not_picked":["animator:MumenRider","animator:Kazuma"],"picked":"animator:Ara","floor":3},{"not_picked":["animator:Tatsumaki","animator:MumenRider"],"picked":"animator:Genos","floor":4},{"not_picked":["animator:Raven","animator:RoyMustang"],"picked":"animator:Chung","floor":10},{"not_picked":["animator:ElricEdward","animator:ChaikaBohdan"],"picked":"animator:Chung","floor":12},{"not_picked":["animator:Hakurou","animator:Megumin","animator:Genos"],"picked":"SKIP","floor":13},{"not_picked":["animator:Shizu","animator:Greed"],"picked":"animator:Elesis","floor":16},{"not_picked":["animator:Sonic","animator:SilverFang"],"picked":"animator:MetalKnight","floor":18},{"not_picked":["animator:Gillette+1","animator:DolaStephanie"],"picked":"animator:GazelDwargon","floor":20}],"player_experience":843735,"relics_obtained":[{"floor":9,"key":"Anchor"},{"floor":10,"key":"hubris:Potato"}],"event_choices":[],"is_beta":false,"boss_relics":[{"not_picked":["Replay:Wanted Poster","Empty Cage"],"picked":"Painkiller Herb"}],"items_purged_floors":[],"is_endless":false,"potions_floor_spawned":[10,12,13],"killed_by":"Gensokyo:3_Gloops","ascension_level":11}}