{"host":"bpkhhmvsfrvlto2l","time":1610010805,"event":{"mods":["2.2 Compatiblity","Act Like it!","AlwaysNeverKeys","BaseMod","Better Silent Start","Challenge The Spire","Colored Map","Colored Powertips","Custom Start","Downfall","Energized Spire","Friendly Minions","GifTheSpireLib","Halation","Hubris","Infinite Spire","Ironclad Rager","Mimic Mod","Minty Spire (QoL Compilation)","Permanent Neow","Quick Restart","Random Character Button","Relic Sorter","Replay The Spire","Spikes Relics","StSLib","Stuff the Spire","Swap Starting Deck Mod","Trackpad"],"gold_per_floor":[114,134,134,144,157,188,188,188,188,188,202,202,215,235,235,336,336,352,365,290,300,300,300,300,316,339,365,365,365,138,173,173,280,280,295,318,332,355,145,145,186,186,210,248,248,248,292,325,325,333],"floor_reached":51,"playtime":1587,"items_purged":["Mirror Shield"],"score":1092,"play_id":"19db03e9-f0e6-4cd9-bf07-1b163f411439","local_time":"20210107041325","is_ascension_mode":true,"campfire_choices":[{"floor":7,"key":"REST"},{"floor":10,"key":"REST"},{"data":"Chill","floor":15,"key":"SMITH"},{"data":"Defragment","floor":23,"key":"SMITH"},{"data":"Blizzard","floor":28,"key":"SMITH"},{"data":"Capacitor","floor":32,"key":"SMITH"},{"floor":40,"key":"REST"},{"data":"Blizzard","floor":42,"key":"SMITH"},{"floor":46,"key":"REST"},{"floor":49,"key":"REST"}],"circlet_count":0,"master_deck":["Blizzard","Blizzard","Blizzard+1","Blizzard+1","Blizzard","Chill+1","Coolheaded","Coolheaded+1","Coolheaded","Coolheaded+1","Blizzard+1","Defragment+1","Self Repair","Capacitor+1","Chill+1","Blizzard+1","Reboot","Defragment"],"relics":["StuffTheSpire:OccultApparatus","Ring of Fury","Peace Pipe","trackpad:WondrousWand","ReplayTheSpireMod:DimensionalGlitch","halation:EternalFortune","Replay:Bandana","infinitespire:Freezer","SlaversCollar","War Paint","Bronze Scales","hubris:SlimyHat","Replay:Ringing Soul"],"acts_visited":["Exordium","TheCity","TheBeyond"],"potions_floor_usage":[11,16,18,38,41,41,41,47,50],"damage_taken":[{"damage":1,"enemies":"Jaw Worm","floor":1,"turns":3},{"damage":0,"enemies":"Small Slimes","floor":2,"turns":3},{"damage":0,"enemies":"2 Louse","floor":4,"turns":2},{"damage":10,"enemies":"Red Slaver","floor":5,"turns":4},{"damage":0,"enemies":"Lagavulin","floor":6,"turns":7},{"damage":8,"enemies":"Exordium Thugs","floor":11,"turns":2},{"damage":1,"enemies":"Exordium Wildlife","floor":13,"turns":2},{"damage":7,"enemies":"Blue Slaver","floor":14,"turns":4},{"damage":36,"enemies":"The Guardian","floor":16,"turns":12},{"damage":4,"enemies":"Chosen","floor":18,"turns":5},{"damage":1,"enemies":"2 Thieves","floor":19,"turns":2},{"damage":0,"enemies":"3 Cultists","floor":21,"turns":3},{"damage":0,"enemies":"Cultist and Chosen","floor":25,"turns":4},{"damage":0,"enemies":"Snecko","floor":27,"turns":4},{"damage":3,"enemies":"Centurion and Healer","floor":31,"turns":6},{"damage":36,"enemies":"hubris:MusketHawk","floor":33,"turns":8},{"damage":12,"enemies":"Orb Walker","floor":35,"turns":6},{"damage":13,"enemies":"3 Shapes","floor":36,"turns":2},{"damage":32,"enemies":"Transient","floor":37,"turns":5},{"damage":28,"enemies":"Spire Growth","floor":38,"turns":10},{"damage":0,"enemies":"R_Hoarder","floor":41,"turns":8},{"damage":30,"enemies":"Reptomancer","floor":44,"turns":5},{"damage":28,"enemies":"Nemesis","floor":47,"turns":7},{"damage":0,"enemies":"3 Darklings","floor":48,"turns":3},{"damage":0,"enemies":"Donu and Deca","floor":50,"turns":6}],"seed_played":"-2284391318911655144","potions_obtained":[{"floor":4,"key":"Dexterity Potion"},{"floor":6,"key":"FairyPotion"},{"floor":11,"key":"Fruit Juice"},{"floor":16,"key":"AttackPotion"},{"floor":19,"key":"Flashbang"},{"floor":21,"key":"EntropicBrew"},{"floor":36,"key":"FocusPotion"},{"floor":38,"key":"Explosive Potion"},{"floor":44,"key":"champ:CounterPotion"},{"floor":48,"key":"Regen Potion"}],"is_trial":false,"path_per_floor":["M","M","?","M","M","E","R","?","T","R","M","?","M","M","R","B",null,"M","M","$","M","?","R","?","M","T","M","R","?","$","M","R","B",null,"M","M","M","M","$","R","E","R","T","E","?","R","E","M","R","B",null],"character_chosen":"DEFECT","items_purchased":["infinitespire:Freezer","Self Repair","FocusPotion","DistilledChaos","Blizzard","Swift Potion"],"campfire_rested":5,"item_purchase_floors":[30,30,39,39,39,39],"current_hp_per_floor":[37,37,37,37,27,27,49,34,34,56,53,58,57,50,50,14,85,81,80,80,80,80,80,83,83,83,83,83,83,83,84,84,52,88,80,67,35,14,14,40,44,44,44,21,21,47,26,30,57,70],"gold":333,"neow_bonus":"","is_daily":false,"chose_seed":false,"campfire_upgraded":5,"win_rate":0.0,"timestamp":1610010805,"path_taken":["M","M","?","M","M","E","R","?","T","R","M","?","M","M","R","BOSS","M","M","$","M","?","R","?","M","T","M","R","?","?","?","R","BOSS","M","M","M","M","$","R","E","R","T","E","?","R","E","?","R","BOSS"],"items_purchased_type":["Relic","Card","Potion","Potion","Card","Potion"],"build_version":"2020-12-22","purchased_purges":1,"victory":true,"max_hp_per_floor":[75,75,75,75,75,75,75,75,75,75,80,85,85,85,85,85,85,85,85,85,85,85,85,88,88,88,88,88,88,88,88,88,88,88,88,88,88,88,88,88,88,88,88,88,88,88,91,91,91,91],"card_choices":[{"not_picked":["StuffTheSpire:NuclearReactor","Rip and Tear"],"picked":"Blizzard","floor":6},{"not_picked":["Core Surge","Seek"],"picked":"Mirror Shield","floor":16},{"not_picked":["Streamline","Sweeping Beam"],"picked":"Defragment","floor":19},{"not_picked":["Streamline","Beam Cell"],"picked":"Capacitor","floor":31},{"not_picked":["Streamline","Steam"],"picked":"Chill","floor":36},{"not_picked":["Chaos","Panic Button+1"],"picked":"Reboot","floor":41},{"not_picked":["Fusion","ReplayGash"],"picked":"Defragment","floor":47}],"player_experience":35098,"relics_obtained":[{"floor":3,"key":"Ring of Fury"},{"floor":6,"key":"Peace Pipe"},{"floor":9,"key":"trackpad:WondrousWand"},{"floor":26,"key":"Replay:Bandana"},{"floor":41,"key":"War Paint"},{"floor":43,"key":"Bronze Scales"},{"floor":44,"key":"hubris:SlimyHat"},{"floor":47,"key":"Replay:Ringing Soul"}],"event_choices":[{"damage_healed":0,"gold_gain":0,"player_choice":"Entered Light","damage_taken":15,"max_hp_gain":0,"max_hp_loss":0,"event_name":"Shining Light","floor":8,"gold_loss":0,"cards_upgraded":["Blizzard","Coolheaded"]},{"damage_healed":0,"gold_gain":0,"player_choice":"Donut","damage_taken":0,"max_hp_gain":5,"max_hp_loss":0,"event_name":"Big Fish","floor":12,"gold_loss":0},{"damage_healed":0,"gold_gain":0,"player_choice":"Ignored","damage_taken":0,"max_hp_gain":0,"max_hp_loss":0,"event_name":"The Mausoleum","floor":29,"gold_loss":0},{"damage_healed":0,"gold_gain":0,"player_choice":"Forge","damage_taken":0,"max_hp_gain":0,"max_hp_loss":0,"event_name":"Accursed Blacksmith","floor":45,"gold_loss":0,"cards_upgraded":["Blizzard"]}],"is_beta":false,"boss_relics":[{"not_picked":["Fusion Hammer","Astrolabe"],"picked":"ReplayTheSpireMod:DimensionalGlitch"},{"not_picked":["Replay:Wanted Poster","StuffTheSpire:ModemDavis"],"picked":"SlaversCollar"}],"items_purged_floors":[20],"is_endless":false,"potions_floor_spawned":[4,6,11,16,19,21,31,36,38,44,48],"ascension_level":3}}