{"host":"2zwkzbbohfglxxlo","time":1610056953,"event":{"mods":["Act Like it!","BaseMod","BetterRewards","Colored Powertips","Conspire","GifTheSpireLib","Hermit","Hubris","Infinite Spire","Minty Spire (QoL Compilation)","Quick Restart","Relic Stats","Replay The Spire","StSLib","The Cursed","The Mystic","The Necromancer","The Runesmith","The Servant 0.9.4","Wandering Minibosses"],"gold_per_floor":[117,117,292,109,122,151,162,162,162,162,162],"floor_reached":10,"playtime":290,"items_purged":[],"score":69,"play_id":"4b03b8af-39da-464f-89fe-3abcfe1f1e72","local_time":"20210107150233","is_ascension_mode":true,"campfire_choices":[{"data":"Zap","floor":8,"key":"SMITH"}],"circlet_count":0,"master_deck":["Strike_B","Strike_B","Strike_B","Strike_B","Defend_B","Defend_B","Defend_B","Defend_B","Zap+1","Dualcast","hermit:Covet","Strike_G","Melter","Doubt","Genetic Algorithm","Barrage","Beam Cell"],"relics":["Cracked Core","hubris:Potato","hubris:Towel","HandDrill","Anchor","Meat on the Bone"],"acts_visited":["Exordium"],"potions_floor_usage":[6,10],"damage_taken":[{"damage":6,"enemies":"Small Slimes","floor":1,"turns":3},{"damage":1,"enemies":"Jaw Worm","floor":5,"turns":3},{"damage":35,"enemies":"Gremlin Nob","floor":6,"turns":5},{"damage":1,"enemies":"Cultist","floor":7,"turns":3},{"damage":34,"enemies":"3 Sentries","floor":10,"turns":8}],"seed_played":"88754650094014599","potions_obtained":[{"floor":5,"key":"ColorlessPotion"},{"floor":7,"key":"Block Potion"}],"is_trial":false,"path_per_floor":["M","?","?","$","M","E","M","R","T","E"],"character_chosen":"DEFECT","items_purchased":["Genetic Algorithm","HandDrill"],"campfire_rested":0,"item_purchase_floors":[4,4],"current_hp_per_floor":[69,69,69,69,68,33,32,32,32,0,0],"gold":162,"neow_bonus":"ONE_RARE_RELIC","is_daily":false,"chose_seed":false,"campfire_upgraded":1,"win_rate":0.0,"timestamp":1610056953,"path_taken":["M","?","?","$","M","E","M","R","T","E"],"items_purchased_type":["Card","Relic"],"build_version":"2020-12-22","purchased_purges":0,"victory":false,"max_hp_per_floor":[75,75,75,75,75,75,75,75,75,75,75],"relic_stats":{"counters":[5,22],"HandDrill":[2],"obtain_stats":[{"Anchor":6,"HandDrill":4,"hubris:Towel":2,"Cracked Core":0,"hubris:Potato":0,"Meat on the Bone":9},{"Anchor":3,"HandDrill":1,"hubris:Towel":1,"Cracked Core":0,"hubris:Potato":0,"Meat on the Bone":4},{"Anchor":11,"HandDrill":3,"hubris:Towel":3,"Cracked Core":0,"hubris:Potato":0,"Meat on the Bone":14}],"Meat on the Bone":0},"card_choices":[{"not_picked":["Leap","Sweeping Beam"],"picked":"Melter","floor":1},{"not_picked":["Double Energy","Steam"],"picked":"Barrage","floor":5},{"not_picked":["Leap","conspire:SharedLibrary"],"picked":"Beam Cell","floor":6},{"not_picked":["Rebound","Leap","Hologram"],"picked":"SKIP","floor":7}],"player_experience":573400,"relics_obtained":[{"floor":6,"key":"Anchor"},{"floor":9,"key":"Meat on the Bone"}],"event_choices":[{"damage_healed":0,"gold_gain":175,"player_choice":"AGREE","damage_taken":0,"max_hp_gain":0,"max_hp_loss":0,"event_name":"Liars Game","floor":3,"gold_loss":0,"cards_obtained":["Doubt"]}],"is_beta":false,"boss_relics":[],"items_purged_floors":[],"is_endless":false,"potions_floor_spawned":[5,7],"killed_by":"3 Sentries","ascension_level":1}}