{"host":"crjmoxe2wwb87pm5","time":1610046409,"event":{"mods":["BaseMod","Colored Map","GifTheSpireLib","Infinite Spire","Minty Spire (QoL Compilation)","Replay The Spire","StSLib"],"gold_per_floor":[109,121,133,133,148,148,148,223,248,248,46,72,18,49,49,145,145,155,38,0,11,11,11,36,36,36,55,31,44,59,75,75,75,75],"floor_reached":33,"playtime":2258,"items_purged":["Strike_R"],"score":290,"play_id":"9fe95819-f922-4652-bb14-b7b240ef50c7","local_time":"20210107140649","is_ascension_mode":false,"campfire_choices":[{"data":"Entrench","floor":6.0,"key":"SMITH"},{"data":"Flex","floor":10.0,"key":"SMITH"},{"floor":15.0,"key":"DIG"},{"floor":23.0,"key":"REST"},{"floor":32.0,"key":"REST"}],"circlet_count":0,"master_deck":["Strike_R","Strike_R","Strike_R","Strike_R","Defend_R","Defend_R","Defend_R","Defend_R","Bash","Good Instincts+1","Infernal Blade+1","Entrench+1","Flex+1","Power Through","Rupture","Heavy Blade","Juggernaut","Double Tap","Shrug It Off+1","Life Link+1","Body Slam","Whirlwind","Heavy Blade","Armaments+1","Barricade","Combust+1"],"relics":["Burning Blood","infinitespire:Satchel","Ring of Fury","Ring of Hypnosis","Blue Doll","Replay:Wax Seal","Guide Book","Odd Mushroom","Blood Vial","King of Hearts","SlaversCollar","Enchiridion","Lizard Tail","Tiny Chest"],"acts_visited":["Exordium","TheCity"],"potions_floor_usage":[33],"damage_taken":[{"damage":3.0,"enemies":"2 Louse","floor":1.0,"turns":3.0},{"damage":2.0,"enemies":"Jaw Worm","floor":2.0,"turns":3.0},{"damage":0.0,"enemies":"Small Slimes","floor":3.0,"turns":3.0},{"damage":10.0,"enemies":"Looter","floor":5.0,"turns":2.0},{"damage":15.0,"enemies":"The Mushroom Lair","floor":12.0,"turns":4.0},{"damage":0.0,"enemies":"3 Sentries","floor":14.0,"turns":3.0},{"damage":41.0,"enemies":"The Guardian","floor":16.0,"turns":11.0},{"damage":8.0,"enemies":"Chosen","floor":18.0,"turns":4.0},{"damage":12.0,"enemies":"Shell Parasite","floor":21.0,"turns":5.0},{"damage":42.0,"enemies":"Gremlin Leader","floor":24.0,"turns":5.0},{"damage":10.0,"enemies":"Snake Plant","floor":27.0,"turns":3.0},{"damage":23.0,"enemies":"Centurion and Healer","floor":29.0,"turns":7.0},{"damage":0.0,"enemies":"Snecko","floor":30.0,"turns":5.0},{"damage":23.0,"enemies":"Shelled Parasite and Fungi","floor":31.0,"turns":5.0},{"damage":124,"enemies":"Automaton","floor":33,"turns":12}],"seed_played":"-7888008689793640698","potions_obtained":[{"floor":1.0,"key":"SkillPotion"},{"floor":3.0,"key":"Elixir"},{"floor":14.0,"key":"Elixir"},{"floor":16.0,"key":"Dexterity Potion"},{"floor":21.0,"key":"Block Potion"},{"floor":27.0,"key":"AttackPotion"},{"floor":30.0,"key":"Elixir"}],"is_trial":false,"path_per_floor":["M","M","M","?","M","R","?","T","T","R","$","?","$","E","R_BF","B",null,"M","$","?","M","?","R","E","?","T","M","$","M","M","M","R","B"],"character_chosen":"IRONCLAD","items_purchased":["Replay:Wax Seal","Guide Book","Heavy Blade","Life Link+1","Armaments+1"],"campfire_rested":2,"item_purchase_floors":[11,11,13,19,28],"current_hp_per_floor":[80,80,80,80,76,76,76,76,76,76,76,67,67,73,73,40,80,78,78,78,74,58,80,44,44,44,42,42,27,35,20,44,0,0],"gold":75,"neow_bonus":"RANDOM_COLORLESS","is_daily":false,"chose_seed":false,"campfire_upgraded":2,"win_rate":0.0,"timestamp":1610046409,"path_taken":["M","M","M","?","M","R","?","?","T","R","$","?","?","E","R_BF","BOSS","M","?","?","M","?","R","E","?","T","M","$","M","M","M","R","BOSS"],"items_purchased_type":["Relic","Relic","Card","Card","Card"],"build_version":"2020-12-22","purchased_purges":1,"victory":false,"max_hp_per_floor":[80,80,80,80,80,80,80,80,80,80,80,80,80,80,80,80,80,80,80,80,80,80,80,80,80,80,80,80,80,80,80,80,80,80],"card_choices":[{"not_picked":["Purity","Mind Blast"],"picked":"Good Instincts","floor":0.0},{"not_picked":["Shockwave","Pummel"],"picked":"Infernal Blade","floor":1.0},{"not_picked":["Sword Boomerang","Havoc"],"picked":"Entrench","floor":2.0},{"not_picked":["ReplayTheSpireMod:Strike From Hell","Perfected Strike"],"picked":"Flex","floor":3.0},{"not_picked":["Perfected Strike","Clothesline"],"picked":"Power Through","floor":5.0},{"not_picked":["Havoc","Sword Boomerang"],"picked":"Rupture","floor":12.0},{"not_picked":["ReplayTheSpireMod:Corrosion Curse","Power Through"],"picked":"Juggernaut","floor":14.0},{"not_picked":["Hemogenesis","Berserk"],"picked":"Double Tap","floor":16.0},{"not_picked":["Clash+1","ReplayTheSpireMod:Strike From Hell"],"picked":"Shrug It Off+1","floor":18.0},{"not_picked":["Havoc","Demonic Infusion"],"picked":"Body Slam","floor":21.0},{"not_picked":["Pommel Strike","Replay:Undeath\u0027s Touch+1"],"picked":"Whirlwind","floor":24.0},{"not_picked":["Clash","Headbutt","Clothesline"],"picked":"SKIP","floor":27.0},{"not_picked":["Flex","Entrench"],"picked":"Barricade","floor":29.0},{"not_picked":["Clothesline","Pummel+1","Rampage"],"picked":"SKIP","floor":30.0},{"not_picked":["Sword Boomerang+1","Run Through+1"],"picked":"Combust+1","floor":31.0}],"player_experience":116708,"relics_obtained":[{"floor":4.0,"key":"infinitespire:Satchel"},{"floor":7.0,"key":"Ring of Fury"},{"floor":7.0,"key":"Ring of Hypnosis"},{"floor":9.0,"key":"Blue Doll"},{"floor":12.0,"key":"Odd Mushroom"},{"floor":14.0,"key":"Blood Vial"},{"floor":15.0,"key":"King of Hearts"},{"floor":22.0,"key":"Enchiridion"},{"floor":24.0,"key":"Lizard Tail"},{"floor":26.0,"key":"Tiny Chest"}],"event_choices":[{"damage_healed":0.0,"max_hp_gain":0.0,"max_hp_loss":0.0,"gold_gain":0.0,"event_name":"Mushrooms","player_choice":"Fought Mushrooms","floor":12.0,"gold_loss":0.0,"damage_taken":0.0},{"damage_healed":0.0,"max_hp_gain":0.0,"max_hp_loss":0.0,"gold_gain":0.0,"event_name":"Masked Bandits","player_choice":"Paid Fearfully","floor":20.0,"gold_loss":38.0,"damage_taken":0.0},{"damage_healed":0.0,"max_hp_gain":0.0,"max_hp_loss":0.0,"gold_gain":0.0,"event_name":"Cursed Tome","player_choice":"Obtained Book","floor":22.0,"gold_loss":0.0,"damage_taken":16.0},{"damage_healed":0.0,"max_hp_gain":0.0,"max_hp_loss":0.0,"gold_gain":0.0,"event_name":"The Library","player_choice":"Read","floor":25.0,"gold_loss":0.0,"damage_taken":0.0,"cards_obtained":["Heavy Blade"]}],"is_beta":false,"boss_relics":[{"not_picked":["Ectoplasm","Kintsugi"],"picked":"SlaversCollar"}],"items_purged_floors":[19],"is_endless":false,"potions_floor_spawned":[1,3,14,16,21,27,30],"killed_by":"Automaton","ascension_level":0}}