{"host":"v54ek091sdz7ha6h","time":1610041921,"event":{"mods":["BaseMod","Better Vampires","Colored Map","Colored Powertips","Custom Start","DeckTracker","Highlight Path","KOR Keyword Fix","Minty Spire (QoL Compilation)","Quick Restart","Random Character Button","Rare Cards Sparkle","StSLib","SuperFastMode","The Awakened One except there are too many feathers","everything is the same but u backflip on backflip","slay the spire mod where everything is the same but ironclad has a cowboy hat"],"gold_per_floor":[20,38,57,76,91,91,118,118,194,229,229,245,245,260,260,336,336,352,366,366,96,96,123,123,123,123,143,143,173,193,222,222,298,298,311,7,332,332,386,420,420,438,438,438,466,466,482,509,509,509,509,509,509,24,55,55],"floor_reached":57,"playtime":2795,"items_purged":["Strike_G","Defend_G","Defend_G"],"score":3441,"play_id":"033b41e4-b76c-4644-a0f1-e5c36c6e3539","local_time":"20210108025201","is_ascension_mode":true,"campfire_choices":[{"data":"Apotheosis","floor":6.0,"key":"SMITH"},{"floor":8.0,"key":"REST"},{"data":"Tools of the Trade","floor":11.0,"key":"SMITH"},{"floor":15.0,"key":"RECALL"},{"floor":24.0,"key":"REST"},{"data":"Acrobatics","floor":32.0,"key":"SMITH"},{"data":"Envenom","floor":41.0,"key":"SMITH"},{"data":"Reflex","floor":44.0,"key":"SMITH"},{"data":"After Image","floor":46.0,"key":"SMITH"},{"data":"Calculated Gamble","floor":49.0,"key":"SMITH"},{"data":"Concentrate","floor":53.0,"key":"SMITH"}],"circlet_count":0,"master_deck":["AscendersBane","Defend_G","Defend_G","Survivor","Neutralize","Apotheosis+1","Masterful Stab","Escape Plan","Blade Dance","Concentrate+1","Tools of the Trade+1","Underhanded Strike","Expertise","Envenom+1","CurseOfTheBell","Eviscerate","PiercingWail","Ghostly","Ghostly","Ghostly","Calculated Gamble+1","After Image+1","PiercingWail","Bite","Bite","Bite","Expertise","Backflip","Acrobatics+1","Venomology","Finisher","Reflex+1","Footwork","Cloak And Dagger+1","Prepared","Storm of Steel","Sadistic Nature","Accuracy","Cloak And Dagger+1","Backflip+1"],"relics":["Ring of the Snake","Kunai","The Courier","Tingsha","Strawberry","Calling Bell","PreservedInsect","Darkstone Periapt","CaptainsWheel","Lantern","Ginger","Centennial Puzzle","Nunchaku","Coffee Dripper","ClockworkSouvenir","Old Coin","Turnip","Toy Ornithopter","Ninja Scroll","StoneCalendar","Toxic Egg 2","Medical Kit","Oddly Smooth Stone"],"acts_visited":["Exordium","TheCity","TheBeyond","TheEnding"],"potions_floor_usage":[56,56],"damage_taken":[{"damage":0.0,"enemies":"2 Louse","floor":1.0,"turns":4.0},{"damage":0.0,"enemies":"Small Slimes","floor":2.0,"turns":3.0},{"damage":4.0,"enemies":"Jaw Worm","floor":3.0,"turns":4.0},{"damage":0.0,"enemies":"Large Slime","floor":4.0,"turns":6.0},{"damage":0.0,"enemies":"Looter","floor":5.0,"turns":3.0},{"damage":29.0,"enemies":"Gremlin Nob","floor":7.0,"turns":4.0},{"damage":0.0,"enemies":"Lagavulin","floor":10.0,"turns":6.0},{"damage":0.0,"enemies":"2 Fungi Beasts","floor":12.0,"turns":3.0},{"damage":6.0,"enemies":"Lots of Slimes","floor":14.0,"turns":2.0},{"damage":2.0,"enemies":"Hexaghost","floor":16.0,"turns":10.0},{"damage":16.0,"enemies":"3 Byrds","floor":18.0,"turns":6.0},{"damage":7.0,"enemies":"Shell Parasite","floor":19.0,"turns":4.0},{"damage":34.0,"enemies":"Slavers","floor":23.0,"turns":7.0},{"damage":2.0,"enemies":"Shelled Parasite and Fungi","floor":27.0,"turns":4.0},{"damage":0.0,"enemies":"Gremlin Leader","floor":29.0,"turns":5.0},{"damage":0.0,"enemies":"Centurion and Healer","floor":30.0,"turns":3.0},{"damage":17.0,"enemies":"Slavers","floor":31.0,"turns":4.0},{"damage":0.0,"enemies":"Automaton","floor":33.0,"turns":8.0},{"damage":4.0,"enemies":"3 Darklings","floor":35.0,"turns":5.0},{"damage":0.0,"enemies":"Mind Bloom Boss Battle","floor":37.0,"turns":4.0},{"damage":14.0,"enemies":"2 Orb Walkers","floor":39.0,"turns":7.0},{"damage":5.0,"enemies":"Reptomancer","floor":40.0,"turns":5.0},{"damage":0.0,"enemies":"3 Shapes","floor":42.0,"turns":5.0},{"damage":0.0,"enemies":"Giant Head","floor":45.0,"turns":3.0},{"damage":1.0,"enemies":"Writhing Mass","floor":47.0,"turns":5.0},{"damage":0.0,"enemies":"Reptomancer","floor":48.0,"turns":2.0},{"damage":0.0,"enemies":"Awakened One","floor":50.0,"turns":8.0},{"damage":0.0,"enemies":"Donu and Deca","floor":51.0,"turns":6.0},{"damage":36.0,"enemies":"Shield and Spear","floor":55.0,"turns":6.0},{"damage":29,"enemies":"The Heart","floor":56,"turns":8}],"seed_played":"5909459091967180374","potions_obtained":[{"floor":1.0,"key":"Swift Potion"},{"floor":2.0,"key":"Poison Potion"},{"floor":5.0,"key":"EntropicBrew"},{"floor":16.0,"key":"Strength Potion"},{"floor":18.0,"key":"DistilledChaos"},{"floor":30.0,"key":"Energy Potion"},{"floor":31.0,"key":"Swift Potion"},{"floor":40.0,"key":"Block Potion"},{"floor":55.0,"key":"Ancient Potion"}],"is_trial":false,"path_per_floor":["M","M","M","M","M","R","E","R","T","E","R","M","?","M","R","B",null,"M","M","?","$","?","E","R","?","T","M","?","E","M","E","R","B",null,"M","$","?","?","?","E","R","M","T","R","E","R","M","E","R","B","B",null,"R","$","E","B",null],"character_chosen":"THE_SILENT","items_purchased":["Calculated Gamble","Lantern","Reflex","ClockworkSouvenir","Footwork","Medical Kit","Sadistic Nature","Accuracy","Cloak And Dagger+1"],"campfire_rested":2,"item_purchase_floors":[21,21,36,36,36,54,54,54,54],"current_hp_per_floor":[59,59,55,55,55,55,26,45,45,45,45,45,47,41,41,39,65,49,42,36,36,28,11,23,23,23,21,21,33,33,22,22,33,33,33,33,33,33,31,33,33,33,33,33,33,33,33,33,33,33,33,33,33,33,18,4],"gold":55,"neow_bonus":"RANDOM_COLORLESS_2","is_daily":false,"chose_seed":false,"campfire_upgraded":8,"win_rate":0.0,"timestamp":1610041921,"path_taken":["M","M","M","M","M","R","E","R","T","E","R","M","?","M","R","BOSS","M","M","?","$","?","E","R","?","T","M","?","E","M","E","R","BOSS","M","$","?","?","?","E","R","M","T","R","E","R","M","E","R","BOSS","BOSS","R","$","E","BOSS"],"items_purchased_type":["Card","Relic","Card","Relic","Card","Relic","Card","Card","Card"],"build_version":"2020-12-22","purchased_purges":3,"victory":true,"max_hp_per_floor":[66,66,66,66,66,66,66,66,66,66,66,66,73,73,73,73,73,73,73,36,36,41,41,41,41,41,41,33,33,33,33,33,33,33,33,33,33,33,33,33,33,33,33,33,33,33,33,33,33,33,33,33,33,33,33,33],"card_choices":[{"not_picked":["Metamorphosis","Panache"],"picked":"Apotheosis","floor":0.0},{"not_picked":["Sucker Punch","Concentrate"],"picked":"Masterful Stab","floor":1.0},{"not_picked":["Quick Slash","Dodge and Roll"],"picked":"Escape Plan","floor":2.0},{"not_picked":["Bane","Flying Knee","Acrobatics"],"picked":"SKIP","floor":3.0},{"not_picked":["Dagger Throw","Underhanded Strike"],"picked":"Blade Dance","floor":4.0},{"not_picked":["Backflip","Blur"],"picked":"Concentrate","floor":5.0},{"not_picked":["Acrobatics","Dodge and Roll"],"picked":"Tools of the Trade","floor":7.0},{"not_picked":["Poisoned Stab","Outmaneuver"],"picked":"Underhanded Strike","floor":10.0},{"not_picked":["Deflect","Deadly Poison"],"picked":"Expertise","floor":12.0},{"not_picked":["Dodge and Roll","Backstab","Bane"],"picked":"SKIP","floor":14.0},{"not_picked":["Tools of the Trade","Glass Knife"],"picked":"Envenom","floor":16.0},{"not_picked":["PiercingWail","Finisher"],"picked":"Eviscerate","floor":18.0},{"not_picked":["Slice","Poisoned Stab+1"],"picked":"PiercingWail","floor":19.0},{"not_picked":["Dodge and Roll","Dagger Spray","Choke"],"picked":"SKIP","floor":23.0},{"not_picked":["Quick Slash+1","PiercingWail","Riddle With Holes"],"picked":"SKIP","floor":27.0},{"not_picked":["Phantasmal Killer","Cloak And Dagger"],"picked":"Expertise","floor":29.0},{"not_picked":["Quick Slash+1","All Out Attack"],"picked":"Backflip","floor":30.0},{"not_picked":["Blur","Dagger Throw"],"picked":"Acrobatics","floor":31.0},{"not_picked":["Bullet Time","Storm of Steel"],"picked":"Venomology","floor":33.0},{"not_picked":["Blade Dance","Escape Plan"],"picked":"Finisher","floor":35.0},{"not_picked":["Underhanded Strike+1","Terror"],"picked":"Cloak And Dagger+1","floor":37.0},{"not_picked":["Deadly Poison","Noxious Fumes"],"picked":"Prepared","floor":39.0},{"not_picked":["Outmaneuver","Underhanded Strike","Deflect"],"picked":"SKIP","floor":40.0},{"not_picked":["Outmaneuver+1","Blade Dance"],"picked":"Storm of Steel","floor":42.0},{"not_picked":["Flechettes","Dodge and Roll","Quick Slash"],"picked":"SKIP","floor":45.0},{"not_picked":["PiercingWail","Backflip","Dash"],"picked":"SKIP","floor":47.0},{"not_picked":["Deflect+1","Finisher","PiercingWail+1"],"picked":"SKIP","floor":48.0},{"not_picked":["Leg Sweep+1","Expertise+1"],"picked":"Backflip+1","floor":55.0}],"player_experience":1399372,"relics_obtained":[{"floor":7.0,"key":"Kunai"},{"floor":9.0,"key":"The Courier"},{"floor":10.0,"key":"Tingsha"},{"floor":17.0,"key":"PreservedInsect"},{"floor":17.0,"key":"Darkstone Periapt"},{"floor":17.0,"key":"CaptainsWheel"},{"floor":23.0,"key":"Ginger"},{"floor":29.0,"key":"Centennial Puzzle"},{"floor":31.0,"key":"Nunchaku"},{"floor":37.0,"key":"Old Coin"},{"floor":39.0,"key":"Turnip"},{"floor":40.0,"key":"Toy Ornithopter"},{"floor":43.0,"key":"Ninja Scroll"},{"floor":45.0,"key":"StoneCalendar"},{"floor":48.0,"key":"Toxic Egg 2"},{"floor":55.0,"key":"Oddly Smooth Stone"}],"event_choices":[{"damage_healed":0.0,"max_hp_gain":0.0,"max_hp_loss":0.0,"gold_gain":0.0,"event_name":"Scrap Ooze","player_choice":"Success","floor":13.0,"gold_loss":0.0,"damage_taken":5.0,"relics_obtained":["Strawberry"]},{"damage_healed":0.0,"max_hp_gain":0.0,"max_hp_loss":37.0,"gold_gain":0.0,"event_name":"Ghosts","player_choice":"Became a Ghost","floor":20.0,"gold_loss":0.0,"damage_taken":0.0,"cards_obtained":["Ghostly","Ghostly","Ghostly"]},{"damage_healed":0.0,"max_hp_gain":5.0,"max_hp_loss":0.0,"gold_gain":0.0,"event_name":"Forgotten Altar","player_choice":"Shed Blood","floor":22.0,"gold_loss":0.0,"damage_taken":13.0},{"damage_healed":0.0,"max_hp_gain":0.0,"max_hp_loss":0.0,"gold_gain":0.0,"cards_transformed":["Strike_G","Defend_G"],"event_name":"Drug Dealer","player_choice":"Became Test Subject","floor":25.0,"gold_loss":0.0,"damage_taken":0.0,"cards_obtained":["After Image","PiercingWail"]},{"damage_healed":0.0,"max_hp_gain":0.0,"max_hp_loss":8.0,"gold_gain":0.0,"event_name":"Vampires","player_choice":"Became a vampire","floor":28.0,"gold_loss":0.0,"damage_taken":0.0,"cards_obtained":["Bite","Bite","Bite"]},{"damage_healed":0.0,"max_hp_gain":0.0,"max_hp_loss":0.0,"gold_gain":0.0,"event_name":"MindBloom","player_choice":"Fight","floor":37.0,"gold_loss":0.0,"damage_taken":0.0},{"damage_healed":0.0,"max_hp_gain":0.0,"max_hp_loss":0.0,"gold_gain":0.0,"event_name":"Tomb of Lord Red Mask","player_choice":"Ignored","floor":38.0,"gold_loss":0.0,"damage_taken":0.0},{"damage_healed":0.0,"max_hp_gain":0.0,"max_hp_loss":0.0,"gold_gain":0.0,"event_name":"Mysterious Sphere","player_choice":"Fight","floor":39.0,"gold_loss":0.0,"damage_taken":0.0}],"is_beta":false,"boss_relics":[{"not_picked":["Ring of the Serpent","Runic Pyramid"],"picked":"Calling Bell"},{"not_picked":["Tiny House","Velvet Choker"],"picked":"Coffee Dripper"}],"items_purged_floors":[21,36,54],"is_endless":false,"potions_floor_spawned":[1,2,3,5,16,18,30,31,35,40,47,55],"ascension_level":20}}