{"host":"ig7tc0uedzltt2sr","time":1610001313,"event":{"mods":["BaseMod","Better Twitch Integration","Block Reminder","Colored Map","Colored Powertips","Communication Mod","Current Relic Mod","GifTheSpireLib","HexUI Lib","Minty Spire (QoL Compilation)","Quick Restart","Random Character Button","Rare Cards Sparkle","Relic Sorter","Relic Stats","Slay the Relics Exporter","StSLib","SuperFastMode","Synergy Search","Twitch Decklist","Twitch Utils","everything is the same but u backflip on backflip","slay the spire mod where everything is the same but ironclad has a cowboy hat"],"gold_per_floor":[119,119,84,84,95,95,95,124,151,151,151],"floor_reached":10,"playtime":54,"items_purged":[],"score":89,"play_id":"af5ffca9-1889-4f79-9af9-5c6167a57028","local_time":"20210106223513","is_ascension_mode":false,"campfire_choices":[{"data":"Strike_R","floor":6,"key":"SMITH"}],"circlet_count":0,"master_deck":["Strike_R+1","Strike_R","Strike_R","Strike_R","Strike_R","Defend_R","Defend_R","Defend_R","Defend_R","Bash","Feel No Pain","Regret","Armaments","Intimidate"],"relics":["Burning Blood","NeowsBlessing","Regal Pillow","Centennial Puzzle","CeramicFish"],"acts_visited":["Exordium"],"potions_floor_usage":[],"damage_taken":[{"damage":0,"enemies":"Jaw Worm","floor":1,"turns":1},{"damage":0,"enemies":"Small Slimes","floor":5,"turns":1},{"damage":0,"enemies":"Gremlin Nob","floor":8,"turns":1},{"damage":85,"enemies":"3 Sentries","floor":10,"turns":12}],"seed_played":"1363219540066091652","potions_obtained":[{"floor":8,"key":"ColorlessPotion"}],"is_trial":false,"path_per_floor":["M","?","?","?","M","R","?","E","T","E"],"character_chosen":"IRONCLAD","items_purchased":[],"campfire_rested":0,"item_purchase_floors":[],"current_hp_per_floor":[80,80,80,80,80,80,80,80,80,0,0],"gold":151,"neow_bonus":"THREE_ENEMY_KILL","is_daily":false,"chose_seed":false,"campfire_upgraded":1,"win_rate":0.0,"timestamp":1610001313,"path_taken":["M","?","?","?","M","R","?","E","T","E"],"items_purchased_type":[],"build_version":"2020-12-22","purchased_purges":0,"victory":false,"max_hp_per_floor":[80,80,80,80,80,80,80,80,80,80,80],"relic_stats":{"Regal Pillow":0,"Centennial Puzzle":[3],"counters":[4,15],"CeramicFish":0,"obtain_stats":[{"Regal Pillow":4,"Centennial Puzzle":8,"NeowsBlessing":0,"CeramicFish":9,"Burning Blood":0},{"Regal Pillow":1,"Centennial Puzzle":3,"NeowsBlessing":0,"CeramicFish":3,"Burning Blood":0},{"Regal Pillow":1,"Centennial Puzzle":3,"NeowsBlessing":0,"CeramicFish":3,"Burning Blood":0}],"Burning Blood":0},"card_choices":[{"not_picked":["Warcry","Anger"],"picked":"Feel No Pain","floor":1},{"not_picked":["Heavy Blade","Anger"],"picked":"Armaments","floor":5},{"not_picked":["Flex","Havoc"],"picked":"Intimidate","floor":8}],"player_experience":1450812,"relics_obtained":[{"floor":8,"key":"Centennial Puzzle"},{"floor":9,"key":"CeramicFish"}],"event_choices":[{"damage_healed":0,"gold_gain":0,"player_choice":"Ignored","damage_taken":0,"max_hp_gain":0,"max_hp_loss":0,"event_name":"Golden Idol","floor":2,"gold_loss":0},{"damage_healed":20,"gold_gain":0,"player_choice":"Healed","damage_taken":0,"max_hp_gain":0,"max_hp_loss":0,"event_name":"The Cleric","floor":3,"gold_loss":35},{"damage_healed":0,"gold_gain":0,"player_choice":"Box","damage_taken":0,"relics_obtained":["Regal Pillow"],"max_hp_gain":0,"max_hp_loss":0,"event_name":"Big Fish","floor":4,"gold_loss":0,"cards_obtained":["Regret"]},{"damage_healed":0,"gold_gain":0,"player_choice":"0 cards matched","damage_taken":0,"max_hp_gain":0,"max_hp_loss":0,"event_name":"Match and Keep!","floor":7,"gold_loss":0,"cards_obtained":[]}],"is_beta":false,"boss_relics":[],"items_purged_floors":[],"is_endless":false,"potions_floor_spawned":[8],"killed_by":"3 Sentries","ascension_level":0}}