{"host":"7zdktqb5xjtif29d","time":1610046614,"event":{"mods":["AchievementEnabler","BaseMod","Colored Map","Colored Powertips","Highlight Path","Minty Spire (QoL Compilation)","Rare Cards Sparkle","SuperFastMode","Waifu the Spire","everything is the same but u backflip on backflip"],"gold_per_floor":[117,67,84,96,112,141,141,172,172,172,172,172,198,213,213,308,308,324,340,340,45,57,57,90,90,90,121,135,167,185,195,195,290,290,300,300,319,319,332,358,703,730,730,730,740,759,794,26,26,26],"floor_reached":51,"playtime":2139,"items_purged":["Defend_R","Defend_R"],"score":905,"play_id":"3e3d0b05-adb5-40cd-ad7c-e8ec910e2113","local_time":"20210107191014","is_ascension_mode":true,"campfire_choices":[{"floor":7.0,"key":"REST"},{"floor":12.0,"key":"REST"},{"data":"Flex","floor":15.0,"key":"SMITH"},{"data":"Brutality","floor":23.0,"key":"SMITH"},{"floor":25,"key":"REST"},{"data":"Perfected Strike","floor":32,"key":"SMITH"},{"floor":44,"key":"REST"},{"floor":49,"key":"REST"}],"circlet_count":0,"master_deck":["Strike_R","Strike_R","Strike_R","Strike_R","Perfected Strike+1","Wild Strike","Wild Strike","Flex+1","Brutality+1","Wild Strike","Twin Strike","Blood for Blood","Pommel Strike","Blood for Blood","Perfected Strike","Bloodletting","Perfected Strike+1","Pommel Strike+1","Metallicize+1","Blood for Blood+1","Pommel Strike","Violence","Dark Shackles"],"relics":["Burning Blood","Orichalcum","Lantern","Eternal Feather","Champion Belt","Dead Branch","Runic Cube","Strange Spoon","Regal Pillow","HornCleat","Strawberry","Paper Frog","Mark of Pain","Meat on the Bone","Old Coin","Vajra","Lizard Tail","InkBottle","Mummified Hand"],"acts_visited":["Exordium","TheCity","TheBeyond"],"potions_floor_usage":[29,33,33,39,40,45,46,47,50],"damage_taken":[{"damage":2.0,"enemies":"2 Louse","floor":1.0,"turns":3.0},{"damage":7.0,"enemies":"Small Slimes","floor":3.0,"turns":3.0},{"damage":1.0,"enemies":"Cultist","floor":4.0,"turns":3.0},{"damage":10.0,"enemies":"2 Fungi Beasts","floor":5.0,"turns":3.0},{"damage":45.0,"enemies":"Lagavulin","floor":6.0,"turns":7.0},{"damage":28.0,"enemies":"3 Sentries","floor":8.0,"turns":5.0},{"damage":8.0,"enemies":"Gremlin Nob","floor":13.0,"turns":3.0},{"damage":0.0,"enemies":"3 Louse","floor":14.0,"turns":1.0},{"damage":51.0,"enemies":"Slime Boss","floor":16.0,"turns":12.0},{"damage":12.0,"enemies":"Shell Parasite","floor":18.0,"turns":4.0},{"damage":6.0,"enemies":"3 Byrds","floor":19.0,"turns":5.0},{"damage":36.0,"enemies":"Shelled Parasite and Fungi","floor":22.0,"turns":4.0},{"damage":32,"enemies":"Gremlin Leader","floor":24,"turns":4},{"damage":28,"enemies":"Book of Stabbing","floor":27,"turns":4},{"damage":3,"enemies":"Snecko","floor":28,"turns":3},{"damage":14,"enemies":"Gremlin Leader","floor":29,"turns":4},{"damage":8,"enemies":"Chosen and Byrds","floor":30,"turns":5},{"damage":9,"enemies":"Cultist and Chosen","floor":31,"turns":3},{"damage":82,"enemies":"Champ","floor":33,"turns":7},{"damage":6,"enemies":"3 Shapes","floor":35,"turns":3},{"damage":20,"enemies":"3 Darklings","floor":37,"turns":5},{"damage":7,"enemies":"Transient","floor":39,"turns":5},{"damage":50,"enemies":"Nemesis","floor":40,"turns":5},{"damage":24,"enemies":"2 Orb Walkers","floor":41,"turns":3},{"damage":39,"enemies":"Reptomancer","floor":42,"turns":3},{"damage":34,"enemies":"Writhing Mass","floor":45,"turns":4},{"damage":10,"enemies":"3 Darklings","floor":46,"turns":3},{"damage":40,"enemies":"Nemesis","floor":47,"turns":3},{"damage":169,"enemies":"Awakened One","floor":50,"turns":9}],"seed_played":"9192161059197961003","potions_obtained":[{"floor":4.0,"key":"ColorlessPotion"},{"floor":5.0,"key":"ColorlessPotion"},{"floor":8.0,"key":"Explosive Potion"},{"floor":14.0,"key":"LiquidMemories"},{"floor":16.0,"key":"FearPotion"},{"floor":18.0,"key":"Block Potion"},{"floor":19.0,"key":"Swift Potion"},{"floor":27,"key":"BloodPotion"},{"floor":31,"key":"Energy Potion"},{"floor":33,"key":"Regen Potion"},{"floor":37,"key":"Explosive Potion"},{"floor":39,"key":"Fruit Juice"},{"floor":42,"key":"Weak Potion"},{"floor":45,"key":"BlessingOfTheForge"},{"floor":47,"key":"DistilledChaos"}],"is_trial":false,"path_per_floor":["M","?","M","M","M","E","R","E","T","?","?","R","E","M","R","B",null,"M","M","?","$","M","R","E","R","T","E","M","E","M","M","R","B",null,"M","?","M","?","M","E","?","E","T","R","M","M","E","$","R","B",null],"character_chosen":"IRONCLAD","items_purchased":["Blood for Blood","Strange Spoon","Pommel Strike","Violence","Mummified Hand","FairyPotion","Dark Shackles"],"campfire_rested":5,"item_purchase_floors":[21,21,48,48,48,48,48],"current_hp_per_floor":[88,88,87,88,84,45,71,49,49,37,37,69,67,73,79,34,88,82,82,82,82,52,61,35,85,85,70,73,65,63,60,72,15,95,95,95,81,81,85,50,44,23,23,80,64,60,38,38,95,40],"gold":26,"neow_bonus":"TEN_PERCENT_HP_BONUS","is_daily":false,"chose_seed":false,"campfire_upgraded":3,"win_rate":0.0,"timestamp":1610046614,"path_taken":["M","?","M","M","M","E","R","E","T","?","?","R","E","M","R","BOSS","M","M","?","$","M","R","E","R","T","E","M","E","?","M","R","BOSS","M","?","M","?","?","E","?","E","T","R","M","M","E","$","R","BOSS"],"items_purchased_type":["Card","Relic","Card","Card","Relic","Potion","Card"],"build_version":"2020-12-22","purchased_purges":2,"victory":true,"max_hp_per_floor":[88,88,88,88,88,88,88,88,88,88,88,88,88,88,88,88,88,88,88,88,88,88,88,88,88,88,95,95,95,95,95,95,95,95,95,95,95,95,100,100,100,100,100,100,100,100,100,100,100,100],"card_choices":[{"not_picked":["Sword Boomerang","Body Slam"],"picked":"Perfected Strike","floor":1.0},{"not_picked":["Blood for Blood","True Grit","Dark Embrace"],"picked":"SKIP","floor":3.0},{"not_picked":["Flame Barrier","Dual Wield"],"picked":"Wild Strike","floor":4.0},{"not_picked":["Sword Boomerang","Warcry","Headbutt"],"picked":"SKIP","floor":5.0},{"not_picked":["Second Wind","Rage","Searing Blow"],"picked":"SKIP","floor":6.0},{"not_picked":["Infernal Blade","Entrench"],"picked":"Wild Strike","floor":8.0},{"not_picked":["Clash","Fiend Fire","Thunderclap"],"picked":"SKIP","floor":13.0},{"not_picked":["Clothesline","Feel No Pain"],"picked":"Flex","floor":14.0},{"not_picked":["Berserk","Impervious"],"picked":"Brutality","floor":16.0},{"not_picked":["Metallicize","Warcry"],"picked":"Wild Strike","floor":18.0},{"not_picked":["Battle Trance","Rage"],"picked":"Twin Strike","floor":19.0},{"not_picked":["Shrug It Off","Reckless Charge","Rupture"],"picked":"SKIP","floor":22.0},{"not_picked":["Body Slam","Sentinel"],"picked":"Pommel Strike","floor":24},{"not_picked":["Power Through","Feel No Pain+1","Body Slam"],"picked":"SKIP","floor":27},{"not_picked":["Carnage","Cleave"],"picked":"Blood for Blood","floor":28},{"not_picked":["Reaper","Sword Boomerang"],"picked":"Perfected Strike","floor":29},{"not_picked":["Sword Boomerang+1","Fiend Fire"],"picked":"Bloodletting","floor":30},{"not_picked":["Fire Breathing","Carnage"],"picked":"Perfected Strike","floor":31},{"not_picked":["Bloodletting+1","Blood for Blood"],"picked":"Pommel Strike+1","floor":35},{"not_picked":["Heavy Blade+1","Sword Boomerang+1"],"picked":"Metallicize+1","floor":37},{"not_picked":["Thunderclap+1","Iron Wave+1"],"picked":"Blood for Blood+1","floor":39},{"not_picked":["Cleave","Brutality","Whirlwind"],"picked":"SKIP","floor":40},{"not_picked":["Entrench+1","Burning Pact+1","Inflame"],"picked":"SKIP","floor":42},{"not_picked":["Power Through+1","Spot Weakness","Body Slam+1"],"picked":"SKIP","floor":45},{"not_picked":["Uppercut","Havoc+1","Inflame+1"],"picked":"SKIP","floor":46},{"not_picked":["Armaments+1","Barricade","Heavy Blade+1"],"picked":"SKIP","floor":47}],"player_experience":201013,"relics_obtained":[{"floor":6.0,"key":"Orichalcum"},{"floor":8.0,"key":"Lantern"},{"floor":9.0,"key":"Eternal Feather"},{"floor":13.0,"key":"Dead Branch"},{"floor":24,"key":"Regal Pillow"},{"floor":26,"key":"HornCleat"},{"floor":27,"key":"Strawberry"},{"floor":29,"key":"Paper Frog"},{"floor":40,"key":"Meat on the Bone"},{"floor":41,"key":"Old Coin"},{"floor":42,"key":"Vajra"},{"floor":43,"key":"Lizard Tail"},{"floor":47,"key":"InkBottle"}],"event_choices":[{"cards_removed":["Bash"],"damage_healed":0.0,"max_hp_gain":0.0,"max_hp_loss":0.0,"gold_gain":0.0,"event_name":"The Cleric","player_choice":"Card Removal","floor":2.0,"gold_loss":50.0,"damage_taken":0.0},{"damage_healed":0.0,"max_hp_gain":0.0,"max_hp_loss":0.0,"gold_gain":0.0,"event_name":"Scrap Ooze","player_choice":"Success","floor":10.0,"gold_loss":0.0,"damage_taken":12.0,"relics_obtained":["Champion Belt"]},{"damage_healed":0.0,"max_hp_gain":0.0,"max_hp_loss":0.0,"gold_gain":0.0,"event_name":"Living Wall","player_choice":"Grow","floor":11.0,"gold_loss":0.0,"damage_taken":0.0,"cards_upgraded":["Perfected Strike"]},{"cards_removed":["Defend_R"],"damage_healed":0.0,"max_hp_gain":0.0,"max_hp_loss":0.0,"gold_gain":0.0,"event_name":"Bonfire Elementals","player_choice":"Offered Basic","floor":20.0,"gold_loss":0.0,"damage_taken":0.0},{"cards_removed":["Strike_R"],"damage_healed":0,"gold_gain":0,"player_choice":"Removed Attack","damage_taken":0,"max_hp_gain":0,"max_hp_loss":0,"event_name":"Falling","floor":36,"gold_loss":0},{"cards_removed":["Defend_R"],"damage_healed":0,"gold_gain":0,"player_choice":"Purged","damage_taken":0,"max_hp_gain":0,"max_hp_loss":0,"event_name":"Purifier","floor":38,"gold_loss":0},{"damage_healed":0,"gold_gain":0,"player_choice":"Fight","damage_taken":0,"max_hp_gain":0,"max_hp_loss":0,"event_name":"Mysterious Sphere","floor":41,"gold_loss":0}],"is_beta":false,"boss_relics":[{"not_picked":["Astrolabe","Tiny House"],"picked":"Runic Cube"},{"not_picked":["Calling Bell","Coffee Dripper"],"picked":"Mark of Pain"}],"items_purged_floors":[21,48],"is_endless":false,"potions_floor_spawned":[4,5,8,14,16,18,19,27,31,33,37,39,42,45,47],"ascension_level":1}}