{"host":"2lrkmsuh7nz013qb","time":1610025479,"event":{"mods":["BaseMod","Colored Map","DeckTracker","Minty Spire (QoL Compilation)","SuperFastMode","everything is the same but u backflip on backflip"],"gold_per_floor":[111,36,36,60,6,6,47,63,63,84,84,124,139,139,139,139,139],"floor_reached":16,"playtime":246,"items_purged":["Defend_G"],"score":270,"play_id":"613ad7e1-d1df-434e-8bc3-7e39eb5fd8a2","local_time":"20210107221759","is_ascension_mode":true,"campfire_choices":[{"data":"Crippling Poison","floor":6.0,"key":"SMITH"},{"floor":11.0,"key":"REST"},{"floor":15,"key":"REST"}],"circlet_count":0,"master_deck":["AscendersBane","Strike_G","Strike_G","Strike_G+1","Strike_G","Strike_G","Defend_G","Defend_G+1","Defend_G","Defend_G","Survivor","Neutralize","Backflip","Crippling Poison+1","Heel Hook","Acrobatics"],"relics":["Ring of the Snake","NeowsBlessing","Golden Idol","Singing Bowl","Tiny Chest","The Specimen","Regal Pillow"],"acts_visited":["Exordium"],"potions_floor_usage":[12,12],"damage_taken":[{"damage":0.0,"enemies":"Cultist","floor":1.0,"turns":1.0},{"damage":0.0,"enemies":"2 Louse","floor":4.0,"turns":1.0},{"damage":0.0,"enemies":"Lagavulin","floor":7.0,"turns":1.0},{"damage":7.0,"enemies":"Small Slimes","floor":8.0,"turns":3.0},{"damage":1.0,"enemies":"2 Fungi Beasts","floor":10.0,"turns":3.0},{"damage":24,"enemies":"Gremlin Nob","floor":12,"turns":4},{"damage":6,"enemies":"Large Slime","floor":13,"turns":6},{"damage":9,"enemies":"The Guardian","floor":16,"turns":3}],"seed_played":"7731052480662938451","potions_obtained":[{"floor":1.0,"key":"Strength Potion"},{"floor":4.0,"key":"Fire Potion"}],"is_trial":false,"path_per_floor":["M","$","?","M","?","R","E","M","T","M","R","E","M","?","R","B"],"character_chosen":"THE_SILENT","items_purchased":[],"campfire_rested":2,"item_purchase_floors":[],"current_hp_per_floor":[59,59,36,36,36,36,38,31,31,32,53,29,25,3,39,30,30],"gold":139,"neow_bonus":"THREE_ENEMY_KILL","is_daily":false,"chose_seed":false,"campfire_upgraded":1,"win_rate":0.0,"timestamp":1610025479,"path_taken":["M","$","?","M","?","R","E","M","T","M","R","E","?","?","R","BOSS"],"items_purchased_type":[],"build_version":"2020-12-22","purchased_purges":1,"victory":false,"max_hp_per_floor":[66,66,66,66,66,66,68,68,68,70,70,70,72,72,72,72,72],"card_choices":[{"not_picked":["All Out Attack","Bane"],"picked":"Backflip","floor":1.0},{"not_picked":["PiercingWail","Quick Slash"],"picked":"Crippling Poison","floor":4.0},{"not_picked":["Masterful Stab","Finisher","Envenom"],"picked":"Singing Bowl","floor":7.0},{"not_picked":["Concentrate","Quick Slash"],"picked":"Heel Hook","floor":8.0},{"not_picked":["Backflip","Cloak And Dagger","Accuracy"],"picked":"Singing Bowl","floor":10.0},{"not_picked":["Blade Dance","PiercingWail"],"picked":"Acrobatics","floor":12},{"not_picked":["Dagger Throw","Quick Slash","Flying Knee"],"picked":"Singing Bowl","floor":13}],"player_experience":744771,"relics_obtained":[{"floor":7.0,"key":"Tiny Chest"},{"floor":9.0,"key":"The Specimen"},{"floor":12,"key":"Regal Pillow"}],"event_choices":[{"damage_healed":0.0,"max_hp_gain":0.0,"max_hp_loss":0.0,"gold_gain":0.0,"event_name":"Golden Idol","player_choice":"Take Damage","floor":3.0,"gold_loss":0.0,"damage_taken":23.0,"relics_obtained":["Golden Idol"]},{"damage_healed":0.0,"max_hp_gain":0.0,"max_hp_loss":0.0,"gold_gain":0.0,"event_name":"WeMeetAgain","player_choice":"Paid Gold","floor":5.0,"gold_loss":54.0,"damage_taken":0.0,"relics_obtained":["Singing Bowl"]},{"damage_healed":0,"gold_gain":0,"player_choice":"Entered Light","damage_taken":22,"max_hp_gain":0,"max_hp_loss":0,"event_name":"Shining Light","floor":14,"gold_loss":0,"cards_upgraded":["Strike_G","Defend_G"]}],"is_beta":false,"boss_relics":[],"items_purged_floors":[2],"is_endless":false,"potions_floor_spawned":[1,4,10],"killed_by":"The Guardian","ascension_level":20}}