{"host":"qdfumeom6htv8yxl","time":1610038544,"event":{"mods":["AchievementEnabler","BaseMod","Block Reminder","Minty Spire (QoL Compilation)","Quick Restart","Relic Stats"],"gold_per_floor":[109,259,259,23,38,68,82,82,82,82,94,9,29,39,39,118,118,133,133,150,150,164,164,164],"floor_reached":23,"playtime":891,"items_purged":["Doubt"],"score":414,"play_id":"04fa0683-d4c3-4559-9f27-175b38f5d59f","local_time":"20210107105544","is_ascension_mode":true,"campfire_choices":[{"data":"After Image","floor":10.0,"key":"SMITH"},{"data":"Noxious Fumes","floor":15.0,"key":"SMITH"}],"circlet_count":0,"master_deck":["AscendersBane","Strike_G","Strike_G","Strike_G","Strike_G+1","Strike_G","Defend_G","Defend_G","Defend_G","Defend_G","Defend_G","Survivor","Neutralize+1","Dagger Spray","Cloak And Dagger","After Image+1","Crippling Poison","Escape Plan","Noxious Fumes+1","Finisher+1","Bouncing Flask","Corpse Explosion","Blade Dance","Acrobatics","Well Laid Plans","Poisoned Stab+1"],"relics":["Ring of the Snake","NeowsBlessing","Whetstone","Frozen Eye","Regal Pillow","Snake Skull","Molten Egg 2","Sozu","MutagenicStrength"],"acts_visited":["Exordium","TheCity"],"potions_floor_usage":[],"damage_taken":[{"damage":0.0,"enemies":"Jaw Worm","floor":1.0,"turns":1.0},{"damage":0.0,"enemies":"Small Slimes","floor":5.0,"turns":1.0},{"damage":0.0,"enemies":"Gremlin Nob","floor":6.0,"turns":1.0},{"damage":3.0,"enemies":"2 Louse","floor":7.0,"turns":2.0},{"damage":2.0,"enemies":"Red Slaver","floor":11.0,"turns":5.0},{"damage":0.0,"enemies":"Looter","floor":13.0,"turns":4.0},{"damage":0.0,"enemies":"Exordium Thugs","floor":14.0,"turns":4.0},{"damage":30.0,"enemies":"Slime Boss","floor":16.0,"turns":9.0},{"damage":9.0,"enemies":"3 Byrds","floor":18.0,"turns":4.0},{"damage":24.0,"enemies":"2 Thieves","floor":20.0,"turns":3.0},{"damage":15,"enemies":"Snake Plant","floor":22,"turns":5},{"damage":11,"enemies":"Slavers","floor":23,"turns":1}],"seed_played":"7491442853426597421","potions_obtained":[{"floor":1.0,"key":"Dexterity Potion"},{"floor":6.0,"key":"SteroidPotion"},{"floor":13.0,"key":"Dexterity Potion"}],"is_trial":false,"path_per_floor":["M","?","T","$","M","E","M","T","T","R","M","$","M","M","R","B",null,"M","?","M","?","M","E"],"character_chosen":"THE_SILENT","items_purchased":["Frozen Eye","Noxious Fumes"],"campfire_rested":0,"item_purchase_floors":[4,12],"current_hp_per_floor":[59,59,59,59,59,59,56,56,56,56,54,54,54,54,54,24,56,47,47,23,23,8,0,0],"gold":164,"neow_bonus":"THREE_ENEMY_KILL","is_daily":false,"chose_seed":false,"campfire_upgraded":2,"win_rate":0.0,"timestamp":1610038544,"path_taken":["M","?","?","?","M","E","M","?","T","R","M","$","M","M","R","BOSS","M","?","M","?","M","E"],"items_purchased_type":["Relic","Card"],"build_version":"2020-12-22","purchased_purges":1,"victory":false,"max_hp_per_floor":[66,66,66,66,66,66,66,66,66,66,66,66,66,66,66,66,66,66,66,66,66,66,66,66],"relic_stats":{"Sozu":2,"Regal Pillow":0,"counters":[12,40],"Snake Skull":[44],"Whetstone":["Neutralize","Strike_G"],"obtain_stats":[{"Sozu":17,"Frozen Eye":4,"Regal Pillow":6,"NeowsBlessing":0,"MutagenicStrength":19,"Molten Egg 2":9,"Snake Skull":8,"Whetstone":3,"Ring of the Snake":0},{"Sozu":8,"Frozen Eye":1,"Regal Pillow":3,"NeowsBlessing":0,"MutagenicStrength":9,"Molten Egg 2":4,"Snake Skull":4,"Whetstone":1,"Ring of the Snake":0},{"Sozu":27,"Frozen Eye":1,"Regal Pillow":3,"NeowsBlessing":0,"MutagenicStrength":31,"Molten Egg 2":5,"Snake Skull":5,"Whetstone":1,"Ring of the Snake":0}],"Ring of the Snake":[24]},"card_choices":[{"not_picked":["Infinite Blades","Expertise"],"picked":"Dagger Spray","floor":1.0},{"not_picked":["Slice","Caltrops"],"picked":"Cloak And Dagger","floor":5.0},{"not_picked":["Concentrate","Slice"],"picked":"After Image","floor":6.0},{"not_picked":["Calculated Gamble","Prepared"],"picked":"Crippling Poison","floor":7.0},{"not_picked":["Outmaneuver","Concentrate"],"picked":"Escape Plan","floor":11.0},{"not_picked":["Infinite Blades","Deflect"],"picked":"Finisher+1","floor":13.0},{"not_picked":["Deadly Poison","Finisher+1"],"picked":"Bouncing Flask","floor":14.0},{"not_picked":["Die Die Die+1","Doppelganger"],"picked":"Corpse Explosion","floor":16.0},{"not_picked":["Sucker Punch+1","Deflect"],"picked":"Blade Dance","floor":18.0},{"not_picked":["Riddle With Holes+1","Poisoned Stab+1"],"picked":"Acrobatics","floor":20.0},{"not_picked":["Sucker Punch+1","Deadly Poison"],"picked":"Poisoned Stab+1","floor":22}],"player_experience":1715599,"relics_obtained":[{"floor":3.0,"key":"Whetstone"},{"floor":6.0,"key":"Regal Pillow"},{"floor":8.0,"key":"Snake Skull"},{"floor":9.0,"key":"Molten Egg 2"}],"event_choices":[{"damage_healed":0.0,"max_hp_gain":0.0,"max_hp_loss":0.0,"gold_gain":150.0,"event_name":"Liars Game","player_choice":"AGREE","floor":2.0,"gold_loss":0.0,"damage_taken":0.0,"cards_obtained":["Doubt"]},{"damage_healed":0.0,"max_hp_gain":0.0,"max_hp_loss":0.0,"gold_gain":0.0,"event_name":"Drug Dealer","player_choice":"Inject Mutagens","floor":19.0,"gold_loss":0.0,"damage_taken":0.0,"relics_obtained":["MutagenicStrength"]},{"damage_healed":0,"gold_gain":0,"player_choice":"Read","damage_taken":0,"max_hp_gain":0,"max_hp_loss":0,"event_name":"The Library","floor":21,"gold_loss":0,"cards_obtained":["Well Laid Plans"]}],"is_beta":false,"boss_relics":[{"not_picked":["Fusion Hammer","HoveringKite"],"picked":"Sozu"}],"items_purged_floors":[4],"is_endless":false,"potions_floor_spawned":[1,6,13,18,22],"killed_by":"Slavers","ascension_level":18}}