{"host":"f5uumzf5hfexzk8l","time":1610061869,"event":{"mods":["AchievementEnabler","BaseMod","Bestiary","Colored Map","Googly Eyes","Minty Spire (QoL Compilation)","Permanent Neow","Relic Sorter","Relic Stats","SuperFastMode","Unceasing Turn Reminder","everything is the same but u backflip on backflip"],"gold_per_floor":[110,120,136,149,49,77,77,110,137,137,190,202,233,253,253,332,332,313,333,350,369,386,386,386],"floor_reached":23,"playtime":956,"items_purged":["Strike_G"],"score":380,"play_id":"8b6bc7ba-5708-4d24-b92b-367aa8960f3e","local_time":"20210107152429","is_ascension_mode":true,"campfire_choices":[{"data":"Predator","floor":10.0,"key":"SMITH"},{"data":"Calculated Gamble","floor":15.0,"key":"SMITH"}],"circlet_count":0,"master_deck":["AscendersBane","Strike_G","Strike_G","Strike_G","Strike_G","Defend_G","Defend_G","Defend_G","Defend_G","Defend_G","Survivor","Neutralize","Injury","Poisoned Stab","Calculated Gamble+1","Poisoned Stab","Predator+1","Underhanded Strike","Acrobatics","PiercingWail","Die Die Die","Well Laid Plans","Burst","Noxious Fumes","Backflip"],"relics":["Ring of the Snake","Tough Bandages","Meat on the Bone","Anchor","Vajra","Dream Catcher","MealTicket","Black Star"],"acts_visited":["Exordium","TheCity"],"potions_floor_usage":[23],"damage_taken":[{"damage":6.0,"enemies":"2 Louse","floor":1.0,"turns":4.0},{"damage":0.0,"enemies":"Jaw Worm","floor":2.0,"turns":5.0},{"damage":0.0,"enemies":"Small Slimes","floor":3.0,"turns":3.0},{"damage":4.0,"enemies":"2 Fungi Beasts","floor":4.0,"turns":4.0},{"damage":14.0,"enemies":"3 Sentries","floor":6.0,"turns":8.0},{"damage":4.0,"enemies":"Lagavulin","floor":8.0,"turns":6.0},{"damage":0.0,"enemies":"Exordium Thugs","floor":12.0,"turns":4.0},{"damage":15.0,"enemies":"3 Sentries","floor":13.0,"turns":7.0},{"damage":0.0,"enemies":"Looter","floor":14.0,"turns":2.0},{"damage":11.0,"enemies":"The Guardian","floor":16.0,"turns":7.0},{"damage":2.0,"enemies":"2 Thieves","floor":18.0,"turns":4.0},{"damage":20.0,"enemies":"Spheric Guardian","floor":19.0,"turns":6.0},{"damage":29,"enemies":"Snecko","floor":20,"turns":6},{"damage":0,"enemies":"Centurion and Healer","floor":21,"turns":7},{"damage":36,"enemies":"3 Cultists","floor":22,"turns":7},{"damage":22,"enemies":"Slavers","floor":23,"turns":3}],"seed_played":"6015277750498815532","potions_obtained":[{"floor":3.0,"key":"Block Potion"},{"floor":8.0,"key":"LiquidBronze"},{"floor":12.0,"key":"GamblersBrew"},{"floor":14.0,"key":"BlessingOfTheForge"},{"floor":16.0,"key":"Energy Potion"},{"floor":18.0,"key":"ColorlessPotion"},{"floor":19,"key":"DistilledChaos"}],"is_trial":false,"path_per_floor":["M","M","M","M","$","E","?","E","T","R","T","M","E","M","R","B",null,"M","M","M","M","M","E"],"character_chosen":"THE_SILENT","items_purchased":["Underhanded Strike"],"campfire_rested":0,"item_purchase_floors":[5],"current_hp_per_floor":[53,53,53,49,49,35,35,43,43,43,43,43,40,40,40,41,60,58,58,41,41,17,0,0],"gold":386,"neow_bonus":"ONE_RARE_RELIC","is_daily":false,"chose_seed":false,"campfire_upgraded":2,"win_rate":0.0,"timestamp":1610061869,"path_taken":["M","M","M","M","$","E","?","E","T","R","?","M","E","M","R","BOSS","M","M","M","M","M","E"],"items_purchased_type":["Card"],"build_version":"2020-12-22","purchased_purges":1,"victory":false,"max_hp_per_floor":[66,66,66,66,66,66,66,66,66,66,66,66,66,66,66,66,66,66,66,66,66,66,66,66],"relic_stats":{"Tough Bandages":[333],"Dream Catcher":0,"counters":[16,83],"MealTicket":0,"Black Star":0,"obtain_stats":[{"Tough Bandages":0,"Anchor":8,"Dream Catcher":11,"Vajra":9,"MealTicket":13,"Black Star":17,"Ring of the Snake":0,"Meat on the Bone":6},{"Tough Bandages":0,"Anchor":6,"Dream Catcher":6,"Vajra":6,"MealTicket":8,"Black Star":10,"Ring of the Snake":0,"Meat on the Bone":5},{"Tough Bandages":0,"Anchor":30,"Dream Catcher":30,"Vajra":30,"MealTicket":41,"Black Star":50,"Ring of the Snake":0,"Meat on the Bone":24}],"Ring of the Snake":[32],"Meat on the Bone":60},"card_choices":[{"not_picked":["Deflect","Flying Knee"],"picked":"Poisoned Stab","floor":1.0},{"not_picked":["All Out Attack","Backflip"],"picked":"Calculated Gamble","floor":2.0},{"not_picked":["Terror","Acrobatics"],"picked":"Poisoned Stab","floor":3.0},{"not_picked":["Expertise","Well Laid Plans"],"picked":"Predator","floor":4.0},{"not_picked":["Bane","Masterful Stab"],"picked":"Acrobatics","floor":6.0},{"not_picked":["Flying Knee","Dagger Throw","Terror"],"picked":"SKIP","floor":8.0},{"not_picked":["Quick Slash","All Out Attack"],"picked":"PiercingWail","floor":12.0},{"not_picked":["Sucker Punch","Bane"],"picked":"Die Die Die","floor":13.0},{"not_picked":["Underhanded Strike","Escape Plan"],"picked":"Well Laid Plans","floor":14.0},{"not_picked":["Tools of the Trade","Phantasmal Killer"],"picked":"Burst","floor":16.0},{"not_picked":["Dagger Throw","Accuracy","Blade Dance"],"picked":"SKIP","floor":18.0},{"not_picked":["Blade Dance","Sucker Punch"],"picked":"Noxious Fumes","floor":19},{"not_picked":["Leg Sweep","Deflect"],"picked":"Backflip","floor":20},{"not_picked":["Flying Knee","Finisher","Infinite Blades"],"picked":"SKIP","floor":21},{"not_picked":["Slice","Concentrate","Well Laid Plans+1"],"picked":"SKIP","floor":22}],"player_experience":376347,"relics_obtained":[{"floor":6.0,"key":"Meat on the Bone"},{"floor":8.0,"key":"Anchor"},{"floor":9.0,"key":"Vajra"},{"floor":11.0,"key":"Dream Catcher"},{"floor":13.0,"key":"MealTicket"}],"event_choices":[{"damage_healed":0.0,"max_hp_gain":0.0,"max_hp_loss":0.0,"gold_gain":0.0,"event_name":"Liars Game","player_choice":"Ignored","floor":7.0,"gold_loss":0.0,"damage_taken":0.0}],"is_beta":false,"boss_relics":[{"not_picked":["Coffee Dripper","Pandora\u0027s Box"],"picked":"Black Star"}],"items_purged_floors":[5],"is_endless":false,"potions_floor_spawned":[3,8,12,14,16,18,19],"killed_by":"Slavers","ascension_level":15}}