{"host":"w5vfr18i2ft1pzo2","time":1610049144,"event":{"mods":["Act Like it!","Aspiration","BaseMod","Better Third Choice","BetterRewards","Colored Map","Colored Powertips","Conspire","Curses Come First","DNKmod","Defuse TimeMaze Blight","Dota2Spire","Elementarium","Energized Spire","Evolution","Force Act Four","Friendly Minions","Gensokyo","GifTheSpireLib","Gold Saver","GungeonMod","Halation","Hallownest","Hubris","Hyrulean Relics","Infinite Spire","Jedi Mod","Marisa????????","Minty Spire (QoL Compilation)","MostiFishMod","Prisma Mod","Remilia??????","Replay The Spire","SacredBarkPlus","Small Relic Pack","Spicy Shops","Spikes Relics","StSLib","Stuff the Spire","SuperFastMode","Synergy Search","The Blue Laboratory","The Servant 0.9.4","Trackpad","Treasure Hunter","Uncapped","Wandering Minibosses","Yakumo Yukari mod","noobMod","vexMod","??????REMEMod"],"gold_per_floor":[1317,1317,1317,1317,1337,1372,1372,1391,1391,1391,1426,1450,1491,1491,1491,1580,1580,1600,1614,1614,1638,1343,1382,1382,1421,1468,1508,1508,1508,1508,1522,1522,1598,1598,1618,1618,1618,1632,255,280,280,312,312,312,500,526,538,582,594,606,618,630,393,419,449],"floor_reached":56,"playtime":1186,"items_purged":["Collect"],"score":3203,"play_id":"b19b4417-49b2-4294-b8e7-5474b918e15f","local_time":"20210108035224","is_ascension_mode":true,"campfire_choices":[{"floor":7,"key":"RECALL"},{"data":"ReplayTheSpireMod:Private Reserves","floor":15,"key":"SMITH"},{"data":"TH:DeckOfManyThings","floor":24,"key":"SMITH"},{"data":"StuffTheSpire:Vigor","floor":30,"key":"SMITH"},{"data":"hubris:InfiniteBlow+23","floor":41,"key":"SMITH"},{"data":"hubris:InfiniteBlow+24","floor":44,"key":"SMITH"},{"data":"hubris:InfiniteBlow+25","floor":47,"key":"SMITH"},{"data":"hubris:InfiniteBlow+26","floor":49,"key":"SMITH"},{"data":"hubris:InfiniteBlow+27","floor":52,"key":"SMITH"}],"circlet_count":0,"master_deck":["AscendersBane","Strike_P+1","Strike_P+1","Defend_P+1","Eruption+1","Vigilance+1","ReplayTheSpireMod:Private Reserves+1","CutThroughFate+1","TH:DeckOfManyThings+1","LikeWater+1","Weave+1","MasterReality+1","CutThroughFate+1","Scrawl+1","EmptyMind+1","Violence+1","Purity+1","TH:DeckOfManyThings+1","Replay:Cycle+1","StuffTheSpire:Vigor+1","hubris:InfiniteBlow+40","MostiFishMod:KamiSmash+1","CutThroughFate+1","CutThroughFate+1","Wish+1"],"relics":["PureWater","EVO:Axolotl","DaveBox","ice","REME_ComplimentaryCards","Civilization","SynthV:TestCard","ImprovedEquipment","ReplayTheSpireMod:TigerMarble","ReplayFunnel","Empty Cage","relicPack:OneForAll","Dota2Spire:AghanimScepter","MealTicket","Replay:Baseball","infinitespire:Satchel","halation:ShiningIdol","Replay:Drink Me","Vajra","DemoMod:MeatBun","aspiration:TomeofQuesting","Lee\u0027s Waffle","hubris:FunFungus","StuffTheSpire:Gunfinga","Nunchaku","Gremlin Horn","DemoMod:GlassGuonStoneRelic","MawBank","Toxic Egg 2","BicycleWheel"],"acts_visited":["Exordium","TheCity","TheBeyond","TheEnding"],"potions_floor_usage":[6,16,23,55],"damage_taken":[{"damage":11,"enemies":"2 Louse","floor":1,"turns":3},{"damage":0,"enemies":"Small Slimes","floor":5,"turns":2},{"damage":22,"enemies":"3 Sentries","floor":6,"turns":4},{"damage":0,"enemies":"Jaw Worm","floor":8,"turns":1},{"damage":0,"enemies":"Lagavulin","floor":11,"turns":2},{"damage":0,"enemies":"Blue Slaver","floor":12,"turns":3},{"damage":20,"enemies":"3 Sentries","floor":13,"turns":3},{"damage":16,"enemies":"The Guardian","floor":16,"turns":3},{"damage":0,"enemies":"Shell Parasite","floor":18,"turns":1},{"damage":0,"enemies":"3 Byrds","floor":19,"turns":2},{"damage":0,"enemies":"Centurion and Healer","floor":21,"turns":2},{"damage":0,"enemies":"Book of Stabbing","floor":23,"turns":2},{"damage":244,"enemies":"Gremlin Leader","floor":25,"turns":23},{"damage":0,"enemies":"Nightmare","floor":27,"turns":1},{"damage":0,"enemies":"Snake Plant","floor":31,"turns":1},{"damage":0,"enemies":"conspire:MysteriousRune","floor":33,"turns":2},{"damage":0,"enemies":"Orb Walker","floor":35,"turns":1},{"damage":0,"enemies":"3 Darklings","floor":37,"turns":1},{"damage":0,"enemies":"Maw","floor":38,"turns":1},{"damage":0,"enemies":"Reptomancer","floor":40,"turns":2},{"damage":3,"enemies":"Giant Head","floor":42,"turns":6},{"damage":0,"enemies":"Nightmare","floor":46,"turns":1},{"damage":0,"enemies":"R_Hoarder","floor":48,"turns":1},{"damage":0,"enemies":"Awakened One","floor":50,"turns":2},{"damage":0,"enemies":"Shield and Spear","floor":54,"turns":1},{"damage":0,"enemies":"The Heart","floor":55,"turns":4}],"seed_played":"-4705778277829535734","potions_obtained":[{"floor":0,"key":"blueLaboratory:EnragingPotion"},{"floor":0,"key":"Flashbang"},{"floor":0,"key":"blueLaboratory:StoneskinPotion"},{"floor":6,"key":"LiquidMemories"},{"floor":18,"key":"Block Potion"},{"floor":33,"key":"ColorlessPotion"}],"is_trial":false,"path_per_floor":["M","?","?","?","M","E","R","M","T","$","E","M","E","?","R_BF","B",null,"M","M","?","M","$","E","R","E","T","NM","?","?","R","M","R_BF","B",null,"M","?","M","M","$","E","R","E","T","R","?","NM","R","E","R","B",null,"R","$","E","B",null],"character_chosen":"WATCHER","items_purchased":["Violence","Purity","Vajra","CutThroughFate","DemoMod:MeatBun","aspiration:TomeofQuesting","Block Potion","blueLaboratory:Moonshine","blueLaboratory:Moonshine","Cursed Concoction","Lee\u0027s Waffle","hubris:FunFungus","DistilledChaos","blueLaboratory:LouseDecoction","Swift Potion","SkillPotion"],"campfire_rested":0,"item_purchase_floors":[22,22,39,39,39,39,39,39,39,39,39,39,53,53,53,53],"current_hp_per_floor":[52,28,32,32,36,21,21,29,29,29,38,48,59,59,59,57,116,131,149,149,169,169,190,190,159,159,202,202,152,152,196,110,155,262,308,308,360,413,455,513,513,575,575,575,386,446,446,507,507,580,717,717,732,800,886],"gold":449,"neow_bonus":"THREE_SMALL_POTIONS","is_daily":false,"chose_seed":false,"campfire_upgraded":8,"win_rate":0.0,"timestamp":1610049144,"path_taken":["M","?","?","?","M","E","R","?","T","$","E","M","E","?","R_BF","BOSS","M","M","?","M","?","E","R","E","T","NM","?","?","R","M","R_BF","BOSS","M","?","?","M","$","E","R","E","T","R","?","NM","R","E","R","BOSS","R","$","E","BOSS"],"items_purchased_type":["Card","Card","Relic","Card","Relic","Relic","Potion","Potion","Potion","Potion","Relic","Relic","Potion","Potion","Potion","Potion"],"build_version":"2020-12-22","purchased_purges":1,"victory":true,"max_hp_per_floor":[70,70,70,70,74,81,81,89,89,89,98,108,121,121,121,135,135,150,168,168,188,188,209,209,252,252,295,295,295,295,339,339,396,297,343,343,395,448,455,513,513,575,575,575,575,635,635,696,696,762,762,762,762,830,928],"card_choices":[{"not_picked":["REME_MusicOfDeath","FlurryOfBlows"],"picked":"CutThroughFate","floor":1},{"not_picked":["Crescendo","SashWhip","Replay:AtTheReady","FearNoEvil","MentalFortress"],"picked":"SKIP","floor":5},{"not_picked":["TH:EnergyPotion","TH:ArmorSpikes","TH:Mimic"],"picked":"TH:DeckOfManyThings","floor":6},{"not_picked":["Prostrate","Protect","JustLucky","FollowUp"],"picked":"LikeWater","floor":6},{"not_picked":["Evaluate","WaveOfTheHand","FlyingSleeves","MentalFortress"],"picked":"Weave","floor":8},{"not_picked":["TH:BikiniMail","TH:ArmorSpikes","TH:CursedSword","TH:EnergyPotion"],"picked":"SKIP","floor":9},{"not_picked":["Pray","Crescendo","Meditate","MostiFishMod:Clarity"],"picked":"MasterReality","floor":11},{"not_picked":["TH:PixieDust","TH:BikiniMail","TH:DeckOfManyThings","TH:EnergyPotion"],"picked":"SKIP","floor":11},{"not_picked":["EmptyBody","SashWhip","Replay:Vibes","Fasting2"],"picked":"CutThroughFate","floor":12},{"not_picked":["TH:Mimic","TH:CursedSword","TH:CopperCoins","TH:TreasureMap"],"picked":"SKIP","floor":13},{"not_picked":["MostiFishMod:FlowState","PathToVictory","Replay:Vibes","Halt","ClearTheMind"],"picked":"SKIP","floor":13},{"not_picked":["jedi:nirvanicrebirth","ConjureBlade","Ragnarok","MostiFishMod:DisColor"],"picked":"Scrawl","floor":16},{"not_picked":["Replay:BluntJabs","Protect+1","REME_Repentance","WindmillStrike+1","Prostrate"],"picked":"SKIP","floor":18},{"not_picked":["Halt","CrushJoints","ThirdEye","EmptyFist","Perseverance"],"picked":"SKIP","floor":19},{"not_picked":["EmptyBody","Replay:Vibes","Meditate","SandsOfTime"],"picked":"EmptyMind","floor":21},{"not_picked":["TH:EnergyPotion","TH:CopperCoins","TH:Mimic"],"picked":"TH:DeckOfManyThings","floor":23},{"not_picked":["Replay:AtTheReady+1","Protect","BowlingBash+1","ThirdEye","Prostrate"],"picked":"SKIP","floor":23},{"not_picked":["FearNoEvil","SashWhip","JustLucky","MostiFishMod:Nomercy"],"picked":"Replay:Cycle","floor":25},{"not_picked":["TH:PixieDust","TH:BikiniMail","TH:DeckOfManyThings","TH:ArmorSpikes"],"picked":"SKIP","floor":25},{"not_picked":["TH:PixieDust","TH:BikiniMail","TH:ElvenBoots","TH:TreasureMap"],"picked":"SKIP","floor":26},{"not_picked":["TH:Mimic","TH:ElvenBoots","TH:CursedSword","TH:ArmorSpikes"],"picked":"SKIP","floor":27},{"not_picked":["FearNoEvil","Prostrate","BattleHymn","Conclude","MentalFortress"],"picked":"SKIP","floor":27},{"not_picked":["SignatureMove","CrushJoints","Sanctity","Replay:AtTheReady+1","Protect"],"picked":"SKIP","floor":31},{"not_picked":["infinitespire:SevenWalls","infinitespire:FinalStrike"],"picked":"hubris:InfiniteBlow+7","floor":32},{"not_picked":["DeusExMachina","Brilliance","Judgement","MostiFishMod:StarOceanP"],"picked":"MostiFishMod:CyberBuddha","floor":33},{"not_picked":["CutThroughFate","Tantrum","ThirdEye","Replay:Hum","FlurryOfBlows+1"],"picked":"SKIP","floor":35},{"not_picked":["MentalFortress","Prostrate","Protect+1","SashWhip+1","Replay:ManipulateFuture+1"],"picked":"SKIP","floor":37},{"not_picked":["SashWhip","ThirdEye","Replay:Anticipation","Consecrate"],"picked":"MostiFishMod:KamiSmash","floor":38},{"not_picked":["Consecrate","ThirdEye","REME_Repentance","Replay:Hum+1"],"picked":"CutThroughFate+1","floor":40},{"not_picked":["TH:ElvenBoots","TH:ArmorSpikes","TH:BikiniMail","TH:CursedSword"],"picked":"SKIP","floor":40},{"not_picked":["TH:EnergyPotion","TH:CopperCoins","TH:CursedSword","TH:PixieDust"],"picked":"SKIP","floor":42},{"not_picked":["Pray","Replay:Battleflow","Meditate+1","Replay:ManipulateFuture+1","Replay:Hum"],"picked":"SKIP","floor":42},{"not_picked":["TH:CopperCoins","TH:TreasureMap","TH:BikiniMail","TH:CursedSword"],"picked":"SKIP","floor":43},{"not_picked":["TH:Mimic","TH:BikiniMail","TH:CopperCoins","TH:ElvenBoots"],"picked":"SKIP","floor":46},{"not_picked":["ReachHeaven","REME_MusicOfDeath","REME_Repentance","Halt","ThirdEye"],"picked":"SKIP","floor":46},{"not_picked":["TH:ElvenBoots","TH:CopperCoins","TH:Mimic","TH:CursedSword"],"picked":"SKIP","floor":48},{"not_picked":["REME_Repentance+1","PathToVictory+1","Prostrate+1","Perseverance+1","Judgement+1"],"picked":"SKIP","floor":48},{"not_picked":["Consecrate","SashWhip","ForeignInfluence+1","MostiFishMod:FlowState+1"],"picked":"Wish+1","floor":54},{"not_picked":["TH:ArmorSpikes","TH:DeckOfManyThings","TH:PixieDust","TH:CopperCoins"],"picked":"SKIP","floor":54}],"player_experience":253041,"relics_obtained":[{"floor":1,"key":"SynthV:TestCard"},{"floor":6,"key":"ImprovedEquipment"},{"floor":11,"key":"ReplayTheSpireMod:TigerMarble"},{"floor":13,"key":"ReplayFunnel"},{"floor":23,"key":"Dota2Spire:AghanimScepter"},{"floor":25,"key":"MealTicket"},{"floor":26,"key":"Replay:Baseball"},{"floor":27,"key":"infinitespire:Satchel"},{"floor":40,"key":"StuffTheSpire:Gunfinga"},{"floor":42,"key":"Nunchaku"},{"floor":43,"key":"Gremlin Horn"},{"floor":46,"key":"MawBank"},{"floor":48,"key":"Toxic Egg 2"},{"floor":54,"key":"BicycleWheel"}],"event_choices":[{"damage_healed":0,"gold_gain":0,"player_choice":"Take Damage","damage_taken":24,"relics_obtained":["Golden Idol"],"max_hp_gain":0,"max_hp_loss":0,"event_name":"Golden Idol","floor":2,"gold_loss":0},{"damage_healed":0,"gold_gain":0,"cards_transformed":["Strike_P"],"player_choice":"Transformed","damage_taken":0,"max_hp_gain":0,"max_hp_loss":0,"event_name":"Transmorgrifier","floor":36,"gold_loss":0,"cards_obtained":["Collect"]}],"is_beta":false,"boss_relics":[{"not_picked":["Velvet Choker","conspire:SpecialSausage"],"picked":"Empty Cage"},{"not_picked":["ReplayTheSpireMod:DimensionalGlitch","RhineFirstAidKit"],"picked":"Replay:Drink Me"}],"items_purged_floors":[39],"is_endless":false,"potions_floor_spawned":[6,8,11,12,18,21,31,33,35,38,40,42],"ascension_level":19}}