{"host":"ba8fi0vd2808q8ml","time":1610002872,"event":{"mods":["2.2 Compatiblity","AchievementEnabler","BaseMod","CapriCore","Marisa£¨Ùöéë¡¡Øª×âÞÞ£©","Minty Spire (QoL Compilation)","StSLib","SuperFastMode","The Bug Knight","The Immortal","The Servant 0.9.3"],"gold_per_floor":[119,69,88,11,24,49,49,63,89,89,89,89,89,59,59,59,59],"floor_reached":16,"playtime":787,"items_purged":[],"score":98,"play_id":"175eb90f-24f3-421a-bd64-098749769d8a","local_time":"20210107160112","is_ascension_mode":false,"campfire_choices":[{"floor":7,"key":"REST"},{"floor":11,"key":"REST"},{"floor":13,"key":"REST"},{"data":"TheWorld","floor":15,"key":"SMITH"}],"circlet_count":0,"master_deck":["Strike_S","Strike_S","Strike_S","Defend_S","Defend_S","Defend_S","Defend_S","KidneyShot","Exchange","ShiftingGears","SilverBlades","FastForward","SpecialFormula","TheWorld+1"],"relics":["Uniform","Juzu Bracelet","Orichalcum","SsserpentHead"],"acts_visited":["Exordium"],"potions_floor_usage":[6,16,16],"damage_taken":[{"damage":1,"enemies":"Jaw Worm","floor":1,"turns":4},{"damage":9,"enemies":"2 Louse","floor":3,"turns":4},{"damage":12,"enemies":"Small Slimes","floor":5,"turns":4},{"damage":35,"enemies":"Lagavulin","floor":6,"turns":11},{"damage":2,"enemies":"Blue Slaver","floor":8,"turns":5},{"damage":2,"enemies":"Looter","floor":14,"turns":4},{"damage":90,"enemies":"The Guardian","floor":16,"turns":19}],"seed_played":"-3273911372221706476","potions_obtained":[{"floor":3,"key":"Fire Potion"},{"floor":5,"key":"ColorlessPotion"},{"floor":8,"key":"Swift Potion"}],"is_trial":false,"path_per_floor":["M","?","M","$","M","E","R","M","T","?","R","?","R","M","R","B"],"character_chosen":"THE_SERVANT","items_purchased":["SilverBlades"],"campfire_rested":3,"item_purchase_floors":[4],"current_hp_per_floor":[70,70,61,61,49,14,35,33,33,33,54,54,71,71,71,0,0],"gold":59,"neow_bonus":"TEN_PERCENT_HP_BONUS","is_daily":false,"chose_seed":false,"campfire_upgraded":1,"win_rate":0.0,"timestamp":1610002872,"path_taken":["M","?","M","$","M","E","R","M","T","?","R","?","R","M","R","BOSS"],"items_purchased_type":["Card"],"build_version":"2020-12-22","purchased_purges":0,"victory":false,"max_hp_per_floor":[71,71,71,71,71,71,71,71,71,71,71,71,71,71,71,71,71],"card_choices":[{"not_picked":["Alleviate","Reset","Unruled"],"picked":"SKIP","floor":1},{"not_picked":["Contraction","Misdirection"],"picked":"ShiftingGears","floor":3},{"not_picked":["DoubleEdge","ReturningBlade"],"picked":"FastForward","floor":5},{"not_picked":["Comet","ShiftingGears","MoonPhase"],"picked":"SKIP","floor":6},{"not_picked":["Contraction","BestPractice"],"picked":"SpecialFormula","floor":8},{"not_picked":["DoubleEdge","Starlight"],"picked":"TheWorld","floor":14}],"player_experience":50282,"relics_obtained":[{"floor":6,"key":"Juzu Bracelet"},{"floor":9,"key":"Orichalcum"}],"event_choices":[{"cards_removed":["Strike_S"],"damage_healed":0,"gold_gain":0,"player_choice":"Card Removal","damage_taken":0,"max_hp_gain":0,"max_hp_loss":0,"event_name":"The Cleric","floor":2,"gold_loss":50},{"damage_healed":0,"gold_gain":0,"player_choice":"Ignored","damage_taken":0,"max_hp_gain":0,"max_hp_loss":0,"event_name":"Golden Idol","floor":10,"gold_loss":0},{"damage_healed":0,"gold_gain":0,"player_choice":"Trade","damage_taken":0,"relics_obtained":["SsserpentHead"],"max_hp_gain":0,"max_hp_loss":0,"event_name":"FaceTrader","floor":12,"gold_loss":0}],"is_beta":false,"boss_relics":[],"items_purged_floors":[],"is_endless":false,"potions_floor_spawned":[3,5,8],"killed_by":"The Guardian","ascension_level":0}}