{"host":"v4tuy5ykrbdcm9o9","time":1610004926,"event":{"mods":["BaseMod","Duelist Mod","Minty Spire (QoL Compilation)","Replay The Spire","StSLib"],"gold_per_floor":[114,128,128,140,152,179,179,211,211,224,296,310,310,321,321,424,424,443,443,410,410,410,410],"floor_reached":22,"playtime":1987,"items_purged":[],"score":248,"play_id":"d1054442-1ffc-4998-9267-65aaf7241495","local_time":"20210107023526","is_ascension_mode":true,"campfire_choices":[{"data":"ReplayTheSpireMod:Scrap Shanks","floor":7,"key":"SMITH"},{"floor":13,"key":"REST"},{"floor":15,"key":"REST"}],"circlet_count":0,"master_deck":["Strike_G+1","Strike_G","Strike_G","Strike_G","Strike_G","Defend_G","Defend_G","Defend_G","Defend_G","Defend_G","Survivor","Neutralize","Quick Slash","Backflip","Noxious Fumes","Underhanded Strike","ReplayTheSpireMod:Scrap Shanks+1","Bullet Time","Bane","ReplayTheSpireMod:Speed Training","ReplayTheSpireMod:Speed Training","A Thousand Cuts","CurseOfTheBell","All Out Attack","Dagger Spray+1","RitualDagger"],"relics":["Ring of the Snake","Counterbalance","Bottled Tornado","Ninja Scroll","Calling Bell","Smiling Mask","Replay:Bottled Snecko","Replay:Kaleidoscope"],"acts_visited":["Exordium","TheCity"],"potions_floor_usage":[6,8,8,10,12,16,16,18],"damage_taken":[{"damage":0,"enemies":"Jaw Worm","floor":1,"turns":5},{"damage":0,"enemies":"2 Louse","floor":2,"turns":3},{"damage":1,"enemies":"Small Slimes","floor":4,"turns":4},{"damage":0,"enemies":"2 Fungi Beasts","floor":5,"turns":5},{"damage":2,"enemies":"Replay:BlueRogue","floor":6,"turns":7},{"damage":35,"enemies":"Lagavulin","floor":8,"turns":7},{"damage":10,"enemies":"Exordium Wildlife","floor":10,"turns":5},{"damage":0,"enemies":"Looter","floor":12,"turns":2},{"damage":5,"enemies":"Large Slime","floor":14,"turns":5},{"damage":29,"enemies":"Hexaghost","floor":16,"turns":10},{"damage":8,"enemies":"Chosen","floor":18,"turns":4},{"damage":33,"enemies":"2 Thieves","floor":20,"turns":5},{"damage":12,"enemies":"Snecko","floor":22,"turns":3}],"seed_played":"5990128561712081555","potions_obtained":[{"floor":0,"key":"Energy Potion"},{"floor":0,"key":"Explosive Potion"},{"floor":0,"key":"SpeedPotion"},{"floor":1,"key":"BlessingOfTheForge"},{"floor":6,"key":"AttackPotion"},{"floor":8,"key":"Strength Potion"},{"floor":10,"key":"DistilledChaos"},{"floor":12,"key":"DuplicationPotion"},{"floor":14,"key":"CunningPotion"},{"floor":20,"key":"Fire Potion"}],"is_trial":false,"path_per_floor":["M","M","?","M","M","E","R","E","T","M","?","M","R","M","R","B",null,"M","?","M","?","M"],"character_chosen":"THE_SILENT","items_purchased":[],"campfire_rested":2,"item_purchase_floors":[],"current_hp_per_floor":[70,70,70,69,69,67,67,32,32,22,22,22,43,38,59,30,60,52,52,19,13,1,1],"gold":410,"neow_bonus":"THREE_SMALL_POTIONS","is_daily":false,"chose_seed":false,"campfire_upgraded":1,"win_rate":0.0,"timestamp":1610004926,"path_taken":["M","M","?","M","M","E","R","E","T","M","?","M","R","M","R","BOSS","M","?","M","?","M"],"items_purchased_type":[],"build_version":"2020-12-22","purchased_purges":0,"victory":false,"max_hp_per_floor":[70,70,70,70,70,70,70,70,70,70,70,70,70,70,70,70,70,70,70,70,70,70,70],"card_choices":[{"not_picked":["Deadly Poison","Prepared"],"picked":"Quick Slash","floor":1},{"not_picked":["Dodge and Roll","Calculated Gamble"],"picked":"Backflip","floor":2},{"not_picked":["Toxin Wave","Concentrate"],"picked":"Noxious Fumes","floor":4},{"not_picked":["Dagger Throw","Escape Plan"],"picked":"Underhanded Strike","floor":5},{"not_picked":["Prepared","Dodge and Roll"],"picked":"ReplayTheSpireMod:Scrap Shanks","floor":6},{"not_picked":["Phantasmal Killer","Blade Dance"],"picked":"Bullet Time","floor":8},{"not_picked":["Escape Plan","Sucker Punch"],"picked":"Bane","floor":10},{"not_picked":["Acrobatics","Blur"],"picked":"ReplayTheSpireMod:Speed Training","floor":12},{"not_picked":["Deflect","Quick Slash"],"picked":"ReplayTheSpireMod:Speed Training","floor":14},{"not_picked":["Phantasmal Killer","Replay:Bag of Tricks"],"picked":"A Thousand Cuts","floor":16},{"not_picked":["Deadly Poison+1","Dodge and Roll+1"],"picked":"All Out Attack","floor":18},{"not_picked":["Dodge and Roll","Bane+1"],"picked":"Dagger Spray+1","floor":20}],"player_experience":563842,"relics_obtained":[{"floor":6,"key":"Counterbalance"},{"floor":8,"key":"Bottled Tornado"},{"floor":9,"key":"Ninja Scroll"},{"floor":17,"key":"Smiling Mask"},{"floor":17,"key":"Replay:Bottled Snecko"},{"floor":17,"key":"Replay:Kaleidoscope"}],"event_choices":[{"damage_healed":0,"gold_gain":72,"player_choice":"Gained Gold","damage_taken":0,"max_hp_gain":0,"max_hp_loss":0,"event_name":"Golden Wing","floor":11,"gold_loss":0},{"damage_healed":0,"gold_gain":0,"player_choice":"Ignored","damage_taken":0,"max_hp_gain":0,"max_hp_loss":0,"event_name":"Cursed Tome","floor":19,"gold_loss":0},{"damage_healed":0,"gold_gain":0,"player_choice":"Joined the Cult","damage_taken":6,"max_hp_gain":0,"max_hp_loss":0,"event_name":"Nest","floor":21,"gold_loss":0,"cards_obtained":["RitualDagger"]}],"is_beta":false,"boss_relics":[{"not_picked":["Ectoplasm","Astrolabe"],"picked":"Calling Bell"}],"items_purged_floors":[],"is_endless":false,"potions_floor_spawned":[1,6,8,10,12,14,20],"killed_by":"Snecko","ascension_level":5}}