{"host":"4qkvkh7pd9qr2mca","time":1610058820,"event":{"mods":["AchievementEnabler","BaseMod","Colored Map","Colored Powertips","Highlight Path","Minty Spire (QoL Compilation)","Permanent Neow","Quick Restart","StSLib","SuperFastMode"],"gold_per_floor":[115,129,139,153,171,199,199,227,527,562,572,21,38,58,58,132,132,146,61,74,16,26,58,58,58,81,93,93,118,131,131,131],"floor_reached":31,"playtime":2579,"items_purged":["Strike_G"],"score":602,"play_id":"7740da43-8059-488d-99e5-6165b596c030","local_time":"20210107233340","is_ascension_mode":true,"campfire_choices":[{"data":"Finisher","floor":7.0,"key":"SMITH"},{"data":"Finisher","floor":15.0,"key":"SMITH"},{"floor":24,"key":"REST"},{"floor":28,"key":"REST"}],"circlet_count":0,"master_deck":["AscendersBane","Strike_G","Defend_G","Defend_G","Defend_G","Defend_G","Defend_G","Survivor","Neutralize","Finisher+1","Finisher+1","Accuracy","Calculated Gamble","Blade Dance","Blur","Unload","Deflect","Escape Plan","Blur","Corpse Explosion","Tools of the Trade","Venomology+1","Die Die Die+1","Finisher+1","Dagger Spray","PiercingWail","Slice","PiercingWail+1","Malaise","J.A.X.","Well Laid Plans+1","Blade Dance"],"relics":["Ring of the Snake","Pocketwatch","TungstenRod","Blue Candle","Old Coin","Pantograph","Mango","Pen Nib","Astrolabe","Ginger","Shovel","Nunchaku","Centennial Puzzle"],"acts_visited":["Exordium","TheCity"],"potions_floor_usage":[20,22,29,29,29,30],"damage_taken":[{"damage":0.0,"enemies":"Jaw Worm","floor":1.0,"turns":5.0},{"damage":0.0,"enemies":"2 Louse","floor":2.0,"turns":3.0},{"damage":0.0,"enemies":"Small Slimes","floor":3.0,"turns":3.0},{"damage":0.0,"enemies":"2 Fungi Beasts","floor":4.0,"turns":3.0},{"damage":5.0,"enemies":"Gremlin Gang","floor":5.0,"turns":4.0},{"damage":6.0,"enemies":"Gremlin Nob","floor":6.0,"turns":3.0},{"damage":9.0,"enemies":"3 Sentries","floor":8.0,"turns":7.0},{"damage":5.0,"enemies":"Gremlin Nob","floor":10.0,"turns":3.0},{"damage":0.0,"enemies":"Exordium Wildlife","floor":11.0,"turns":2.0},{"damage":31.0,"enemies":"Exordium Thugs","floor":13.0,"turns":6.0},{"damage":0.0,"enemies":"Large Slime","floor":14.0,"turns":5.0},{"damage":38.0,"enemies":"Hexaghost","floor":16.0,"turns":10.0},{"damage":0,"enemies":"3 Byrds","floor":18,"turns":6},{"damage":1,"enemies":"Spheric Guardian","floor":20,"turns":5},{"damage":10,"enemies":"Centurion and Healer","floor":22,"turns":5},{"damage":20,"enemies":"Slavers","floor":23,"turns":3},{"damage":27,"enemies":"Chosen and Byrds","floor":27,"turns":5},{"damage":27,"enemies":"Book of Stabbing","floor":29,"turns":5},{"damage":4,"enemies":"Snake Plant","floor":30,"turns":5},{"damage":14,"enemies":"Slavers","floor":31,"turns":1}],"seed_played":"-7453487357339217273","potions_obtained":[{"floor":1.0,"key":"Poison Potion"},{"floor":2.0,"key":"PowerPotion"},{"floor":8.0,"key":"Weak Potion"},{"floor":10.0,"key":"Poison Potion"},{"floor":11.0,"key":"Strength Potion"},{"floor":14.0,"key":"Regen Potion"},{"floor":20,"key":"CunningPotion"}],"is_trial":false,"path_per_floor":["M","M","M","M","M","E","R","E","T","E","M","$","M","M","R","B",null,"M","?","M","$","M","E","R","?","T","M","R","E","M","E"],"character_chosen":"THE_SILENT","items_purchased":["Mango","Pen Nib","Slice"],"campfire_rested":2,"item_purchase_floors":[12,12,21],"current_hp_per_floor":[59,59,59,59,54,48,48,39,39,34,34,48,17,17,17,9,58,58,58,57,57,47,27,49,49,49,22,44,17,13,0,0],"gold":131,"neow_bonus":"ONE_RARE_RELIC","is_daily":false,"chose_seed":false,"campfire_upgraded":2,"win_rate":0.0,"timestamp":1610058820,"path_taken":["M","M","M","M","M","E","R","E","T","E","M","$","M","M","R","BOSS","M","?","M","$","M","E","R","?","T","M","R","E","?","E"],"items_purchased_type":["Relic","Relic","Card"],"build_version":"2020-12-22","purchased_purges":1,"victory":false,"max_hp_per_floor":[60,60,60,60,60,60,60,60,60,60,60,74,74,74,74,74,74,74,74,74,74,74,74,74,74,74,74,74,74,74,74,74],"card_choices":[{"not_picked":["Dagger Throw","Flechettes"],"picked":"Finisher","floor":1.0},{"not_picked":["Prepared","Riddle With Holes"],"picked":"Finisher","floor":2.0},{"not_picked":["Quick Slash","Flying Knee"],"picked":"Accuracy","floor":3.0},{"not_picked":["Dagger Throw","Sucker Punch"],"picked":"Calculated Gamble","floor":4.0},{"not_picked":["Tactician","Cloak And Dagger"],"picked":"Blade Dance","floor":5.0},{"not_picked":["Reflex","Slice"],"picked":"Blur","floor":6.0},{"not_picked":["Quick Slash","Setup"],"picked":"Unload","floor":8.0},{"not_picked":["Heel Hook","Dodge and Roll"],"picked":"Deflect","floor":10.0},{"not_picked":["Outmaneuver","Underhanded Strike"],"picked":"Escape Plan","floor":11.0},{"not_picked":["Bane","Tactician"],"picked":"Blur","floor":13.0},{"not_picked":["Deflect","Bouncing Flask"],"picked":"Corpse Explosion","floor":14.0},{"not_picked":["Unload","Storm of Steel"],"picked":"Tools of the Trade","floor":16.0},{"not_picked":["Setup+1","PiercingWail"],"picked":"Dagger Spray","floor":18},{"not_picked":["Acrobatics","Bane"],"picked":"PiercingWail","floor":20},{"not_picked":["Dodge and Roll","Outmaneuver"],"picked":"PiercingWail+1","floor":22},{"not_picked":["Terror","Expertise"],"picked":"Malaise","floor":23},{"not_picked":["Backflip","Distraction"],"picked":"Well Laid Plans+1","floor":27},{"not_picked":["Unload","Blur"],"picked":"Blade Dance","floor":29},{"not_picked":["Quick Slash","Underhanded Strike","Bane"],"picked":"SKIP","floor":30}],"player_experience":509707,"relics_obtained":[{"floor":6.0,"key":"TungstenRod"},{"floor":8.0,"key":"Blue Candle"},{"floor":9.0,"key":"Old Coin"},{"floor":10.0,"key":"Pantograph"},{"floor":23,"key":"Shovel"},{"floor":26,"key":"Nunchaku"},{"floor":29,"key":"Centennial Puzzle"}],"event_choices":[{"damage_healed":0,"gold_gain":0,"player_choice":"Obtained Relic","damage_taken":0,"relics_obtained":["Ginger"],"max_hp_gain":0,"max_hp_loss":0,"event_name":"Addict","floor":19,"gold_loss":85},{"damage_healed":0,"gold_gain":0,"player_choice":"Obtain J.A.X.","damage_taken":0,"max_hp_gain":0,"max_hp_loss":0,"event_name":"Drug Dealer","floor":25,"gold_loss":0,"cards_obtained":["J.A.X."]}],"is_beta":false,"boss_relics":[{"not_picked":["Black Star","Calling Bell"],"picked":"Astrolabe"}],"items_purged_floors":[12],"is_endless":false,"potions_floor_spawned":[1,2,8,10,11,14,20,22,23,27],"killed_by":"Slavers","ascension_level":20}}