{"host":"uz90qi4h2v7tkywu","time":1610028886,"event":{"mods":["BaseMod","BetterRewards","Colored Powertips","Downfall","Hubris","Marisa（F雨　魔理沙）","Minty Spire (QoL Compilation)","Quick Restart","Replay The Spire","Shop Mod","StSLib","SuperFastMode","Synergy Search","Td1madao Mod","TestMod","The Hierophant","The IronCluck","The Necromancer","The Runesmith","The Servant 0.9.4","Transform Curses"],"gold_per_floor":[119,134,134,155,172,215,290,290,290,290,324,52,80,126,126,212,212,238,238,262,24,24,91,91,91,91,156,228,322,431,431,431,591,591,681,681,834,834,336,483,671,671,671,816,816,189,311,675,675,988],"floor_reached":51,"playtime":2919,"items_purged":["Replay:AtTheReady","Indignation","Vault"],"score":2267,"play_id":"ad57d0b1-fcea-4cb6-a178-689d2e2068b1","local_time":"20210108011446","is_ascension_mode":true,"campfire_choices":[{"data":"ReachHeaven","floor":8,"key":"SMITH"},{"data":"Replay:Cycle","floor":10,"key":"SMITH"},{"data":"SandsOfTime","floor":15,"key":"SMITH"},{"data":"Wish","floor":25,"key":"SMITH"},{"data":"hubris:DuctTapeCard","floor":32,"key":"SMITH"},{"data":"Replay:Cycle","floor":42,"key":"SMITH"},{"data":"Replay:Cycle","floor":49,"key":"SMITH"}],"circlet_count":0,"master_deck":["AscendersBane","Eruption","Vigilance","ReachHeaven+1","Consecrate","Halt","Replay:Cycle+1","SandsOfTime+1","FlurryOfBlows","Consecrate","Omniscience","Judgement","Wish+1","FollowUp","Replay:Cycle+1","Halt","Replay:Cycle+1","hubris:DuctTapeCard+2","Wish+1","Creative AI+1","Consecrate","Replay:Sluggish","Omniscience+1","Wish+1"],"relics":["PureWater","testmod-TestBox","testmod-DeterminationOfClimber","hubris:Metronome","ReplayTheSpireMod:Lightbulb","testmod-Hope","Oddly Smooth Stone","Pandora\u0027s Box","MutagenicStrength","Bag of Preparation","Golden Egg","Nloth\u0027s Gift","hubris:DuctTape","hubris:DisguiseKit","Shuriken","hubris:Towel","Replay:Grab Bag","Cursed Key","Runic Dome","testmod-CyclicPeriapt","Chemical X","Blue Candle","MerchantsRug","Replay:Mystery Machine","InkBottle","Nunchaku","testmod-TurbochargingSystem","TungstenRod"],"acts_visited":["Exordium","TheCity","TheBeyond"],"potions_floor_usage":[],"damage_taken":[{"damage":2,"enemies":"Jaw Worm","floor":1,"turns":4},{"damage":0,"enemies":"Small Slimes","floor":2,"turns":1},{"damage":0,"enemies":"Cultist","floor":4,"turns":2},{"damage":0,"enemies":"Blue Slaver","floor":5,"turns":1},{"damage":0,"enemies":"Lagavulin","floor":6,"turns":3},{"damage":0,"enemies":"3 Sentries","floor":11,"turns":3},{"damage":0,"enemies":"Large Slime","floor":13,"turns":1},{"damage":0,"enemies":"Lagavulin","floor":14,"turns":1},{"damage":0,"enemies":"Hexaghost","floor":16,"turns":2},{"damage":0,"enemies":"2 Thieves","floor":18,"turns":1},{"damage":0,"enemies":"Spheric Guardian","floor":20,"turns":1},{"damage":0,"enemies":"Slavers","floor":23,"turns":1},{"damage":0,"enemies":"3 Cultists","floor":27,"turns":2},{"damage":0,"enemies":"Replay:Snechameleon","floor":28,"turns":1},{"damage":0,"enemies":"Shelled Parasite and Fungi","floor":29,"turns":1},{"damage":0,"enemies":"Gremlin Leader","floor":30,"turns":1},{"damage":0,"enemies":"Collector","floor":33,"turns":1},{"damage":0,"enemies":"Orb Walker","floor":35,"turns":1},{"damage":10,"enemies":"3 Shapes","floor":37,"turns":2},{"damage":22,"enemies":"R_Hoarder","floor":40,"turns":3},{"damage":0,"enemies":"3 Darklings","floor":41,"turns":2},{"damage":1,"enemies":"Nemesis","floor":44,"turns":1},{"damage":0,"enemies":"Jaw Worm Horde","floor":47,"turns":1},{"damage":0,"enemies":"Transient","floor":48,"turns":1},{"damage":0,"enemies":"Awakened One","floor":50,"turns":2}],"seed_played":"-8282069538945248272","potions_obtained":[{"floor":2,"key":"BottledMiracle"},{"floor":4,"key":"Death Potion"},{"floor":13,"key":"hexamod:EctoCoolerPotion"}],"is_trial":false,"path_per_floor":["M","M","?","M","M","E","?","R","T","R","E","$","M","E","R","B",null,"M","?","M","$","?","E","?","R","T","M","E","M","E","?","R","B",null,"M","?","M","?","$","E","M","R","T","E","?","$","M","M","R","B",null],"character_chosen":"WATCHER","items_purchased":["testmod-Hope","Bag of Preparation","Blue Candle","MerchantsRug","testmod-TurbochargingSystem","TungstenRod"],"campfire_rested":0,"item_purchase_floors":[12,21,39,39,46,46],"current_hp_per_floor":[63,66,59,64,68,68,57,57,57,57,64,64,68,68,68,68,68,68,68,68,68,68,68,68,68,68,68,68,68,68,68,68,68,68,68,68,61,61,61,51,68,68,68,67,67,67,68,68,68,68],"gold":988,"neow_bonus":"","is_daily":false,"chose_seed":false,"campfire_upgraded":7,"win_rate":0.0,"timestamp":1610028886,"path_taken":["M","M","?","M","M","E","?","R","T","R","E","?","?","E","R","BOSS","M","?","M","$","?","E","?","R","T","?","E","M","E","?","R","BOSS","M","?","M","?","$","E","?","R","T","E","?","$","M","?","R","BOSS"],"items_purchased_type":["Relic","Relic","Relic","Relic","Relic","Relic"],"build_version":"2020-12-22","purchased_purges":3,"victory":true,"max_hp_per_floor":[68,68,68,68,68,68,68,68,68,68,68,68,68,68,68,68,68,68,68,68,68,68,68,68,68,68,68,68,68,68,68,68,68,68,68,68,68,68,68,68,68,68,68,68,68,68,68,68,68,68],"card_choices":[{"not_picked":["WaveOfTheHand","ClearTheMind"],"picked":"ReachHeaven","floor":1},{"not_picked":["Evaluate","FlyingSleeves"],"picked":"Consecrate","floor":2},{"not_picked":["JustLucky","Wireheading"],"picked":"Halt","floor":4},{"not_picked":["SashWhip","FlyingSleeves"],"picked":"Replay:Cycle","floor":5},{"not_picked":["FlurryOfBlows","Replay:Vibes"],"picked":"Vault","floor":6},{"not_picked":["SashWhip","Replay:Battleflow"],"picked":"SandsOfTime","floor":11},{"not_picked":["WaveOfTheHand","CrushJoints"],"picked":"FlurryOfBlows","floor":13},{"not_picked":["Conclude","CarveReality"],"picked":"Consecrate","floor":14},{"not_picked":["MasterReality","Replay:LoomingThreat"],"picked":"Omniscience","floor":16},{"not_picked":["Crescendo","SashWhip"],"picked":"Halt","floor":18},{"not_picked":["Collect","PathToVictory","Wireheading"],"picked":"SKIP","floor":20},{"not_picked":["FlyingSleeves","Replay:BluntJabs"],"picked":"Indignation","floor":23},{"not_picked":["Study","EmptyBody","Judgement"],"picked":"SKIP","floor":27},{"not_picked":["Consecrate","Crescendo"],"picked":"Wish","floor":28},{"not_picked":["Replay:BluntJabs","InnerPeace+1","EmptyFist+1","Conserve Battery"],"picked":"SKIP","floor":29},{"not_picked":["ThirdEye","Prostrate","Wallop","Skim"],"picked":"SKIP","floor":30},{"not_picked":["Replay:LoomingThreat","ConjureBlade","LessonLearned"],"picked":"Creative AI","floor":33},{"not_picked":["EmptyBody","Replay:AllIn","Consecrate","Barrage"],"picked":"SKIP","floor":35},{"not_picked":["Perseverance","EmptyFist","CutThroughFate+1","Barrage"],"picked":"SKIP","floor":37},{"not_picked":["Establishment","Brilliance","ReplayTheSpireMod:Reroute Power"],"picked":"Consecrate","floor":40},{"not_picked":["EmptyFist+1","TalkToTheHand+1","PathToVictory","Streamline"],"picked":"SKIP","floor":41},{"not_picked":["SpiritShield","Replay:Anticipation+1","Fasting2","Auto Shields"],"picked":"SKIP","floor":44},{"not_picked":["Prostrate","Replay:Hum+1","Rip and Tear"],"picked":"Wish","floor":47},{"not_picked":["BattleHymn","FlurryOfBlows","WaveOfTheHand","Ball Lightning"],"picked":"SKIP","floor":48}],"player_experience":476634,"relics_obtained":[{"floor":6,"key":"hubris:Metronome"},{"floor":9,"key":"Replay:Bottled Eggs"},{"floor":11,"key":"ReplayTheSpireMod:Lightbulb"},{"floor":14,"key":"Oddly Smooth Stone"},{"floor":23,"key":"Golden Egg"},{"floor":26,"key":"hubris:DuctTape"},{"floor":28,"key":"hubris:DisguiseKit"},{"floor":30,"key":"Shuriken"},{"floor":40,"key":"Replay:Mystery Machine"},{"floor":43,"key":"InkBottle"},{"floor":44,"key":"Nunchaku"}],"event_choices":[{"cards_removed":["Strike_P"],"damage_healed":0,"gold_gain":0,"player_choice":"Card Removal","damage_taken":7,"max_hp_gain":0,"max_hp_loss":0,"event_name":"Golden Wing","floor":3,"gold_loss":0},{"damage_healed":0,"gold_gain":75,"player_choice":"Gather Gold","damage_taken":11,"max_hp_gain":0,"max_hp_loss":0,"event_name":"World of Goop","floor":7,"gold_loss":0},{"damage_healed":0,"gold_gain":0,"player_choice":"Inject Mutagens","damage_taken":0,"relics_obtained":["MutagenicStrength"],"max_hp_gain":0,"max_hp_loss":0,"event_name":"Drug Dealer","floor":19,"gold_loss":0},{"damage_healed":0,"gold_gain":0,"player_choice":"Read","damage_taken":0,"max_hp_gain":0,"max_hp_loss":0,"event_name":"The Library","floor":22,"gold_loss":0,"cards_obtained":["Replay:Cycle"]},{"damage_healed":0,"gold_gain":0,"player_choice":"Traded Relic","damage_taken":0,"relics_obtained":["Nloth\u0027s Gift"],"max_hp_gain":0,"max_hp_loss":0,"event_name":"N\u0027loth","floor":24,"relics_lost":["Replay:Bottled Eggs"],"gold_loss":0},{"damage_healed":0,"gold_gain":0,"player_choice":"Swap Relic","damage_taken":0,"relics_obtained":["Chemical X"],"max_hp_gain":0,"max_hp_loss":0,"event_name":"给自己的盒子","floor":36,"relics_lost":["hubris:Backtick"],"gold_loss":0},{"damage_healed":0,"gold_gain":0,"player_choice":"0 cards matched","damage_taken":0,"max_hp_gain":0,"max_hp_loss":0,"event_name":"Match and Keep!","floor":38,"gold_loss":0,"cards_obtained":[]},{"damage_healed":0,"gold_gain":0,"player_choice":"Copied","damage_taken":0,"max_hp_gain":0,"max_hp_loss":0,"event_name":"Duplicator","floor":45,"gold_loss":0,"cards_obtained":["Omniscience"]}],"is_beta":false,"boss_relics":[{"not_picked":["Runic Pyramid","hubris:HollowSoul"],"picked":"Pandora\u0027s Box"},{"not_picked":["Tiny House","testmod-Nine"],"picked":"Replay:Grab Bag"},{"not_picked":["hubris:CrackedHourglass","Velvet Choker"],"picked":"Cursed Key"},{"not_picked":["ChewingGum","Busted Crown"],"picked":"Runic Dome"},{"not_picked":["testmod-SaigiyounoYou","Kintsugi"],"picked":"hubris:Backtick"}],"items_purged_floors":[21,39,46],"is_endless":false,"potions_floor_spawned":[2,4,13,16,20,23,30,37],"ascension_level":17}}