{"host":"Ceyx","time":1610009193,"event":{"mods":["BaseMod","Beaked The Cultist","Better Third Choice","BetterRewards","Conspire","Downfall","Hermit","Hubris","Infinite Spire","Lobotomy","Minty Spire (QoL Compilation)","Replay The Spire","Shop Mod","StSLib","The Jungle","The Poker Player"],"gold_per_floor":[116,116,133,133,43,43,43,84,110,163,198,233,270,300,312,448,460,492,518,551,629,691,703,738,791,826,358,376,399,399,399,399,523,523,547,547,244,263,263,276,276,276,276,291,357,377,413,438,438,438],"floor_reached":51,"playtime":3929,"items_purged":[],"score":896,"play_id":"0800e3e7-b87e-44ae-b1b5-d3df8fec4323","local_time":"20210107154633","is_ascension_mode":true,"metric_token":1042,"campfire_choices":[{"floor":6.0,"key":"REST"},{"data":"PokerPlayerMod:TrumpStrike","floor":15.0,"key":"SMITH"},{"data":"PokerPlayerMod:TheDieIsCast","floor":23.0,"key":"SMITH"}],"circlet_count":0,"master_deck":["PokerPlayerMod:Diamond2","PokerPlayerMod:Diamond3","PokerPlayerMod:Diamond4","PokerPlayerMod:Diamond5","PokerPlayerMod:Spade1","PokerPlayerMod:Spade2","PokerPlayerMod:Spade3","PokerPlayerMod:Spade4","PokerPlayerMod:Club1","PokerPlayerMod:Club2","PokerPlayerMod:Heart2","PokerPlayerMod:TrumpStrike+1","PokerPlayerMod:BadJoker","PokerPlayerMod:Mulligan+1","PokerPlayerMod:TheDieIsCast+1","PokerPlayerMod:Diamond10+","PokerPlayerMod:Club8","PokerPlayerMod:Diamond8","PokerPlayerMod:Diamond8","PokerPlayerMod:Diamond4","PokerPlayerMod:Diamond5","PokerPlayerMod:Diamond8","PokerPlayerMod:Diamond5","PokerPlayerMod:MagicTrick","PokerPlayerMod:CardBurn+1","PokerPlayerMod:GamblerForm+1","Pot Of Greed","Pot Of Greed+1","Pot Of Greed","PokerPlayerMod:DiamondStrike","PokerPlayerMod:DiamondStrike","PokerPlayerMod:SpadeStrike","Amnesia","PokerPlayerMod:Club9","PokerPlayerMod:Club9","PokerPlayerMod:Extraction+1","Magnetism","PokerPlayerMod:Heart7","Pot Of Greed","Secret Technique","Sadistic Nature","PanicButton","PokerPlayerMod:Raise+1","infinitespire:Collect","PokerPlayerMod:Spade7","PokerPlayerMod:FakeSymbols","PokerPlayerMod:Configure","PokerPlayerMod:Manipulation","PokerPlayerMod:HiddenCard+1"],"relics":["PokerPlayerMod:DeckCase","hubris:Towel","Golden Idol","conspire:BottledYoYo","MawBank","PokerPlayerMod:ClubPass","Blood Vial","Coffee Dripper","hubris:Reverence","hubris:TenFootPole","Grinning Jar","ReplayTheSpireMod:TigerMarble","Strange Spoon","War Paint","Ring of Peace","conspire:SlowCooker","ReplayTheSpireMod:Lightbulb","conspire:GiftBox","PokerPlayerMod:BottledPoker"],"acts_visited":["Exordium","TheCity","TheBeyond"],"potions_floor_usage":[50,50,50],"damage_taken":[{"damage":13.0,"enemies":"2 Louse","floor":1.0,"turns":2.0},{"damage":9.0,"enemies":"Jaw Worm","floor":3.0,"turns":3.0},{"damage":6.0,"enemies":"conspire:MimicChest","floor":8.0,"turns":3.0},{"damage":3.0,"enemies":"Replay:BlueRogue","floor":10.0,"turns":2.0},{"damage":0.0,"enemies":"Small Slimes","floor":11.0,"turns":2.0},{"damage":8.0,"enemies":"Looter","floor":12.0,"turns":2.0},{"damage":0.0,"enemies":"Exordium Wildlife","floor":14.0,"turns":2.0},{"damage":5.0,"enemies":"Hexaghost","floor":16.0,"turns":5.0},{"damage":0.0,"enemies":"3 Byrds","floor":18.0,"turns":1.0},{"damage":0.0,"enemies":"Chosen","floor":19.0,"turns":1.0},{"damage":19.0,"enemies":"3 Cultists","floor":20.0,"turns":5.0},{"damage":0.0,"enemies":"Shelled Parasite and Fungi","floor":24.0,"turns":1.0},{"damage":3.0,"enemies":"Slavers","floor":25.0,"turns":3.0},{"damage":0.0,"enemies":"Snake Plant","floor":28.0,"turns":2.0},{"damage":0.0,"enemies":"Centurion and Healer","floor":29.0,"turns":2.0},{"damage":7.0,"enemies":"hubris:MusketHawk","floor":33.0,"turns":5.0},{"damage":0.0,"enemies":"3 Shapes","floor":35.0,"turns":1.0},{"damage":0.0,"enemies":"3 Darklings","floor":38.0,"turns":2.0},{"damage":0.0,"enemies":"Transient","floor":40.0,"turns":5.0},{"damage":0.0,"enemies":"4 Shapes","floor":44.0,"turns":2.0},{"damage":8.0,"enemies":"2 Orb Walkers","floor":45.0,"turns":3.0},{"damage":0.0,"enemies":"Sphere and 2 Shapes","floor":46.0,"turns":3.0},{"damage":0.0,"enemies":"Giant Head","floor":47.0,"turns":6.0},{"damage":0.0,"enemies":"Spire Growth","floor":48.0,"turns":3.0},{"damage":6,"enemies":"Awakened One","floor":50,"turns":5}],"seed_played":"4201278128296356082","potions_obtained":[{"floor":3.0,"key":"SteroidPotion"},{"floor":10.0,"key":"SteroidPotion"},{"floor":18.0,"key":"ColorlessPotion"},{"floor":25.0,"key":"Explosive Potion"},{"floor":29.0,"key":"AttackPotion"},{"floor":40.0,"key":"Milkshake"},{"floor":44.0,"key":"Flashbang"}],"is_trial":false,"path_per_floor":["M","?","M","?","$","R","$","?","T","E","M","M","T","M","R","B",null,"M","M","M","?","?","R","M","E","T","$","M","M","?","?","R","B",null,"M","?","$","M","?","M","?","AVR","T","M","?","M","E","M","R","B",null],"character_chosen":"THE_POKER_PLAYER","items_purchased":["PokerPlayerMod:Diamond8","PokerPlayerMod:DiamondStrike","ReplayTheSpireMod:TigerMarble","Strange Spoon","War Paint","Magnetism","PokerPlayerMod:Heart7"],"campfire_rested":1,"item_purchase_floors":[5,27,27,27,27,37,37],"current_hp_per_floor":[39,39,32,19,19,34,34,30,30,27,31,23,23,31,31,28,52,52,52,36,16,16,16,18,20,20,20,22,24,41,41,41,36,52,52,52,52,52,47,49,49,49,49,49,49,49,49,49,49,43],"gold":438,"neow_bonus":"ONE_RANDOM_RARE_CARD","is_daily":false,"chose_seed":false,"campfire_upgraded":2,"win_rate":0.0,"timestamp":1610009193,"path_taken":["M","?","M","?","$","R","?","?","T","E","M","M","?","?","R","BOSS","M","M","M","?","?","R","?","E","T","?","M","?","?","?","R","BOSS","M","?","$","?","?","M","?","AVR","T","M","?","?","E","M","R","BOSS"],"items_purchased_type":["Card","Card","Relic","Relic","Relic","Card","Card"],"build_version":"2020-12-18","purchased_purges":0,"victory":true,"max_hp_per_floor":[52,52,52,52,52,52,52,52,52,52,52,52,52,52,52,52,52,52,52,52,52,52,52,52,52,52,52,52,52,52,52,52,52,52,52,52,52,52,52,52,49,49,49,49,49,49,49,49,49,49],"card_choices":[{"not_picked":["PokerPlayerMod:Raise","PokerPlayerMod:SpadeStrike"],"picked":"PokerPlayerMod:Diamond10+","floor":1.0},{"not_picked":["PokerPlayerMod:Spade2","PokerPlayerMod:Spade3"],"picked":"PokerPlayerMod:Club8","floor":3.0},{"not_picked":["PokerPlayerMod:HotShotCut","PokerPlayerMod:HiddenCard"],"picked":"PokerPlayerMod:Diamond4","floor":10.0},{"not_picked":["PokerPlayerMod:DartThrow","PokerPlayerMod:DamnStraight","PokerPlayerMod:Spade2"],"picked":"SKIP","floor":11.0},{"not_picked":["PokerPlayerMod:Diamond3","PokerPlayerMod:Spade7"],"picked":"PokerPlayerMod:Diamond5","floor":12.0},{"not_picked":["PokerPlayerMod:Club2","PokerPlayerMod:Trickery","PokerPlayerMod:Diamond4"],"picked":"SKIP","floor":14.0},{"not_picked":["PokerPlayerMod:StackedDeck","PokerPlayerMod:Heart10+"],"picked":"PokerPlayerMod:Diamond8","floor":16.0},{"not_picked":["PokerPlayerMod:ClubStrike","PokerPlayerMod:Heart4"],"picked":"PokerPlayerMod:Diamond5","floor":18.0},{"not_picked":["PokerPlayerMod:Sharpen+1","PokerPlayerMod:HeartStrike","PokerPlayerMod:Diamond3"],"picked":"SKIP","floor":19.0},{"not_picked":["PokerPlayerMod:Sharpen","PokerPlayerMod:Harden+1","PokerPlayerMod:JackOfSpades"],"picked":"SKIP","floor":20.0},{"not_picked":["PokerPlayerMod:Club4","PokerPlayerMod:ClubsClub"],"picked":"PokerPlayerMod:MagicTrick","floor":21.0},{"not_picked":["PokerPlayerMod:Diamond4","PokerPlayerMod:Fold"],"picked":"PokerPlayerMod:CardBurn+1","floor":24.0},{"not_picked":["PokerPlayerMod:TheDieIsCast","PokerPlayerMod:Diamond1"],"picked":"PokerPlayerMod:GamblerForm","floor":25.0},{"not_picked":["PokerPlayerMod:Spade4","PokerPlayerMod:Trickery"],"picked":"PokerPlayerMod:SpadeStrike","floor":28.0},{"not_picked":["PokerPlayerMod:SecondChance","PokerPlayerMod:ClubsClub+1","PokerPlayerMod:Club2"],"picked":"SKIP","floor":29.0},{"not_picked":["PokerPlayerMod:ItsShowtime","PokerPlayerMod:Club7"],"picked":"PokerPlayerMod:Club9","floor":33.0},{"not_picked":["PokerPlayerMod:DamnStraight+1","PokerPlayerMod:Diamond1"],"picked":"PokerPlayerMod:Extraction+1","floor":35.0},{"not_picked":["PokerPlayerMod:DartThrow","PokerPlayerMod:Fold+1","PokerPlayerMod:Trickery"],"picked":"SKIP","floor":38.0},{"not_picked":["Replay:SS_fish_1","expansioncontent:PrepareCrush"],"picked":"Secret Technique","floor":39.0},{"not_picked":["Replay:SS_fish_2","Replay:SS_forest_6"],"picked":"Sadistic Nature","floor":39.0},{"not_picked":["expansioncontent:AwakenDeath","expansioncontent:FaceSlap"],"picked":"PanicButton","floor":39.0},{"not_picked":["PokerPlayerMod:ClubStrike","PokerPlayerMod:DartThrow"],"picked":"PokerPlayerMod:Raise+1","floor":40.0},{"not_picked":["PokerPlayerMod:DartThrow+1","PokerPlayerMod:Trickery"],"picked":"PokerPlayerMod:Spade7","floor":44.0},{"not_picked":["PokerPlayerMod:WasteCollection","PokerPlayerMod:ChangeRules"],"picked":"PokerPlayerMod:FakeSymbols","floor":45.0},{"not_picked":["PokerPlayerMod:Spade1","PokerPlayerMod:Club1"],"picked":"PokerPlayerMod:Configure","floor":45.0},{"not_picked":["PokerPlayerMod:Raise","PokerPlayerMod:Diamond4","PokerPlayerMod:Spade3"],"picked":"SKIP","floor":46.0},{"not_picked":["PokerPlayerMod:Fold","PokerPlayerMod:SpadeStrike+1"],"picked":"PokerPlayerMod:Manipulation","floor":47.0},{"not_picked":["PokerPlayerMod:Diamond3","PokerPlayerMod:Diamond2"],"picked":"PokerPlayerMod:HiddenCard+1","floor":48.0}],"player_experience":548983,"relics_obtained":[{"floor":8.0,"key":"conspire:BottledYoYo"},{"floor":9.0,"key":"MawBank"},{"floor":10.0,"key":"PokerPlayerMod:ClubPass"},{"floor":13.0,"key":"Blood Vial"},{"floor":21.0,"key":"hubris:Reverence"},{"floor":25.0,"key":"hubris:TenFootPole"},{"floor":26.0,"key":"Grinning Jar"},{"floor":31.0,"key":"Ring of Peace"},{"floor":43.0,"key":"ReplayTheSpireMod:Lightbulb"},{"floor":45.0,"key":"conspire:GiftBox"},{"floor":47.0,"key":"PokerPlayerMod:BottledPoker"}],"event_choices":[{"damage_healed":0.0,"max_hp_gain":0.0,"max_hp_loss":0.0,"gold_gain":0.0,"event_name":"Golden Idol","player_choice":"Take Damage","floor":4.0,"gold_loss":0.0,"damage_taken":13.0,"relics_obtained":["Golden Idol"]},{"damage_healed":0.0,"max_hp_gain":0.0,"max_hp_loss":0.0,"gold_gain":100.0,"event_name":"The Joust","player_choice":"Bet on Murderer","floor":22.0,"gold_loss":50.0,"damage_taken":0.0},{"damage_healed":17.0,"max_hp_gain":0.0,"max_hp_loss":0.0,"gold_gain":0.0,"event_name":"The Library","player_choice":"Heal","floor":30.0,"gold_loss":0.0,"damage_taken":0.0},{"damage_healed":0.0,"max_hp_gain":0.0,"max_hp_loss":0.0,"gold_gain":0.0,"event_name":"Upgrade Shrine","player_choice":"Upgraded","floor":36.0,"gold_loss":0.0,"damage_taken":0.0,"cards_upgraded":["PokerPlayerMod:GamblerForm"]},{"damage_healed":0.0,"max_hp_gain":0.0,"max_hp_loss":0.0,"gold_gain":0.0,"event_name":"SensoryStone","player_choice":"Memory 3","floor":39.0,"gold_loss":0.0,"damage_taken":10.0},{"damage_healed":0.0,"max_hp_gain":0.0,"max_hp_loss":3.0,"gold_gain":0.0,"event_name":"Winding Halls","player_choice":"Max HP","floor":41.0,"gold_loss":0.0,"damage_taken":0.0},{"damage_healed":0.0,"max_hp_gain":0.0,"max_hp_loss":0.0,"gold_gain":0.0,"event_name":"Mysterious Sphere","player_choice":"Fight","floor":45.0,"gold_loss":0.0,"damage_taken":0.0}],"is_beta":true,"boss_relics":[{"not_picked":["Runic Dome","Replay:Bronze Core"],"picked":"Coffee Dripper"},{"not_picked":["ChewingGum","conspire:RunicOctahedron"],"picked":"conspire:SlowCooker"}],"items_purged_floors":[],"is_endless":false,"potions_floor_spawned":[3,10,18,25,29,33,40,44],"ascension_level":2}}