{"host":"w3x3n9s6mrz4xpf0","time":1610002060,"event":{"mods":["BaseMod","Minty Spire (QoL Compilation)","StSLib","SuperFastMode"],"gold_per_floor":[113,130,130,55,66,100,100,131,131,164,183,200,220,220,220,298,298,313,48,65,82,95,145,145,158,210,210,85,120,120,120,120,194,244,260,260,260,276,296,296,296],"floor_reached":40,"playtime":1862,"items_purged":["Normality","Predator","Strike_G"],"score":1056,"play_id":"625eb70f-0920-4679-944b-d96284c1c80f","local_time":"20210107154740","is_ascension_mode":true,"campfire_choices":[{"data":"Apotheosis","floor":7.0,"key":"SMITH"},{"floor":15.0,"key":"REST"},{"data":"Noxious Fumes","floor":27.0,"key":"SMITH"},{"floor":30.0,"key":"REST"},{"floor":32.0,"key":"REST"}],"circlet_count":0,"master_deck":["AscendersBane","Strike_G","Strike_G","Defend_G","Defend_G","Defend_G","Defend_G","Defend_G","Survivor+1","Neutralize","Apotheosis+1","Acrobatics","Corpse Explosion","Blade Dance","Phantasmal Killer+1","Backflip","Bouncing Flask","Burst","Noxious Fumes+1","Escape Plan","Heel Hook+1","Envenom","Finesse","Sadistic Nature","Madness","Madness","Crippling Poison"],"relics":["Ring of the Serpent","Potion Belt","Pocketwatch","Molten Egg 2","HornCleat","Sundial","Medical Kit","Nunchaku","Tiny House"],"acts_visited":["Exordium","TheCity","TheBeyond"],"potions_floor_usage":[39],"damage_taken":[{"damage":8.0,"enemies":"2 Louse","floor":1.0,"turns":4.0},{"damage":0.0,"enemies":"Cultist","floor":2.0,"turns":4.0},{"damage":0.0,"enemies":"Small Slimes","floor":5.0,"turns":4.0},{"damage":13.0,"enemies":"3 Sentries","floor":6.0,"turns":4.0},{"damage":24.0,"enemies":"Gremlin Nob","floor":8.0,"turns":4.0},{"damage":0.0,"enemies":"3 Sentries","floor":10.0,"turns":3.0},{"damage":1.0,"enemies":"Gremlin Gang","floor":11.0,"turns":4.0},{"damage":0.0,"enemies":"Looter","floor":12.0,"turns":4.0},{"damage":0.0,"enemies":"Exordium Wildlife","floor":13.0,"turns":3.0},{"damage":8.0,"enemies":"Hexaghost","floor":16.0,"turns":8.0},{"damage":0.0,"enemies":"3 Byrds","floor":18.0,"turns":4.0},{"damage":0.0,"enemies":"Shell Parasite","floor":20.0,"turns":8.0},{"damage":16.0,"enemies":"Snake Plant","floor":21.0,"turns":6.0},{"damage":7.0,"enemies":"Centurion and Healer","floor":22.0,"turns":4.0},{"damage":0.0,"enemies":"Snecko","floor":25.0,"turns":5.0},{"damage":29.0,"enemies":"Book of Stabbing","floor":29.0,"turns":6.0},{"damage":0.0,"enemies":"Champ","floor":33.0,"turns":9.0},{"damage":5.0,"enemies":"Orb Walker","floor":35.0,"turns":5.0},{"damage":0.0,"enemies":"3 Darklings","floor":38.0,"turns":4.0},{"damage":5,"enemies":"Transient","floor":39,"turns":6},{"damage":51,"enemies":"Nemesis","floor":40,"turns":3}],"seed_played":"-126023475788543262","potions_obtained":[{"floor":2.0,"key":"Swift Potion"},{"floor":10.0,"key":"Swift Potion"},{"floor":11.0,"key":"AttackPotion"},{"floor":12.0,"key":"Energy Potion"},{"floor":20.0,"key":"PowerPotion"},{"floor":25.0,"key":"Strength Potion"},{"floor":34.0,"key":"GhostInAJar"},{"floor":35.0,"key":"Explosive Potion"}],"is_trial":false,"path_per_floor":["M","M","?","$","M","E","R","E","T","E","M","M","M","?","R","B",null,"M","$","M","M","M","?","?","M","T","R","$","E","R","?","R","B",null,"M","?","?","M","M","E"],"character_chosen":"THE_SILENT","items_purchased":["Medical Kit"],"campfire_rested":3,"item_purchase_floors":[19],"current_hp_per_floor":[51,51,46,46,46,33,33,9,9,9,8,8,8,8,27,19,54,54,54,54,38,31,31,31,31,31,31,31,2,21,34,53,53,68,63,53,53,53,48,0,0],"gold":296,"neow_bonus":"RANDOM_COLORLESS_2","is_daily":false,"chose_seed":false,"campfire_upgraded":2,"win_rate":0.0,"timestamp":1610002060,"path_taken":["M","M","?","$","M","E","R","E","T","E","M","M","M","?","R","BOSS","M","$","?","M","M","?","?","M","T","R","$","E","R","?","R","BOSS","M","?","?","M","?","E"],"items_purchased_type":["Relic"],"build_version":"2020-12-22","purchased_purges":3,"victory":false,"max_hp_per_floor":[66,66,66,66,66,66,66,66,66,66,66,66,66,66,66,66,66,66,66,66,66,66,66,66,66,66,66,66,66,66,66,66,66,71,71,71,71,71,71,71,71],"card_choices":[{"not_picked":["Transmutation","Thinking Ahead"],"picked":"Apotheosis","floor":0.0},{"not_picked":["Flechettes","Slice"],"picked":"Predator","floor":1.0},{"not_picked":["Concentrate","Underhanded Strike"],"picked":"Acrobatics","floor":2.0},{"not_picked":["Escape Plan","Caltrops"],"picked":"Corpse Explosion","floor":5.0},{"not_picked":["Setup","Bullet Time"],"picked":"Blade Dance","floor":6.0},{"not_picked":["Blade Dance","Cloak And Dagger"],"picked":"Phantasmal Killer","floor":8.0},{"not_picked":["PiercingWail","Deflect","Distraction"],"picked":"SKIP","floor":10.0},{"not_picked":["PiercingWail","Sucker Punch+1"],"picked":"Backflip","floor":11.0},{"not_picked":["Acrobatics","PiercingWail"],"picked":"Bouncing Flask","floor":12.0},{"not_picked":["Deadly Poison","Riddle With Holes+1","Outmaneuver"],"picked":"SKIP","floor":13.0},{"not_picked":["Adrenaline","After Image"],"picked":"Burst","floor":16.0},{"not_picked":["Distraction","Heel Hook+1","Outmaneuver"],"picked":"SKIP","floor":18.0},{"not_picked":["Bane+1","Poisoned Stab+1"],"picked":"Noxious Fumes","floor":20.0},{"not_picked":["Masterful Stab+1","Well Laid Plans","Accuracy"],"picked":"SKIP","floor":21.0},{"not_picked":["Underhanded Strike+1","Outmaneuver","Eviscerate+1"],"picked":"SKIP","floor":22.0},{"not_picked":["Choke+1","Masterful Stab+1","Cloak And Dagger+1"],"picked":"SKIP","floor":25.0},{"not_picked":["Outmaneuver","Noxious Fumes","Expertise"],"picked":"SKIP","floor":29.0},{"not_picked":["After Image","Tools of the Trade"],"picked":"Envenom","floor":33.0},{"not_picked":["Skewer+1","Bane+1","Setup"],"picked":"SKIP","floor":35.0},{"not_picked":["Thinking Ahead","Impatience"],"picked":"Finesse","floor":36.0},{"not_picked":["Impatience","Mind Blast+1"],"picked":"Sadistic Nature","floor":36.0},{"not_picked":["Discovery","Forethought"],"picked":"Madness","floor":36.0},{"not_picked":["Escape Plan","Finisher+1","Quick Slash+1"],"picked":"SKIP","floor":38.0},{"not_picked":["Quick Slash+1","Predator+1"],"picked":"Crippling Poison","floor":39}],"player_experience":113319,"relics_obtained":[{"floor":6.0,"key":"Pocketwatch"},{"floor":8.0,"key":"Molten Egg 2"},{"floor":9.0,"key":"HornCleat"},{"floor":10.0,"key":"Sundial"},{"floor":29.0,"key":"Nunchaku"}],"event_choices":[{"damage_healed":0.0,"max_hp_gain":0.0,"max_hp_loss":0.0,"gold_gain":0.0,"event_name":"Scrap Ooze","player_choice":"Success","floor":3.0,"gold_loss":0.0,"damage_taken":5.0,"relics_obtained":["Potion Belt"]},{"damage_healed":0.0,"max_hp_gain":0.0,"max_hp_loss":0.0,"gold_gain":0.0,"event_name":"Accursed Blacksmith","player_choice":"Forge","floor":14.0,"gold_loss":0.0,"damage_taken":0.0,"cards_upgraded":["Phantasmal Killer"]},{"damage_healed":0.0,"max_hp_gain":0.0,"max_hp_loss":0.0,"gold_gain":50.0,"event_name":"Nest","player_choice":"Stole From Cult","floor":23.0,"gold_loss":0.0,"damage_taken":0.0},{"damage_healed":0.0,"max_hp_gain":0.0,"max_hp_loss":0.0,"gold_gain":0.0,"cards_transformed":["Strike_G","Strike_G"],"event_name":"Drug Dealer","player_choice":"Became Test Subject","floor":24.0,"gold_loss":0.0,"damage_taken":0.0,"cards_obtained":["Escape Plan","Heel Hook"]},{"damage_healed":13.0,"max_hp_gain":0.0,"max_hp_loss":0.0,"gold_gain":0.0,"event_name":"The Library","player_choice":"Heal","floor":31.0,"gold_loss":0.0,"damage_taken":0.0},{"damage_healed":0.0,"max_hp_gain":0.0,"max_hp_loss":0.0,"gold_gain":0.0,"event_name":"SensoryStone","player_choice":"Memory 3","floor":36.0,"gold_loss":0.0,"damage_taken":10.0},{"damage_healed":0.0,"max_hp_gain":0.0,"max_hp_loss":0.0,"gold_gain":0.0,"event_name":"Duplicator","player_choice":"Copied","floor":37.0,"gold_loss":0.0,"damage_taken":0.0,"cards_obtained":["Madness"]}],"is_beta":false,"boss_relics":[{"not_picked":["Ectoplasm","Coffee Dripper"],"picked":"Ring of the Serpent"},{"not_picked":["Runic Pyramid","Velvet Choker"],"picked":"Tiny House"}],"items_purged_floors":[4,19,28],"is_endless":false,"potions_floor_spawned":[2,10,11,12,20,25,35],"killed_by":"Nemesis","ascension_level":20}}