{"host":"k4et7hlhlqy8fuoz","time":1610028637,"event":{"mods":["2.2 Compatiblity","AchievementEnabler","BaseMod","Colored Map","DeckTracker","Highlight Path","Minty Spire (QoL Compilation)","Random Character Button","Rare Cards Sparkle"],"gold_per_floor":[213,288,308,483,498,498,521,521,521,536,52,82,102,117,117,220,220,230,230,220,236,60,60,74,74,74,50,70,70,70],"floor_reached":29,"playtime":4063,"items_purged":["Doubt"],"score":217,"play_id":"96db399c-62db-4160-ab17-18f0841ad4c7","local_time":"20210107151037","is_ascension_mode":false,"campfire_choices":[{"data":"Carnage","floor":6,"key":"SMITH"},{"data":"Flame Barrier","floor":8,"key":"SMITH"},{"floor":15,"key":"REST"},{"floor":23,"key":"REST"},{"floor":25,"key":"REST"}],"circlet_count":0,"master_deck":["Strike_R","Strike_R","Strike_R","Strike_R","Strike_R","Defend_R","Defend_R","Defend_R","Defend_R","Bash","Flame Barrier+1","Wild Strike","Carnage+1","Shrug It Off","Perfected Strike","Warcry","Spot Weakness","Iron Wave","Burning Pact","Sword Boomerang+1","Shrug It Off","Inflame","Warcry","Infernal Blade","Shrug It Off","Burning Pact"],"relics":["Burning Blood","Odd Mushroom","Bag of Preparation","StoneCalendar","Happy Flower","Sundial"],"acts_visited":["Exordium","TheCity"],"potions_floor_usage":[16,28,29],"damage_taken":[{"damage":9,"enemies":"Jaw Worm","floor":1,"turns":6},{"damage":0,"enemies":"Small Slimes","floor":3,"turns":4},{"damage":0,"enemies":"Cultist","floor":5,"turns":4},{"damage":24,"enemies":"The Mushroom Lair","floor":7,"turns":5},{"damage":11,"enemies":"Exordium Thugs","floor":10,"turns":4},{"damage":8,"enemies":"2 Fungi Beasts","floor":13,"turns":3},{"damage":5,"enemies":"Red Slaver","floor":14,"turns":2},{"damage":46,"enemies":"Hexaghost","floor":16,"turns":8},{"damage":0,"enemies":"Chosen","floor":18,"turns":6},{"damage":20,"enemies":"2 Thieves","floor":20,"turns":4},{"damage":55,"enemies":"Chosen and Byrds","floor":21,"turns":7},{"damage":41,"enemies":"Centurion and Healer","floor":24,"turns":6},{"damage":38,"enemies":"Sentry and Sphere","floor":28,"turns":13},{"damage":37,"enemies":"Chosen and Byrds","floor":29,"turns":6}],"seed_played":"-5497942025960648644","potions_obtained":[{"floor":1,"key":"SteroidPotion"},{"floor":3,"key":"DuplicationPotion"},{"floor":7,"key":"LiquidBronze"},{"floor":20,"key":"Explosive Potion"}],"is_trial":false,"path_per_floor":["M","?","M","?","M","R","?","R","T","M","$","?","M","M","R","B",null,"M","?","M","M","$","R","M","R","T","$","M","M"],"character_chosen":"IRONCLAD","items_purchased":["StoneCalendar","Happy Flower","Warcry","Inflame","Warcry","Shrug It Off"],"campfire_rested":3,"item_purchase_floors":[11,11,11,22,22,27],"current_hp_per_floor":[77,66,72,72,78,78,60,60,60,55,55,55,53,54,78,38,80,80,90,76,27,27,54,19,46,46,46,14,0,0],"gold":70,"neow_bonus":"HUNDRED_GOLD","is_daily":false,"chose_seed":false,"campfire_upgraded":2,"win_rate":0.0,"timestamp":1610028637,"path_taken":["M","?","M","?","?","R","?","R","T","M","$","?","M","M","R","BOSS","M","?","M","M","?","R","M","R","T","$","M","?"],"items_purchased_type":["Relic","Relic","Card","Card","Card","Card"],"build_version":"2020-12-22","purchased_purges":1,"victory":false,"max_hp_per_floor":[80,80,80,80,80,80,80,80,80,80,80,80,80,80,80,80,80,80,90,90,90,90,90,90,90,90,90,90,90,90],"card_choices":[{"not_picked":["Shockwave","Clothesline"],"picked":"Flame Barrier","floor":1},{"not_picked":["Warcry","Armaments"],"picked":"Wild Strike","floor":3},{"not_picked":["Thunderclap","Brutality"],"picked":"Carnage","floor":5},{"not_picked":["Pommel Strike","Thunderclap"],"picked":"Shrug It Off","floor":7},{"not_picked":["Power Through","Sword Boomerang"],"picked":"Perfected Strike","floor":10},{"not_picked":["Heavy Blade","Dual Wield"],"picked":"Spot Weakness","floor":13},{"not_picked":["Fire Breathing","Pommel Strike"],"picked":"Iron Wave","floor":14},{"not_picked":["Offering","Brutality"],"picked":"Reaper","floor":16},{"not_picked":["Thunderclap","Flex"],"picked":"Burning Pact","floor":18},{"not_picked":["Shrug It Off","Thunderclap"],"picked":"Sword Boomerang+1","floor":20},{"not_picked":["Spot Weakness+1","Fire Breathing"],"picked":"Shrug It Off","floor":21},{"not_picked":["Thunderclap","Bludgeon"],"picked":"Infernal Blade","floor":24},{"not_picked":["Reckless Charge","Wild Strike"],"picked":"Burning Pact","floor":28}],"player_experience":88027,"relics_obtained":[{"floor":7,"key":"Odd Mushroom"},{"floor":9,"key":"Bag of Preparation"},{"floor":26,"key":"Sundial"}],"event_choices":[{"damage_healed":0,"gold_gain":75,"player_choice":"Gather Gold","damage_taken":11,"max_hp_gain":0,"max_hp_loss":0,"event_name":"World of Goop","floor":2,"gold_loss":0},{"damage_healed":0,"gold_gain":175,"player_choice":"AGREE","damage_taken":0,"max_hp_gain":0,"max_hp_loss":0,"event_name":"Liars Game","floor":4,"gold_loss":0,"cards_obtained":["Doubt"]},{"damage_healed":0,"gold_gain":0,"player_choice":"Fought Mushrooms","damage_taken":0,"max_hp_gain":0,"max_hp_loss":0,"event_name":"Mushrooms","floor":7,"gold_loss":0},{"damage_healed":0,"gold_gain":30,"player_choice":"Searched \u00272\u0027 times","damage_taken":0,"max_hp_gain":0,"max_hp_loss":0,"event_name":"Dead Adventurer","floor":12,"gold_loss":0},{"cards_removed":["Reaper"],"damage_healed":0,"gold_gain":0,"player_choice":"Offered Rare","damage_taken":0,"max_hp_gain":10,"max_hp_loss":0,"event_name":"Bonfire Elementals","floor":19,"gold_loss":0}],"is_beta":false,"boss_relics":[{"not_picked":["Ectoplasm","Busted Crown","Empty Cage"]}],"items_purged_floors":[22],"is_endless":false,"potions_floor_spawned":[1,3,7,10,20,21],"killed_by":"Chosen and Byrds","ascension_level":0}}