{"host":"udyc8f81k2jocuhg","time":1610046944,"event":{"mods":["2.2 Compatiblity","BaseMod","Better Third Choice","Colored Powertips","Conspire","Custom Start","GifTheSpireLib","Hermit","Minty Spire (QoL Compilation)","Permanent Neow","Quick Restart","Relic Filter","Relic Stats","Replay The Spire","Shop Mod","Spikes Relics","StSLib","Stuff the Spire"],"gold_per_floor":[117,132,307,383,383,383,411,182,229,267,542,547,547],"floor_reached":12,"playtime":527,"items_purged":["Replay:Hysterical Blindness"],"score":92,"play_id":"3572a5e5-5667-4d8c-82a6-505c133d8bda","local_time":"20210107201544","is_ascension_mode":true,"campfire_choices":[{"data":"hermit:Snapshot","floor":6.0,"key":"SMITH"}],"circlet_count":0,"master_deck":["hermit:Strike_Hermit","hermit:Strike_Hermit","hermit:Strike_Hermit","hermit:Strike_Hermit","hermit:Defend_Hermit","hermit:Defend_Hermit","hermit:Defend_Hermit","hermit:Defend_Hermit","hermit:Snapshot+1","hermit:Covet","Doubt","hermit:FlashPowder+1","hermit:Scavenge","hermit:Reprieve","hermit:TakeAim","hermit:TakeAim","hermit:Ricochet","Regret"],"relics":["hermit:Momento","Ice Cream","Replay:Rubber Ducky","Orrery","Blue Candle"],"acts_visited":["Exordium"],"potions_floor_usage":[10,10],"damage_taken":[{"damage":7.0,"enemies":"Jaw Worm","floor":1.0,"turns":3.0},{"damage":0.0,"enemies":"Small Slimes","floor":2.0,"turns":3.0},{"damage":19.0,"enemies":"3 Sentries","floor":7.0,"turns":9.0},{"damage":37,"enemies":"Gremlin Nob","floor":10,"turns":5},{"damage":12,"enemies":"Lagavulin","floor":12,"turns":7}],"seed_played":"-5801469155231394623","potions_obtained":[{"floor":1.0,"key":"SteroidPotion"},{"floor":7.0,"key":"AttackPotion"}],"is_trial":false,"path_per_floor":["M","M","?","?","?","R","E","$","T","E","?","E"],"character_chosen":"HERMIT","items_purchased":["Orrery"],"campfire_rested":0,"item_purchase_floors":[8],"current_hp_per_floor":[68,68,68,68,68,68,49,49,49,12,12,0,0],"gold":547,"neow_bonus":"ONE_RARE_RELIC","is_daily":false,"chose_seed":false,"campfire_upgraded":1,"win_rate":0.0,"timestamp":1610046944,"path_taken":["M","M","?","?","?","R","E","$","T","E","?","E"],"items_purchased_type":["Relic"],"build_version":"2020-12-22","purchased_purges":1,"victory":false,"max_hp_per_floor":[75,75,75,75,75,75,75,75,75,75,75,75,75],"relic_stats":{"counters":[5,27],"Blue Candle":[0],"obtain_stats":[{"Ice Cream":0,"Blue Candle":10,"Orrery":8,"hermit:Momento":0,"Replay:Rubber Ducky":7},{"Ice Cream":0,"Blue Candle":4,"Orrery":3,"hermit:Momento":0,"Replay:Rubber Ducky":3},{"Ice Cream":0,"Blue Candle":20,"Orrery":15,"hermit:Momento":0,"Replay:Rubber Ducky":15}]},"card_choices":[{"not_picked":["hermit:Coalescence","hermit:Manifest","hermit:Spite"],"picked":"SKIP","floor":1.0},{"not_picked":["hermit:Manifest","hermit:HoleUp"],"picked":"hermit:TrackingShot","floor":2.0},{"not_picked":["hermit:HoleUp","hermit:Deadeye"],"picked":"hermit:Scavenge","floor":7.0},{"not_picked":["hermit:LowProfile","hermit:Shortfuse"],"picked":"hermit:Reprieve","floor":8.0},{"not_picked":["hermit:Snipe","hermit:Coalescence"],"picked":"hermit:TakeAim","floor":8.0},{"not_picked":["hermit:Quickdraw","hermit:Snipe"],"picked":"hermit:TakeAim","floor":8.0},{"not_picked":["hermit:Combo","hermit:TakeCover"],"picked":"hermit:Ricochet","floor":10}],"player_experience":1957259,"relics_obtained":[{"floor":7.0,"key":"Replay:Rubber Ducky"},{"floor":10,"key":"Blue Candle"}],"event_choices":[{"damage_healed":0.0,"max_hp_gain":0.0,"max_hp_loss":0.0,"gold_gain":175.0,"event_name":"betterThird:BetterSerpent","player_choice":"AGREE","floor":3.0,"gold_loss":0.0,"damage_taken":132.0},{"damage_healed":0.0,"max_hp_gain":0.0,"max_hp_loss":0.0,"gold_gain":76.0,"event_name":"Golden Wing","player_choice":"Gained Gold","floor":4.0,"gold_loss":0.0,"damage_taken":0.0},{"damage_healed":0,"gold_gain":275,"player_choice":"Desecrate","damage_taken":0,"max_hp_gain":0,"max_hp_loss":0,"event_name":"Golden Shrine","floor":11,"gold_loss":0,"cards_obtained":["Regret"]}],"is_beta":false,"boss_relics":[],"items_purged_floors":[8],"is_endless":false,"potions_floor_spawned":[1,7],"killed_by":"Lagavulin","ascension_level":2}}