{"host":"chv1qanoipyt46jc","time":1610036675,"event":{"mods":["2.2 Compatiblity","AchievementEnabler","Bartender","BaseMod","BetterRewards","CapriCore","Card Filter","Evolution","Gold Saver","Grow up Mod","Minty Spire (QoL Compilation)","Rare Cards Sparkle","Relic Filter","Remove Card Discount Mod","Reorder Act Four","StSLib"],"gold_per_floor":[821,832,847,843,843,843,853,882,953,966,977,1001,1001,1011,1011,1108,1108,1124,959,959,976,995,995,1009,1020,1020,1033,1066,1086,1103,1122,1122,1225,1225,1237,1252,1252,1268,1268,1297,1297,1312,1362,1375,1392,1402,1413,1423,1423,1423,1423,1423,1423,1453,1453],"floor_reached":56,"playtime":1051,"items_purged":["Defend_Bartender","Defend_Bartender","Defend_Bartender","Defend_Bartender","Somersault","Stick_and_Move","Pony_Shot","Stick_and_Move","Stick_and_Move","Power_Up_Punch","Power_Up_Punch"],"score":1690,"play_id":"b4080597-0f3f-415b-868d-fe3cda1c5e46","local_time":"20210107102435","is_ascension_mode":false,"campfire_choices":[{"data":"Dolphin_Blow","floor":6,"key":"SMITH"},{"data":"Bitters","floor":13,"key":"SMITH"},{"floor":15,"key":"RECALL"},{"data":"Bitters","floor":23,"key":"SMITH"},{"floor":32,"key":"REST"},{"data":"Madness","floor":41,"key":"SMITH"},{"floor":49,"key":"REST"},{"floor":53,"key":"REST"}],"circlet_count":0,"master_deck":["Dolphin_Blow+1","Bitters+1","Bitters+1","Dolphin_Blow+1","Madness+1","Madness+1"],"relics":["Sneakers","EVO:Axolotl","Medical Kit","Strawberry","Bag of Marbles","Sozu","DollysMirror","Frozen Egg 2","Dream Catcher","Black Star","FossilizedHelix","Gremlin Horn","Omamori","Vajra","Akabeko"],"acts_visited":["Exordium","TheCity","TheBeyond","TheEnding"],"potions_floor_usage":[55],"damage_taken":[{"damage":6,"enemies":"Cultist","floor":1,"turns":3},{"damage":7,"enemies":"2 Louse","floor":2,"turns":2},{"damage":11,"enemies":"Jaw Worm","floor":3,"turns":2},{"damage":11,"enemies":"Exordium Wildlife","floor":7,"turns":2},{"damage":18,"enemies":"Lagavulin","floor":8,"turns":3},{"damage":13,"enemies":"3 Louse","floor":10,"turns":2},{"damage":20,"enemies":"Exordium Thugs","floor":11,"turns":2},{"damage":0,"enemies":"Red Slaver","floor":14,"turns":1},{"damage":60,"enemies":"Hexaghost","floor":16,"turns":3},{"damage":0,"enemies":"Spheric Guardian","floor":18,"turns":1},{"damage":0,"enemies":"Shell Parasite","floor":21,"turns":1},{"damage":0,"enemies":"Chosen and Byrds","floor":22,"turns":1},{"damage":0,"enemies":"Centurion and Healer","floor":24,"turns":1},{"damage":0,"enemies":"Snake Plant","floor":25,"turns":1},{"damage":0,"enemies":"Chosen and Byrds","floor":27,"turns":1},{"damage":0,"enemies":"Slavers","floor":28,"turns":1},{"damage":0,"enemies":"Sentry and Sphere","floor":29,"turns":1},{"damage":0,"enemies":"Snecko","floor":30,"turns":1},{"damage":0,"enemies":"3 Cultists","floor":31,"turns":1},{"damage":0,"enemies":"Champ","floor":33,"turns":2},{"damage":0,"enemies":"3 Darklings","floor":35,"turns":1},{"damage":0,"enemies":"Orb Walker","floor":36,"turns":1},{"damage":0,"enemies":"Transient","floor":38,"turns":1},{"damage":0,"enemies":"Nemesis","floor":40,"turns":1},{"damage":0,"enemies":"Sphere and 2 Shapes","floor":42,"turns":1},{"damage":0,"enemies":"Writhing Mass","floor":44,"turns":1},{"damage":0,"enemies":"Maw","floor":45,"turns":1},{"damage":0,"enemies":"3 Darklings","floor":46,"turns":1},{"damage":0,"enemies":"Sphere and 2 Shapes","floor":47,"turns":1},{"damage":0,"enemies":"Maw","floor":48,"turns":1},{"damage":0,"enemies":"Donu and Deca","floor":50,"turns":1},{"damage":0,"enemies":"Shield and Spear","floor":54,"turns":1},{"damage":111,"enemies":"The Heart","floor":55,"turns":4}],"seed_played":"2818565056634740379","potions_obtained":[{"floor":3,"key":"DistilledChaos"},{"floor":10,"key":"Strength Potion"}],"is_trial":false,"path_per_floor":["M","M","M","$","?","R","M","E","T","M","M","T","R","M","R","B",null,"M","$","?","M","M","R","M","M","T","M","E","M","M","M","R","B",null,"M","M","?","M","?","E","R","M","T","M","M","M","M","M","R","B",null,"$","R","E","B",null],"character_chosen":"BARTENDER","items_purchased":["Medical Kit","Dolphin_Blow","DollysMirror"],"campfire_rested":3,"item_purchase_floors":[0,0,19],"current_hp_per_floor":[42,45,44,54,64,74,73,72,82,79,69,79,89,99,109,59,257,267,277,287,297,307,317,327,337,347,357,367,377,387,397,407,417,427,437,447,401,411,421,431,441,451,461,471,481,491,501,511,577,587,597,607,617,627,526],"gold":1453,"neow_bonus":"","is_daily":false,"chose_seed":false,"campfire_upgraded":4,"win_rate":0.0,"timestamp":1610036675,"path_taken":["M","?","M","$","?","R","M","E","T","M","M","?","R","M","R","BOSS","M","$","?","M","M","R","M","M","T","M","E","M","M","M","R","BOSS","M","M","?","M","?","E","R","M","T","?","M","M","M","M","R","BOSS","$","R","E","BOSS"],"items_purchased_type":["Relic","Card","Relic"],"build_version":"2020-12-22","purchased_purges":11,"victory":true,"max_hp_per_floor":[90,100,110,120,130,140,150,167,177,187,197,207,217,227,237,247,257,267,277,287,297,307,317,327,337,347,357,367,377,387,397,407,417,427,437,447,457,467,477,487,497,507,517,527,537,547,557,567,577,587,597,607,617,627,637],"card_choices":[{"not_picked":["Free_Pour","Meteodrive"],"picked":"Bitters","floor":1},{"not_picked":["Sucker_Punch","Fading_Blow","Glare"],"picked":"SKIP","floor":2},{"not_picked":["Greased_Lightning","Foot_Thrust"],"picked":"Power_Up_Punch","floor":3},{"not_picked":["Ball_Of_Ice","Free_Pour","Foot_Thrust"],"picked":"SKIP","floor":7},{"not_picked":["Form_Shift","With_A_Twist"],"picked":"Power_Up_Punch","floor":8},{"not_picked":["Alacrity","Free_Pour","Bitters"],"picked":"SKIP","floor":10},{"not_picked":["Alacrity","Free_Pour"],"picked":"Bitters","floor":10},{"not_picked":["Bloodbath_Bartender","Alacrity","Fading_Blow"],"picked":"SKIP","floor":11},{"not_picked":["Scowl","Bloodbath_Bartender","Ball_Of_Ice"],"picked":"SKIP","floor":14},{"not_picked":["Wall_of_Ice+1","With_A_Twist","Bicycle_Kick"],"picked":"SKIP","floor":18},{"not_picked":["Vortex","Stick_and_Move","Tornado_Kick+1"],"picked":"SKIP","floor":21},{"not_picked":["Free_Pour","Stick_and_Move","Power_Up_Punch+1"],"picked":"SKIP","floor":22},{"not_picked":["Foot_Thrust","Scowl","Alacrity+1"],"picked":"SKIP","floor":24},{"not_picked":["Rope_A_Dope","Snap_Punch+1","Dragonkick"],"picked":"SKIP","floor":25},{"not_picked":["Bitters","Bloodbath_Bartender","Combo_Master+1"],"picked":"SKIP","floor":27},{"not_picked":["OpoOpo_Form+1","Stick_and_Move","On_The_House+1"],"picked":"SKIP","floor":28},{"not_picked":["Coeurl_Form+1","Rope_A_Dope+1","Stick_and_Move+1"],"picked":"SKIP","floor":29},{"not_picked":["Alacrity","Sucker_Punch","Fight_Dirty+1"],"picked":"SKIP","floor":30},{"not_picked":["Center_Self+1","Glare","Fading_Blow"],"picked":"SKIP","floor":31},{"not_picked":["Hook+1","Momentum+1","Alacrity+1"],"picked":"SKIP","floor":35},{"not_picked":["Snap_Punch","Power_Up_Punch","Hook+1"],"picked":"SKIP","floor":36},{"not_picked":["Ripple+1","ThreeSidedStar","Elbow_Slash+1"],"picked":"SKIP","floor":38},{"not_picked":["Dragonkick","Vortex","Patience+1"],"picked":"SKIP","floor":40},{"not_picked":["Bicycle_Kick+1","Free_Pour","Bitters"],"picked":"SKIP","floor":42},{"not_picked":["Bitters+1","Pony_Shot+1","Dragonkick+1"],"picked":"SKIP","floor":44},{"not_picked":["With_A_Twist","On_The_Rocks+1","Free_Pour+1"],"picked":"SKIP","floor":45},{"not_picked":["On_The_Rocks","Bitters+1","OpoOpo_Form+1"],"picked":"SKIP","floor":46},{"not_picked":["Scowl","Rope_A_Dope+1","Bicycle_Kick+1"],"picked":"SKIP","floor":47},{"not_picked":["Foot_Thrust+1","Vortex","Pony_Shot"],"picked":"SKIP","floor":48},{"not_picked":["Vortex+","Combo_Master+1","Free_Pour+1"],"picked":"SKIP","floor":54}],"player_experience":381606,"relics_obtained":[{"floor":8,"key":"Strawberry"},{"floor":12,"key":"Bag of Marbles"},{"floor":26,"key":"Frozen Egg 2"},{"floor":28,"key":"Dream Catcher"},{"floor":40,"key":"FossilizedHelix"},{"floor":40,"key":"Gremlin Horn"},{"floor":43,"key":"Omamori"},{"floor":54,"key":"Vajra"},{"floor":54,"key":"Akabeko"}],"event_choices":[{"damage_healed":0,"gold_gain":0,"player_choice":"Ignored","damage_taken":0,"max_hp_gain":0,"max_hp_loss":0,"event_name":"Golden Wing","floor":5,"gold_loss":0},{"damage_healed":0,"gold_gain":0,"player_choice":"Ignored","damage_taken":0,"max_hp_gain":0,"max_hp_loss":0,"event_name":"The Mausoleum","floor":20,"gold_loss":0},{"damage_healed":0,"gold_gain":0,"player_choice":"Embrace Madness","damage_taken":56,"max_hp_gain":0,"max_hp_loss":0,"event_name":"Winding Halls","floor":37,"gold_loss":0,"cards_obtained":["Madness","Madness"]},{"damage_healed":0,"gold_gain":0,"player_choice":"Forge","damage_taken":0,"max_hp_gain":0,"max_hp_loss":0,"event_name":"Accursed Blacksmith","floor":39,"gold_loss":0,"cards_upgraded":["Madness"]}],"is_beta":false,"boss_relics":[{"not_picked":["Busted Crown","Runic Pyramid"],"picked":"Sozu"},{"not_picked":["SacredBark","Pandora\u0027s Box"],"picked":"Black Star"}],"items_purged_floors":[0,0,0,0,0,4,4,19,19,19,19],"is_endless":false,"potions_floor_spawned":[3,10,14,22,25,28,30,40,42,46],"ascension_level":0}}