{"host":"69bxgjr0sv0a6xc4","time":1610057321,"event":{"mods":["Act Like it!","BaseMod","Better Altar","Better Match","Better Note","Better Sensory Stone","Better Skull","Better Third Choice","BetterRewards","DeckTracker","Friendly Minions","Jorbs\u0027s Wanderer Trilogy","Lobotomy","LobotomyExtend","Minty Spire (QoL Compilation)","Relic Stats","Spicy Shops","StSLib","The Bladedancer","Unceasing Turn Reminder"],"gold_per_floor":[274,292,145,163,163,163,190,207,260,289,301,301],"floor_reached":11,"playtime":1036,"items_purged":["Strike_G"],"score":131,"play_id":"a7181183-7608-43b8-893d-7fe8c61a1e5f","local_time":"20210107230841","is_ascension_mode":true,"campfire_choices":[{"data":"Footwork","floor":6,"key":"SMITH"}],"circlet_count":0,"master_deck":["AscendersBane","Strike_G","Strike_G","Strike_G","Strike_G","Defend_G","Defend_G","Defend_G","Defend_G","Defend_G","Survivor","Neutralize","Alriune","Deflect","UniverseFragment","Footwork+1","OldLady","After Image","Escape Plan","BlueStar"],"relics":["Ring of the Snake","CogitoBucket","LetterFromLob","Mummified Hand","MawBank","AspirationHeart"],"acts_visited":["Exordium"],"potions_floor_usage":[7,7,10],"damage_taken":[{"damage":1,"enemies":"2 Louse","floor":1,"turns":5},{"damage":0,"enemies":"Jaw Worm","floor":2,"turns":4},{"damage":0,"enemies":"Small Slimes","floor":4,"turns":5},{"damage":15,"enemies":"3 Sentries","floor":7,"turns":13},{"damage":0,"enemies":"2 Fungi Beasts","floor":8,"turns":5},{"damage":8,"enemies":"Exordium Wildlife","floor":10,"turns":36},{"damage":58,"enemies":"Gremlin Nob","floor":11,"turns":6}],"seed_played":"2005562310814795777","potions_obtained":[{"floor":2,"key":"Swift Potion"},{"floor":4,"key":"CultistPotion"},{"floor":10,"key":"Fruit Juice"}],"is_trial":false,"path_per_floor":["M","M","$","M","?","R","E","M","T","M","E"],"character_chosen":"THE_SILENT","items_purchased":["Footwork"],"campfire_rested":0,"item_purchase_floors":[3],"current_hp_per_floor":[58,58,58,58,58,58,43,43,43,50,0,0],"gold":301,"neow_bonus":"","is_daily":false,"chose_seed":false,"campfire_upgraded":1,"win_rate":0.0,"timestamp":1610057321,"path_taken":["M","M","$","M","?","R","E","M","T","M","E"],"items_purchased_type":["Card"],"build_version":"2020-12-22","purchased_purges":1,"victory":false,"max_hp_per_floor":[66,66,66,66,66,66,66,66,66,81,81,81],"relic_stats":{"counters":[8,75],"Mummified Hand":[6],"MawBank":24,"obtain_stats":[{"CogitoBucket":0,"Mummified Hand":7,"AspirationHeart":10,"LetterFromLob":1,"MawBank":9,"Ring of the Snake":0},{"CogitoBucket":0,"Mummified Hand":4,"AspirationHeart":7,"LetterFromLob":1,"MawBank":5,"Ring of the Snake":0},{"CogitoBucket":0,"Mummified Hand":27,"AspirationHeart":69,"LetterFromLob":5,"MawBank":32,"Ring of the Snake":0}],"Ring of the Snake":[16]},"card_choices":[{"not_picked":["Scorched","Murderer"],"picked":"Alriune","floor":1},{"not_picked":["Expertise","Backflip"],"picked":"Deflect","floor":1},{"not_picked":["BeautyBeast","CherryBlossoms"],"picked":"UniverseFragment","floor":2},{"not_picked":["Skewer","Reflex","Slice"],"picked":"SKIP","floor":2},{"not_picked":["CrumblingArmor","WallGazer"],"picked":"OldLady","floor":4},{"not_picked":["Bane","Expertise","Dagger Throw"],"picked":"SKIP","floor":4},{"not_picked":["Bane","Expertise","Dagger Throw"],"picked":"SKIP","floor":4},{"not_picked":["Bane","Expertise","Dagger Throw"],"picked":"SKIP","floor":4},{"not_picked":["Predator","Calculated Gamble"],"picked":"After Image","floor":7},{"not_picked":["Deadly Poison","Slice"],"picked":"Escape Plan","floor":8},{"not_picked":["Murderer","OSAHOGD"],"picked":"BlueStar","floor":10},{"not_picked":["PiercingWail","Quick Slash","Acrobatics"],"picked":"SKIP","floor":10}],"player_experience":886106,"relics_obtained":[{"floor":1,"key":"LetterFromLob"},{"floor":7,"key":"Mummified Hand"},{"floor":9,"key":"MawBank"}],"event_choices":[{"damage_healed":0,"gold_gain":0,"player_choice":"Ignored","damage_taken":163,"max_hp_gain":0,"max_hp_loss":0,"event_name":"betterThird:BetterSerpent","floor":5,"gold_loss":0}],"is_beta":false,"boss_relics":[],"items_purged_floors":[3],"is_endless":false,"potions_floor_spawned":[2,4,10],"killed_by":"Gremlin Nob","ascension_level":15}}