{"host":"y9cfhv0nasly8qeh","time":1610013783,"event":{"mods":["BaseMod","Minty Spire (QoL Compilation)","Relic Stats","StSLib","[IsaacMod]ÒÔÈö¼âËþ"],"gold_per_floor":[118,118,43,43,43,43,68,81,81,125,155,167,179,206,218,230,230],"floor_reached":16,"playtime":266,"items_purged":["Strike_R"],"score":300,"play_id":"50d665a3-6859-413c-ac29-fcd8ab0385d3","local_time":"20210107180303","is_ascension_mode":true,"campfire_choices":[{"data":"Bash","floor":6,"key":"SMITH"},{"data":"Clash","floor":13,"key":"PURGE"},{"data":"Infernal Blade","floor":15,"key":"SMITH"}],"circlet_count":0,"master_deck":["AscendersBane","Strike_R+1","Strike_R","Strike_R","Strike_R","Defend_R+1","Defend_R","Defend_R","Bash+1","Infernal Blade+1","Juggernaut","Power Through"],"relics":["Burning Blood","HushsDoor","NeowsBlessing","DoctorsRemote","Bag of Marbles","Peace Pipe","MawBank","Meat on the Bone"],"acts_visited":["Exordium"],"potions_floor_usage":[11,16],"damage_taken":[{"damage":0,"enemies":"2 Louse","floor":1,"turns":1},{"damage":0,"enemies":"Lagavulin","floor":7,"turns":1},{"damage":0,"enemies":"Small Slimes","floor":8,"turns":1},{"damage":0,"enemies":"3 Sentries","floor":10,"turns":2},{"damage":0,"enemies":"Cultist","floor":11,"turns":2},{"damage":0,"enemies":"3 Louse","floor":14,"turns":1},{"damage":39,"enemies":"Hexaghost","floor":16,"turns":9}],"seed_played":"-7466460154465461923","potions_obtained":[{"floor":7,"key":"DistilledChaos"},{"floor":10,"key":"DistilledChaos"},{"floor":11,"key":"Fruit Juice"}],"is_trial":false,"path_per_floor":["M","?","$","?","?","R","E","M","T","E","M","?","R","M","R","B"],"character_chosen":"IRONCLAD","items_purchased":[],"campfire_rested":0,"item_purchase_floors":[],"current_hp_per_floor":[74,51,51,51,40,40,46,52,52,58,69,69,69,75,75,36,36],"gold":230,"neow_bonus":"THREE_ENEMY_KILL","is_daily":false,"chose_seed":false,"campfire_upgraded":2,"win_rate":0.0,"timestamp":1610013783,"path_taken":["M","?","?","?","?","R","E","?","T","E","M","?","R","M","R","BOSS"],"items_purchased_type":[],"build_version":"2020-12-22","purchased_purges":1,"victory":false,"max_hp_per_floor":[75,75,75,75,75,75,75,75,75,75,80,80,80,80,80,80,80],"relic_stats":{"Peace Pipe":1,"counters":[7,17],"MawBank":84,"obtain_stats":[{"KeepersGift":0,"Peace Pipe":7,"DoctorsRemote":0,"NeowsBlessing":0,"Bag of Marbles":5,"HushsDoor":0,"MawBank":9,"Burning Blood":0,"Meat on the Bone":10},{"KeepersGift":0,"Peace Pipe":2,"DoctorsRemote":0,"NeowsBlessing":0,"Bag of Marbles":1,"HushsDoor":0,"MawBank":3,"Burning Blood":0,"Meat on the Bone":4},{"KeepersGift":0,"Peace Pipe":2,"DoctorsRemote":0,"NeowsBlessing":0,"Bag of Marbles":1,"HushsDoor":0,"MawBank":3,"Burning Blood":0,"Meat on the Bone":5}],"Burning Blood":36,"Meat on the Bone":0},"card_choices":[{"not_picked":["Pommel Strike","Blood for Blood","Shrug It Off"],"picked":"SKIP","floor":1},{"not_picked":["Combust","Cleave"],"picked":"Infernal Blade","floor":7},{"not_picked":["Body Slam","Cleave"],"picked":"Clash","floor":8},{"not_picked":["True Grit","Armaments"],"picked":"Juggernaut","floor":10},{"not_picked":["Iron Wave","Clothesline"],"picked":"Power Through","floor":11},{"not_picked":["Heavy Blade","Sever Soul","Impervious"],"picked":"SKIP","floor":14}],"player_experience":555778,"relics_obtained":[{"floor":7,"key":"Peace Pipe"},{"floor":9,"key":"MawBank"},{"floor":10,"key":"Meat on the Bone"}],"event_choices":[{"damage_healed":0,"gold_gain":0,"player_choice":"Entered Light","damage_taken":23,"max_hp_gain":0,"max_hp_loss":0,"event_name":"Shining Light","floor":2,"gold_loss":0,"cards_upgraded":["Defend_R","Strike_R"]},{"cards_removed":["Defend_R"],"damage_healed":0,"gold_gain":0,"player_choice":"Offered Basic","damage_taken":0,"max_hp_gain":0,"max_hp_loss":0,"event_name":"Bonfire Elementals","floor":4,"gold_loss":0},{"damage_healed":0,"gold_gain":0,"player_choice":"Success","damage_taken":11,"relics_obtained":["Bag of Marbles"],"max_hp_gain":0,"max_hp_loss":0,"event_name":"Scrap Ooze","floor":5,"gold_loss":0}],"is_beta":false,"boss_relics":[],"items_purged_floors":[3],"is_endless":false,"potions_floor_spawned":[7,10,11],"killed_by":"Hexaghost","ascension_level":18}}