{"host":"uz90qi4h2v7tkywu","time":1610029851,"event":{"mods":["BaseMod","BetterRewards","Colored Powertips","Downfall","Hubris","Marisa£®ÏF”Í°°ƒß¿Ì…≥£©","Minty Spire (QoL Compilation)","Quick Restart","Replay The Spire","Shop Mod","StSLib","SuperFastMode","Synergy Search","Td1madao Mod","TestMod","The Hierophant","The IronCluck","The Necromancer","The Runesmith","The Servant 0.9.4","Transform Curses"],"gold_per_floor":[99,117,117,189,218,143,143,152,176,176,213,230,105,141,168,168,168,168],"floor_reached":16,"playtime":944,"items_purged":[],"score":127,"play_id":"f4afc5fb-f9b1-4b4b-850d-bbcc446055c4","local_time":"20210108013051","is_ascension_mode":true,"campfire_choices":[{"floor":1,"key":"RECALL"},{"data":"Slimebound:Split","floor":6,"key":"SMITH"},{"data":"Slimebound:LeechEnergy","floor":13,"key":"SMITH"}],"circlet_count":0,"master_deck":["Slimebound:Strike_Slimebound","Slimebound:Strike_Slimebound","Slimebound:Strike_Slimebound","Slimebound:Tackle","Slimebound:Defend_Slimebound","Slimebound:Defend_Slimebound","Slimebound:Defend_Slimebound","Slimebound:Defend_Slimebound","Slimebound:Split+1","Slimebound:CorrosiveSpit","testmod-Illusory","Slimebound:SplitBruiser","Slimebound:LeechEnergy+1","Slimebound:LeechingTouch","Parasite","Slimebound:SplitBruiser","Slimebound:SamplingLick","Slimebound:HauntingLick","Slimebound:WasteNot"],"relics":["Slimebound:AbsorbEndCombat","testmod-TestBox","testmod-Alchemist","downfall:ShatteredFragment","CeramicFish","downfall:HeartBlessingRed","Slimebound:GreedOozeRelic","Replay:Baseball","downfall:HeartBlessingBlue","Toy Ornithopter"],"acts_visited":["Exordium"],"potions_floor_usage":[14],"damage_taken":[{"damage":13,"enemies":"Jaw Worm","floor":2,"turns":5},{"damage":36,"enemies":"3 Sentries","floor":4,"turns":6},{"damage":8,"enemies":"Small Slimes","floor":5,"turns":2},{"damage":19,"enemies":"2 Louse","floor":9,"turns":2},{"damage":30,"enemies":"Gremlin Nob","floor":11,"turns":2},{"damage":19,"enemies":"Blue Slaver","floor":12,"turns":3},{"damage":22,"enemies":"3 Sentries","floor":14,"turns":3},{"damage":5,"enemies":"2 Fungi Beasts","floor":15,"turns":2},{"damage":34,"enemies":"downfall:Silent","floor":16,"turns":2}],"seed_played":"-9080938832424858772","potions_obtained":[{"floor":4,"key":"SpeedPotion"},{"floor":5,"key":"LiquidBronze"},{"floor":9,"key":"champ:CounterPotion"},{"floor":12,"key":"Explosive Potion"}],"is_trial":false,"path_per_floor":["R","M","?","?","M","R","T","?","M","?","E","M","R","E","M","B"],"character_chosen":"SLIMEBOUND","items_purchased":[],"campfire_rested":0,"item_purchase_floors":[],"current_hp_per_floor":[54,54,36,20,24,24,24,37,30,30,16,13,23,13,16,0,0,0],"gold":168,"neow_bonus":"RANDOM_COLORLESS_2","is_daily":false,"chose_seed":false,"campfire_upgraded":2,"win_rate":0.0,"timestamp":1610029851,"path_taken":["R","M","?","?","M","R","T","?","M","?","E","?","R","E","M","BOSS"],"items_purchased_type":[],"build_version":"2020-12-22","purchased_purges":0,"victory":false,"max_hp_per_floor":[54,54,54,54,54,54,54,54,54,54,54,54,64,64,64,64,64,64],"card_choices":[{"not_picked":["testmod-AutoReboundSystem","testmod-Reproduce"],"picked":"testmod-Illusory","floor":0},{"not_picked":["Slimebound:SamplingLick","Slimebound:SlimeSpikes"],"picked":"Slimebound:SplitBruiser","floor":2},{"not_picked":["Slimebound:SamplingLick","Slimebound:FinishingTackle"],"picked":"Slimebound:LeechEnergy","floor":4},{"not_picked":["Slimebound:GoopTackle","Slimebound:RollThrough"],"picked":"Slimebound:LeechingTouch","floor":5},{"not_picked":["Slimebound:GrowthPunch","Slimebound:RollThrough"],"picked":"Slimebound:SplitBruiser","floor":9},{"not_picked":["Slimebound:Replication","Slimebound:OozeBath"],"picked":"Slimebound:SamplingLick","floor":11},{"not_picked":["Slimebound:FormOfPuddle","Slimebound:SplitLeeching","Slimebound:BestDefense"],"picked":"SKIP","floor":12},{"not_picked":["Slimebound:RollThrough","Slimebound:SplitLeeching"],"picked":"Slimebound:HauntingLick","floor":14},{"not_picked":["Slimebound:SlimeSpikes","Slimebound:LeechingTouch"],"picked":"Slimebound:WasteNot","floor":15}],"player_experience":480019,"relics_obtained":[{"floor":4,"key":"CeramicFish"},{"floor":11,"key":"Replay:Baseball"},{"floor":14,"key":"Toy Ornithopter"}],"event_choices":[{"damage_healed":13,"gold_gain":0,"player_choice":"Healed and dodged fight","damage_taken":0,"max_hp_gain":0,"max_hp_loss":0,"event_name":"Mushrooms","floor":8,"gold_loss":0,"cards_obtained":["Parasite"]}],"is_beta":false,"boss_relics":[],"items_purged_floors":[],"is_endless":false,"potions_floor_spawned":[4,5,9,12],"killed_by":"downfall:Silent","ascension_level":3}}