{"host":"agbyy69nq62afhwx","time":1610036847,"event":{"mods":["BaseMod","Colored Map","DeckTracker","Highlight Path","Keyboard Shortcuts","Minty Spire (QoL Compilation)","Quick Restart","StSLib","SuperFastMode","everything is the same but u backflip on backflip"],"gold_per_floor":[114,128,147,147,162,162,172,172,199,217,228,228,257,257,257,330,330,347,362,120,138,138,138,61,61,88,103,114,114,128,33,33,107,107,124,149,149,161,174,174,184,184,256,270,280,180,180,191,191,191],"floor_reached":51,"playtime":1993,"items_purged":["Strike_G","Strike_G"],"score":1169,"play_id":"f708a645-c4db-4f43-a501-6dcd50dd5301","local_time":"20210108012727","is_ascension_mode":true,"campfire_choices":[{"data":"Calculated Gamble","floor":6.0,"key":"SMITH"},{"data":"Enlightenment","floor":8.0,"key":"SMITH"},{"floor":15.0,"key":"REST"},{"floor":23.0,"key":"REST"},{"data":"Accuracy","floor":25.0,"key":"SMITH"},{"floor":32.0,"key":"REST"},{"floor":40.0,"key":"REST"},{"data":"Wraith Form v2","floor":42.0,"key":"SMITH"},{"floor":49.0,"key":"REST"}],"circlet_count":0,"master_deck":["AscendersBane","Strike_G","Strike_G","Defend_G","Defend_G","Defend_G","Survivor","Neutralize","Enlightenment+1","Choke","Calculated Gamble+1","Backflip","Dash","Dash","Eviscerate","Wraith Form v2+1","Blade Dance+1","Cloak And Dagger+1","Enlightenment+1","Accuracy+1","Finesse","Night Terror","Escape Plan","Bullet Time"],"relics":["Ring of the Snake","Nunchaku","Pen Nib","Blood Vial","Runic Pyramid","TheAbacus","Oddly Smooth Stone","Empty Cage","Du-Vu Doll","Letter Opener"],"acts_visited":["TheCity","TheBeyond"],"potions_floor_usage":[50],"damage_taken":[{"damage":11.0,"enemies":"Cultist","floor":1.0,"turns":5.0},{"damage":0.0,"enemies":"Small Slimes","floor":2.0,"turns":2.0},{"damage":4.0,"enemies":"Jaw Worm","floor":3.0,"turns":3.0},{"damage":1.0,"enemies":"Exordium Thugs","floor":5.0,"turns":5.0},{"damage":4.0,"enemies":"Blue Slaver","floor":7.0,"turns":4.0},{"damage":0.0,"enemies":"2 Fungi Beasts","floor":10.0,"turns":4.0},{"damage":3.0,"enemies":"Looter","floor":11.0,"turns":3.0},{"damage":18.0,"enemies":"Gremlin Nob","floor":13.0,"turns":4.0},{"damage":33.0,"enemies":"Slime Boss","floor":16.0,"turns":13.0},{"damage":18.0,"enemies":"3 Byrds","floor":18.0,"turns":8.0},{"damage":12.0,"enemies":"2 Thieves","floor":19.0,"turns":4.0},{"damage":12.0,"enemies":"Cultist and Chosen","floor":21.0,"turns":6.0},{"damage":28.0,"enemies":"Shelled Parasite and Fungi","floor":27.0,"turns":4.0},{"damage":1.0,"enemies":"Centurion and Healer","floor":28.0,"turns":5.0},{"damage":0.0,"enemies":"Snake Plant","floor":30.0,"turns":4.0},{"damage":12.0,"enemies":"Automaton","floor":33.0,"turns":9.0},{"damage":0.0,"enemies":"Orb Walker","floor":35.0,"turns":3.0},{"damage":19.0,"enemies":"Mind Bloom Boss Battle","floor":36.0,"turns":7.0},{"damage":4.0,"enemies":"3 Darklings","floor":38.0,"turns":5.0},{"damage":6.0,"enemies":"Sphere and 2 Shapes","floor":39.0,"turns":4.0},{"damage":0.0,"enemies":"Spire Growth","floor":41.0,"turns":4.0},{"damage":19.0,"enemies":"Jaw Worm Horde","floor":44.0,"turns":5.0},{"damage":19.0,"enemies":"Writhing Mass","floor":45.0,"turns":6.0},{"damage":0.0,"enemies":"Maw","floor":48.0,"turns":5.0},{"damage":27,"enemies":"Time Eater","floor":50,"turns":8}],"seed_played":"3133430843450937578","potions_obtained":[{"floor":3.0,"key":"Poison Potion"},{"floor":5.0,"key":"SpeedPotion"},{"floor":11.0,"key":"Regen Potion"},{"floor":16.0,"key":"LiquidMemories"},{"floor":30.0,"key":"DistilledChaos"},{"floor":39.0,"key":"ColorlessPotion"}],"is_trial":false,"path_per_floor":["M","M","M","?","M","R","M","R","T","M","M","?","E","?","R","B",null,"M","M","$","M","?","R","$","R","T","M","M","?","M","$","R","B",null,"M","?","?","M","M","R","M","R","T","M","M","$","?","M","R","B",null],"character_chosen":"THE_SILENT","items_purchased":["TheAbacus","Accuracy","Finesse"],"campfire_rested":5,"item_purchase_floors":[20,24,31],"current_hp_per_floor":[48,48,44,44,43,43,39,39,39,39,36,58,40,22,41,10,52,36,26,26,16,16,35,35,35,35,9,10,10,12,12,31,21,55,57,40,40,38,34,53,55,55,55,38,21,21,21,23,41,30],"gold":191,"neow_bonus":"RANDOM_COLORLESS","is_daily":false,"chose_seed":false,"campfire_upgraded":4,"win_rate":0.0,"timestamp":1610036847,"path_taken":["M","M","M","?","M","R","M","R","T","?","M","?","E","?","R","BOSS","M","M","$","M","?","R","?","R","T","M","M","?","M","$","R","BOSS","M","?","?","M","M","R","M","R","T","M","M","$","?","M","R","BOSS"],"items_purchased_type":["Relic","Card","Card"],"build_version":"2020-12-22","purchased_purges":2,"victory":true,"max_hp_per_floor":[66,66,66,66,66,66,66,66,66,66,66,66,66,66,66,66,66,66,66,66,66,66,66,66,66,66,66,66,66,66,66,66,66,66,66,66,66,66,66,66,66,66,66,66,66,66,63,63,63,63],"card_choices":[{"not_picked":["Impatience","Deep Breath"],"picked":"Enlightenment","floor":0.0},{"not_picked":["Heel Hook","Slice"],"picked":"Choke","floor":1.0},{"not_picked":["Deadly Poison","Heel Hook"],"picked":"Calculated Gamble","floor":2.0},{"not_picked":["Skewer","Cloak And Dagger"],"picked":"Backflip","floor":3.0},{"not_picked":["Cloak And Dagger","Outmaneuver"],"picked":"Dash","floor":5.0},{"not_picked":["Concentrate","Calculated Gamble","Choke"],"picked":"SKIP","floor":7.0},{"not_picked":["PiercingWail","Outmaneuver","Dagger Throw"],"picked":"SKIP","floor":10.0},{"not_picked":["Heel Hook","Deadly Poison"],"picked":"Dash","floor":11.0},{"not_picked":["Slice","Catalyst"],"picked":"Eviscerate","floor":13.0},{"not_picked":["Doppelganger","Glass Knife"],"picked":"Wraith Form v2","floor":16.0},{"not_picked":["Acrobatics+1","Footwork","Catalyst"],"picked":"SKIP","floor":18.0},{"not_picked":["Outmaneuver","Catalyst"],"picked":"Blade Dance+1","floor":19.0},{"not_picked":["PiercingWail","Dagger Spray"],"picked":"Cloak And Dagger+1","floor":21.0},{"not_picked":["Poisoned Stab","Dagger Throw","PiercingWail"],"picked":"SKIP","floor":27.0},{"not_picked":["Outmaneuver","Poisoned Stab","Blade Dance+1"],"picked":"SKIP","floor":28.0},{"not_picked":["Terror","Deadly Poison","Underhanded Strike"],"picked":"SKIP","floor":30.0},{"not_picked":["Malaise","Venomology"],"picked":"Night Terror","floor":33.0},{"not_picked":["Blade Dance+1","Bane","Dagger Throw"],"picked":"SKIP","floor":35.0},{"not_picked":["Outmaneuver","Deflect"],"picked":"Escape Plan","floor":36.0},{"not_picked":["Deadly Poison+1","Slice","Flechettes+1"],"picked":"SKIP","floor":38.0},{"not_picked":["Poisoned Stab+1","Deadly Poison+1"],"picked":"Bullet Time","floor":39.0},{"not_picked":["Dodge and Roll","Finisher+1","Bane"],"picked":"SKIP","floor":41.0},{"not_picked":["Slice","Skewer","Cloak And Dagger"],"picked":"SKIP","floor":44.0},{"not_picked":["Deadly Poison","PiercingWail","Sucker Punch"],"picked":"SKIP","floor":45.0},{"not_picked":["Backstab","Escape Plan","Well Laid Plans"],"picked":"SKIP","floor":48.0}],"player_experience":403458,"relics_obtained":[{"floor":9.0,"key":"Nunchaku"},{"floor":13.0,"key":"Pen Nib"},{"floor":26.0,"key":"Oddly Smooth Stone"},{"floor":36.0,"key":"Du-Vu Doll"},{"floor":43.0,"key":"Letter Opener"}],"event_choices":[{"cards_removed":["Defend_G"],"damage_healed":0.0,"max_hp_gain":0.0,"max_hp_loss":0.0,"gold_gain":0.0,"event_name":"Bonfire Elementals","player_choice":"Offered Basic","floor":4.0,"gold_loss":0.0,"damage_taken":0.0},{"damage_healed":22.0,"max_hp_gain":0.0,"max_hp_loss":0.0,"gold_gain":0.0,"event_name":"Big Fish","player_choice":"Banana","floor":12.0,"gold_loss":0.0,"damage_taken":0.0},{"damage_healed":0.0,"max_hp_gain":0.0,"max_hp_loss":0.0,"gold_gain":0.0,"event_name":"Scrap Ooze","player_choice":"Success","floor":14.0,"gold_loss":0.0,"damage_taken":18.0,"relics_obtained":["Blood Vial"]},{"damage_healed":0.0,"max_hp_gain":0.0,"max_hp_loss":0.0,"gold_gain":0.0,"event_name":"Duplicator","player_choice":"Copied","floor":22.0,"gold_loss":0.0,"damage_taken":0.0,"cards_obtained":["Enlightenment"]},{"damage_healed":0.0,"max_hp_gain":0.0,"max_hp_loss":0.0,"gold_gain":0.0,"event_name":"The Mausoleum","player_choice":"Ignored","floor":29.0,"gold_loss":0.0,"damage_taken":0.0},{"damage_healed":0.0,"max_hp_gain":0.0,"max_hp_loss":0.0,"gold_gain":0.0,"event_name":"MindBloom","player_choice":"Fight","floor":36.0,"gold_loss":0.0,"damage_taken":0.0},{"damage_healed":0.0,"max_hp_gain":0.0,"max_hp_loss":0.0,"gold_gain":0.0,"event_name":"Tomb of Lord Red Mask","player_choice":"Ignored","floor":37.0,"gold_loss":0.0,"damage_taken":0.0},{"damage_healed":0.0,"max_hp_gain":0.0,"max_hp_loss":3.0,"gold_gain":0.0,"event_name":"Winding Halls","player_choice":"Max HP","floor":47.0,"gold_loss":0.0,"damage_taken":0.0}],"is_beta":false,"boss_relics":[{"not_picked":["Philosopher\u0027s Stone","Black Star"],"picked":"Runic Pyramid"},{"not_picked":["Ring of the Serpent","Coffee Dripper"],"picked":"Empty Cage"}],"items_purged_floors":[20,46],"is_endless":false,"potions_floor_spawned":[3,5,11,16,19,21,27,30,39,45,48],"ascension_level":17}}