{"host":"rolltorest","time":1610058683,"event":{"mods":["BaseMod","Minty Spire (QoL Compilation)","Relic Stats","Robot Space Explorer","Slay the Relics Exporter","StSLib"],"gold_per_floor":[117,18,36,46,60,60,79,107,107,107,138,15,49,49,49,122,122,136,136,147,79,79,79,79,79,79,108,142,158,158,158],"floor_reached":30,"playtime":816,"items_purged":["RobotSpaceExplorer:Strike","RobotSpaceExplorer:Strike"],"score":466,"play_id":"3290e66a-4838-4464-b684-41e2eead0c4a","local_time":"20210107143123","is_ascension_mode":true,"campfire_choices":[{"data":"RobotSpaceExplorer:LaserBurst","floor":6,"key":"SMITH"},{"floor":10,"key":"REST"},{"floor":15,"key":"REST"},{"floor":23,"key":"REST"},{"data":"RobotSpaceExplorer:TurboDodge","floor":25,"key":"SMITH"}],"circlet_count":0,"master_deck":["AscendersBane","RobotSpaceExplorer:Strike","RobotSpaceExplorer:Defend","RobotSpaceExplorer:Defend","RobotSpaceExplorer:Defend","RobotSpaceExplorer:Defend","RobotSpaceExplorer:Scan","RobotSpaceExplorer:MiniLasers","RobotSpaceExplorer:SurgingStrike","RobotSpaceExplorer:Probe","RobotSpaceExplorer:LaserBurst+1","RobotSpaceExplorer:ShockMissile","RobotSpaceExplorer:ShovelStrike","RobotSpaceExplorer:StunGrenade","RobotSpaceExplorer:SurgingShield","RobotSpaceExplorer:LuckyStrike","RobotSpaceExplorer:ChargingLaser","RobotSpaceExplorer:Blitz","RobotSpaceExplorer:PlasmaMissile","Necronomicurse","RobotSpaceExplorer:TurboDodge+1","RobotSpaceExplorer:FrostMissile"],"relics":["Sozu","Ancient Tea Set","Happy Flower","PreservedInsect","Bottled Flame","Snecko Eye","Necronomicon","Sundial","Nunchaku","Red Mask"],"acts_visited":["Exordium","TheCity"],"potions_floor_usage":[],"damage_taken":[{"damage":0,"enemies":"Cultist","floor":1,"turns":4},{"damage":12,"enemies":"Jaw Worm","floor":3,"turns":3},{"damage":0,"enemies":"2 Louse","floor":4,"turns":3},{"damage":2,"enemies":"2 Fungi Beasts","floor":5,"turns":3},{"damage":4,"enemies":"Looter","floor":7,"turns":3},{"damage":21,"enemies":"Lagavulin","floor":8,"turns":7},{"damage":27,"enemies":"Gremlin Nob","floor":11,"turns":4},{"damage":5,"enemies":"3 Sentries","floor":13,"turns":3},{"damage":25,"enemies":"The Guardian","floor":16,"turns":16},{"damage":3,"enemies":"Chosen","floor":18,"turns":5},{"damage":0,"enemies":"3 Byrds","floor":20,"turns":5},{"damage":22,"enemies":"Slavers","floor":27,"turns":3},{"damage":7,"enemies":"Masked Bandits","floor":28,"turns":4},{"damage":1,"enemies":"Cultist and Chosen","floor":29,"turns":3},{"damage":0,"enemies":"Gremlin Leader","floor":30,"turns":2}],"seed_played":"5154784854786461333","potions_obtained":[],"is_trial":false,"path_per_floor":["M","$","M","M","M","R","M","E","T","R","E","$","E","?","R","B",null,"M","?","M","$","?","R","?","R","T","E","?","M","E"],"character_chosen":"RobotSpaceExplorer","items_purchased":["RobotSpaceExplorer:SurgingStrike","RobotSpaceExplorer:SurgingShield","RobotSpaceExplorer:PlasmaMissile"],"campfire_rested":3,"item_purchase_floors":[2,12,21],"current_hp_per_floor":[64,64,52,52,50,50,46,25,25,46,19,19,14,7,28,3,54,51,31,31,31,10,32,32,32,32,10,3,2,2,2],"gold":158,"neow_bonus":"BOSS_RELIC","is_daily":false,"chose_seed":false,"campfire_upgraded":2,"win_rate":0.0,"timestamp":1610058683,"path_taken":["M","$","M","?","M","R","M","E","T","R","E","$","E","?","R","BOSS","M","?","M","$","?","R","?","R","T","E","?","M","E"],"items_purchased_type":["Card","Card","Card"],"build_version":"2020-12-18","purchased_purges":2,"victory":false,"max_hp_per_floor":[71,71,71,71,71,71,71,71,71,71,71,71,71,71,71,71,71,71,76,76,76,76,76,76,76,76,76,76,76,76,76],"relic_stats":{"Sozu":6,"Nunchaku":[3],"Happy Flower":[15],"counters":[15,68],"Sundial":[0],"Snecko Eye":[32,41,27,42],"PreservedInsect":124,"Necronomicon":[10],"obtain_stats":[{"Sozu":0,"Bottled Flame":13,"Nunchaku":27,"Happy Flower":9,"Sundial":26,"Snecko Eye":17,"RobotSpaceExplorer:RoboCore":0,"PreservedInsect":11,"Necronomicon":22,"Red Mask":28,"Ancient Tea Set":8},{"Sozu":0,"Bottled Flame":8,"Nunchaku":12,"Happy Flower":6,"Sundial":11,"Snecko Eye":9,"RobotSpaceExplorer:RoboCore":0,"PreservedInsect":7,"Necronomicon":11,"Red Mask":13,"Ancient Tea Set":6},{"Sozu":0,"Bottled Flame":30,"Nunchaku":59,"Happy Flower":23,"Sundial":56,"Snecko Eye":46,"RobotSpaceExplorer:RoboCore":0,"PreservedInsect":27,"Necronomicon":56,"Red Mask":63,"Ancient Tea Set":23}]},"card_choices":[{"not_picked":["RobotSpaceExplorer:Pulsar","RobotSpaceExplorer:GlueShot","RobotSpaceExplorer:StarDust"],"picked":"SKIP","floor":1},{"not_picked":["RobotSpaceExplorer:PowerGlove","RobotSpaceExplorer:Ammunition","RobotSpaceExplorer:Smokescreen"],"picked":"SKIP","floor":3},{"not_picked":["RobotSpaceExplorer:GlueShot","RobotSpaceExplorer:SwiftStep"],"picked":"RobotSpaceExplorer:Probe","floor":4},{"not_picked":["RobotSpaceExplorer:StunGrenade","RobotSpaceExplorer:Ammunition"],"picked":"RobotSpaceExplorer:LaserBurst","floor":5},{"not_picked":["RobotSpaceExplorer:Counterblock","RobotSpaceExplorer:FrostMissile"],"picked":"RobotSpaceExplorer:ShockMissile","floor":7},{"not_picked":["RobotSpaceExplorer:MiniDrones","RobotSpaceExplorer:Jetpack"],"picked":"RobotSpaceExplorer:ShovelStrike","floor":8},{"not_picked":["RobotSpaceExplorer:StarDust","RobotSpaceExplorer:Pulsar"],"picked":"RobotSpaceExplorer:StunGrenade","floor":11},{"not_picked":["RobotSpaceExplorer:PowerCollector","RobotSpaceExplorer:PowerGlove"],"picked":"RobotSpaceExplorer:LuckyStrike","floor":13},{"not_picked":["RobotSpaceExplorer:Accelerator","RobotSpaceExplorer:Arsenal"],"picked":"RobotSpaceExplorer:ChargingLaser","floor":16},{"not_picked":["RobotSpaceExplorer:ScrapMissile","RobotSpaceExplorer:SwiftStep+1"],"picked":"RobotSpaceExplorer:Blitz","floor":18},{"not_picked":["RobotSpaceExplorer:StarLightning","RobotSpaceExplorer:Ammunition","RobotSpaceExplorer:SwiftStep"],"picked":"SKIP","floor":20},{"not_picked":["RobotSpaceExplorer:FreezingShield","RobotSpaceExplorer:ScrapShield+1"],"picked":"RobotSpaceExplorer:FrostMissile","floor":27},{"not_picked":["RobotSpaceExplorer:IronShell","RobotSpaceExplorer:MetalStrike","RobotSpaceExplorer:MiniDrones"],"picked":"SKIP","floor":29}],"player_experience":1777339,"relics_obtained":[{"floor":8,"key":"Ancient Tea Set"},{"floor":9,"key":"Happy Flower"},{"floor":11,"key":"PreservedInsect"},{"floor":13,"key":"Bottled Flame"},{"floor":22,"key":"Necronomicon"},{"floor":26,"key":"Sundial"},{"floor":27,"key":"Nunchaku"},{"floor":28,"key":"Red Mask"}],"event_choices":[{"cards_removed":["RobotSpaceExplorer:Strike"],"damage_healed":0,"gold_gain":0,"player_choice":"Card Removal","damage_taken":7,"max_hp_gain":0,"max_hp_loss":0,"event_name":"Golden Wing","floor":14,"gold_loss":0},{"damage_healed":0,"gold_gain":0,"player_choice":"Shed Blood","damage_taken":25,"max_hp_gain":5,"max_hp_loss":0,"event_name":"Forgotten Altar","floor":19,"gold_loss":0},{"damage_healed":0,"gold_gain":0,"player_choice":"Obtained Book","damage_taken":21,"max_hp_gain":0,"max_hp_loss":0,"event_name":"Cursed Tome","floor":22,"gold_loss":0},{"damage_healed":0,"gold_gain":0,"player_choice":"Read","damage_taken":0,"max_hp_gain":0,"max_hp_loss":0,"event_name":"The Library","floor":24,"gold_loss":0,"cards_obtained":["RobotSpaceExplorer:TurboDodge"]},{"damage_healed":0,"gold_gain":0,"player_choice":"Fought Bandits","damage_taken":0,"max_hp_gain":0,"max_hp_loss":0,"event_name":"Masked Bandits","floor":28,"gold_loss":0}],"is_beta":true,"boss_relics":[{"not_picked":["Cursed Key","Coffee Dripper"],"picked":"Snecko Eye"}],"items_purged_floors":[2,12],"is_endless":false,"potions_floor_spawned":[3,7,8,16,28,29],"killed_by":"Gremlin Leader","ascension_level":15}}