{"host":"0tiuc76yumknr6qf","time":1610047361,"event":{"mods":["BaseMod","Downfall","Highlight Path","Minty Spire (QoL Compilation)","StSLib"],"gold_per_floor":[99,99,23,23,33,33,33,33,43,59,76,61,61,88,104,208,208,133,133,133,125,210,246,246,246,270,31,31,31,73,66,78,181,181,106,132,150,150,23,23,23,23],"floor_reached":40,"playtime":3587,"items_purged":["hexamod:Defend"],"score":443,"play_id":"2cead820-5269-42e0-903f-80ebc11f40f0","local_time":"20210107132241","is_ascension_mode":false,"campfire_choices":[{"floor":1,"key":"RECALL"},{"data":"hexamod:HeatMetal","floor":6,"key":"SMITH"},{"data":"hexamod:Rewind","floor":8,"key":"SMITH"},{"data":"hexamod:Incineration","floor":18,"key":"SMITH"},{"floor":29,"key":"REST"},{"data":"hexamod:HexaLevel","floor":35,"key":"SMITH"}],"circlet_count":0,"master_deck":["hexamod:Strike","hexamod:Strike","hexamod:Strike","hexamod:Defend","hexamod:Defend","hexamod:Sear","hexamod:Float+1","hexamod:Rewind+1","hexamod:SpectersWail","hexamod:FourthSeal","hexamod:HeatMetal+1","hexamod:PhantomFireball","hexamod:InspiringFlames+1","hexamod:Hexaguard","hexamod:Incineration+1","hexamod:VolcanoVisage","hexamod:NightmareGuise+1","hexamod:SearingWound+1","hexamod:SecondSeal","hexamod:GhostOfSpirePresent","hexamod:NightmareStrike+1","hexamod:EmpoweredFlame","Mayhem","hexamod:FirstSeal","hexamod:HexaLevel+1","hexamod:FirstSeal","hexamod:FifthSeal","hexamod:ShieldOfDarkness+1"],"relics":["hexamod:SpiritBrand","downfall:HeartsMalice","Bottled Lightning","Toxic Egg 2","Snecko Eye","downfall:HeartBlessingRed","Mango","Enchiridion","War Paint","Empty Cage","downfall:HeartBlessingGreen","Red Mask","downfall:RedIOUUpgrade"],"acts_visited":["Exordium","TheCity","TheBeyond"],"potions_floor_usage":[10,14,16,23,30,32,32,33,33,39],"damage_taken":[{"damage":0,"enemies":"Cultist","floor":2,"turns":1},{"damage":0,"enemies":"downfall:FleeingMerchant","floor":3,"turns":1},{"damage":0,"enemies":"2 Louse","floor":4,"turns":1},{"damage":0,"enemies":"Small Slimes","floor":5,"turns":3},{"damage":0,"enemies":"2 Fungi Beasts","floor":9,"turns":2},{"damage":5,"enemies":"Large Slime","floor":10,"turns":5},{"damage":0,"enemies":"Exordium Wildlife","floor":11,"turns":3},{"damage":0,"enemies":"downfall:FleeingMerchant","floor":12,"turns":4},{"damage":4,"enemies":"3 Sentries","floor":14,"turns":5},{"damage":2,"enemies":"Red Slaver","floor":15,"turns":3},{"damage":32,"enemies":"downfall:Defect","floor":16,"turns":8},{"damage":0,"enemies":"Chosen","floor":19,"turns":1},{"damage":26,"enemies":"Slavers","floor":23,"turns":4},{"damage":9,"enemies":"Shell Parasite","floor":26,"turns":4},{"damage":0,"enemies":"downfall:FleeingMerchant","floor":27,"turns":4},{"damage":16,"enemies":"Book of Stabbing","floor":30,"turns":5},{"damage":14,"enemies":"downfall:FleeingMerchant","floor":31,"turns":4},{"damage":1,"enemies":"Snecko","floor":32,"turns":4},{"damage":7,"enemies":"downfall:Watcher","floor":33,"turns":6},{"damage":21,"enemies":"3 Darklings","floor":36,"turns":4},{"damage":31,"enemies":"3 Shapes","floor":37,"turns":4},{"damage":13,"enemies":"downfall:FleeingMerchant","floor":39,"turns":4},{"damage":82,"enemies":"Giant Head","floor":40,"turns":8}],"seed_played":"-4597217418079396297","potions_obtained":[{"floor":5,"key":"Fire Potion"},{"floor":5,"key":"Fire Potion"},{"floor":9,"key":"Explosive Potion"},{"floor":10,"key":"hexamod:DoubleChargePotion"},{"floor":14,"key":"Block Potion"},{"floor":16,"key":"Block Potion"},{"floor":23,"key":"AttackPotion"},{"floor":30,"key":"hexamod:EctoCoolerPotion"},{"floor":32,"key":"Fruit Juice"},{"floor":32,"key":"champ:CounterPotion"},{"floor":36,"key":"FairyPotion"},{"floor":37,"key":"Strength Potion"},{"floor":39,"key":"CultistPotion"}],"is_trial":false,"path_per_floor":["R","M","$","M","M","R","T","R","M","M","M","$","?","E","M","B",null,"R","M","?","?","?","E","T","?","M","$","?","R","E","$","M","B",null,"R","M","M","?","$","E"],"character_chosen":"THE_SPIRIT","items_purchased":["hexamod:FourthSeal","hexamod:EmpoweredFlame","Mayhem","hexamod:ShieldOfDarkness+1"],"campfire_rested":1,"item_purchase_floors":[3,27,27,39],"current_hp_per_floor":[70,70,70,70,70,70,70,70,70,65,65,65,65,61,59,27,70,70,70,70,70,56,30,44,44,35,35,19,44,28,14,25,18,89,89,75,51,51,45,0,0,0],"gold":23,"neow_bonus":"THREE_ENEMY_KILL","is_daily":false,"chose_seed":false,"campfire_upgraded":4,"win_rate":0.0,"timestamp":1610047361,"path_taken":["R","M","$","?","M","R","T","R","M","M","M","$","?","E","M","BOSS","R","M","?","?","?","E","T","?","M","$","?","R","E","?","M","BOSS","R","M","M","?","$","E"],"items_purchased_type":["Card","Card","Card","Card"],"build_version":"2020-12-22","purchased_purges":1,"victory":false,"max_hp_per_floor":[70,70,70,70,70,70,70,70,70,70,70,70,70,70,70,70,70,70,70,70,70,70,70,84,84,84,84,84,84,84,84,89,89,89,89,89,89,89,89,89,89,89],"card_choices":[{"not_picked":["hexamod:GhostShield","hexamod:BacktrackSmack"],"picked":"hexamod:Rewind","floor":2},{"not_picked":["hexamod:EtherealExpedition","hexamod:RainOfEmbers"],"picked":"hexamod:SpectersWail","floor":3},{"not_picked":["hexamod:SkipABeat","hexamod:RainOfEmbers"],"picked":"hexamod:HeatMetal","floor":4},{"not_picked":["hexamod:GhostShield","hexamod:CatchUp"],"picked":"hexamod:PhantomFireball","floor":5},{"not_picked":["hexamod:FastForward","hexamod:RainOfEmbers"],"picked":"hexamod:StepThrough","floor":9},{"not_picked":["hexamod:RainOfEmbers","hexamod:HeatCrush"],"picked":"hexamod:InspiringFlames","floor":10},{"not_picked":["hexamod:Firestarter","hexamod:SwordOfDarkness"],"picked":"hexamod:Hexaguard","floor":11},{"not_picked":["hexamod:GhostflameBarrier","hexamod:Rewind"],"picked":"hexamod:Incineration","floor":12},{"not_picked":["hexamod:BacktrackSmack","hexamod:ShieldOfDarkness+1"],"picked":"hexamod:VolcanoVisage","floor":14},{"not_picked":["hexamod:GhostShield+1","hexamod:ShieldOfDarkness+1"],"picked":"hexamod:NightmareGuise+1","floor":15},{"not_picked":["hexamod:VolcanoVisage","hexamod:WildfireWeapon"],"picked":"hexamod:SearingWound+1","floor":16},{"not_picked":["hexamod:Again+1","hexamod:SpectersWail+1","hexamod:GhostLash+1"],"picked":"SKIP","floor":19},{"not_picked":["hexamod:NightmareGuise+1","hexamod:GhostflameBarrier+1"],"picked":"hexamod:GhostOfSpirePresent","floor":23},{"not_picked":["hexamod:RainOfEmbers","hexamod:GhostShield+1"],"picked":"hexamod:NightmareStrike+1","floor":26},{"not_picked":["hexamod:PhantomCloak","hexamod:FastForward+1","hexamod:SpectersWail"],"picked":"SKIP","floor":27},{"not_picked":["hexamod:BacktrackSmack","hexamod:SpectersWail","hexamod:FourthSeal"],"picked":"SKIP","floor":30},{"not_picked":["hexamod:EmpoweredFlame+1","hexamod:HauntingEcho"],"picked":"hexamod:FirstSeal","floor":31},{"not_picked":["hexamod:InspiringFlames+1","hexamod:TurnItUp+1","hexamod:SwordOfDarkness"],"picked":"SKIP","floor":32},{"not_picked":["hexamod:WildfireWeapon","hexamod:TimeWarp"],"picked":"hexamod:HexaLevel","floor":33},{"not_picked":["hexamod:AdvancingGuard+1","hexamod:NightmareGuise+1"],"picked":"hexamod:FirstSeal","floor":36},{"not_picked":["hexamod:InspiringFlames+1","hexamod:Firestarter+1","hexamod:AdvancingGuard+1"],"picked":"SKIP","floor":37},{"not_picked":["hexamod:InspiringFlames+1","hexamod:GhostLash+1"],"picked":"hexamod:FifthSeal","floor":39}],"player_experience":1950906,"relics_obtained":[{"floor":7,"key":"Bottled Lightning"},{"floor":14,"key":"Toxic Egg 2"},{"floor":23,"key":"HornCleat"},{"floor":24,"key":"Mango"},{"floor":28,"key":"Enchiridion"},{"floor":30,"key":"War Paint"}],"event_choices":[],"is_beta":false,"boss_relics":[{"not_picked":["Busted Crown","Philosopher\u0027s Stone"],"picked":"Snecko Eye"},{"not_picked":["Astrolabe","Runic Pyramid"],"picked":"Empty Cage"}],"items_purged_floors":[39],"is_endless":false,"potions_floor_spawned":[5,9,10,14,15,26,32,37],"killed_by":"Giant Head","ascension_level":0}}