{"host":"65mk3suhfjklhbko","time":1610049708,"event":{"mods":["AchievementEnabler","BaseMod","Bestiary","Minty Spire (QoL Compilation)","Quick Restart","StSLib"],"gold_per_floor":[112,37,37,37,112,151,151,186,234,273,292,242,255,274,274,274,274],"floor_reached":16,"playtime":571,"items_purged":[],"score":244,"play_id":"8cdc01bc-0858-4d12-a39f-d9f3df33a6a2","local_time":"20210107150148","is_ascension_mode":true,"campfire_choices":[{"floor":7,"key":"REST"},{"data":"Catalyst","floor":15,"key":"SMITH"}],"circlet_count":0,"master_deck":["Strike_G","Strike_G","Strike_G","Strike_G","Defend_G","Defend_G","Defend_G+1","Defend_G","Defend_G","Survivor","Neutralize","Deflect+1","Footwork","Footwork","Catalyst+1","Deflect","Terror"],"relics":["Ring of the Snake","NeowsBlessing","Golden Idol","War Paint","Tough Bandages","Boot","Pear"],"acts_visited":["Exordium"],"potions_floor_usage":[16],"damage_taken":[{"damage":0,"enemies":"2 Louse","floor":1,"turns":1},{"damage":0,"enemies":"Gremlin Nob","floor":6,"turns":1},{"damage":0,"enemies":"3 Sentries","floor":8,"turns":1},{"damage":10,"enemies":"Lagavulin","floor":10,"turns":14},{"damage":0,"enemies":"Small Slimes","floor":11,"turns":5},{"damage":0,"enemies":"Jaw Worm","floor":13,"turns":8},{"damage":0,"enemies":"3 Louse","floor":14,"turns":4},{"damage":56,"enemies":"Hexaghost","floor":16,"turns":16}],"seed_played":"-4893991662628383651","potions_obtained":[{"floor":6,"key":"Regen Potion"},{"floor":11,"key":"ColorlessPotion"},{"floor":14,"key":"Ancient Potion"}],"is_trial":false,"path_per_floor":["M","$","?","?","?","E","R","E","T","E","M","?","M","M","R","B"],"character_chosen":"THE_SILENT","items_purchased":["Footwork"],"campfire_rested":1,"item_purchase_floors":[2],"current_hp_per_floor":[63,63,63,46,35,35,56,56,56,56,56,56,56,56,56,0,0],"gold":274,"neow_bonus":"THREE_ENEMY_KILL","is_daily":false,"chose_seed":false,"campfire_upgraded":1,"win_rate":0.0,"timestamp":1610049708,"path_taken":["M","$","?","?","?","E","R","E","T","E","M","?","M","M","R","BOSS"],"items_purchased_type":["Card"],"build_version":"2020-12-22","purchased_purges":0,"victory":false,"max_hp_per_floor":[70,70,70,70,70,70,70,70,70,80,80,80,80,80,80,80,80],"card_choices":[{"not_picked":["Outmaneuver","Concentrate"],"picked":"Deflect","floor":1},{"not_picked":["Poisoned Stab","Acrobatics"],"picked":"Footwork","floor":6},{"not_picked":["Infinite Blades","All Out Attack"],"picked":"Catalyst","floor":8},{"not_picked":["Footwork","Blade Dance"],"picked":"Deflect","floor":13},{"not_picked":["Prepared","Night Terror"],"picked":"Terror","floor":14}],"player_experience":645931,"relics_obtained":[{"floor":6,"key":"War Paint"},{"floor":8,"key":"Tough Bandages"},{"floor":9,"key":"Boot"},{"floor":10,"key":"Pear"}],"event_choices":[{"damage_healed":0,"gold_gain":0,"player_choice":"Ignored","damage_taken":0,"max_hp_gain":0,"max_hp_loss":0,"event_name":"Liars Game","floor":3,"gold_loss":0},{"damage_healed":0,"gold_gain":0,"player_choice":"Take Damage","damage_taken":17,"relics_obtained":["Golden Idol"],"max_hp_gain":0,"max_hp_loss":0,"event_name":"Golden Idol","floor":4,"gold_loss":0},{"damage_healed":0,"gold_gain":75,"player_choice":"Gather Gold","damage_taken":11,"max_hp_gain":0,"max_hp_loss":0,"event_name":"World of Goop","floor":5,"gold_loss":0},{"cards_removed":["Strike_G"],"damage_healed":0,"gold_gain":0,"player_choice":"Card Removal","damage_taken":0,"max_hp_gain":0,"max_hp_loss":0,"event_name":"The Cleric","floor":12,"gold_loss":50}],"is_beta":false,"boss_relics":[],"items_purged_floors":[],"is_endless":false,"potions_floor_spawned":[6,11,14],"killed_by":"Hexaghost","ascension_level":9}}