{"host":"v889cg19irzrff5m","time":1610009084,"event":{"mods":["A Magickal Journey","AchievementEnabler","Act Like it!","Ascension Reborn","Aspiration","Astrologer","Bard","BaseMod","Bestiary","Better Third Choice","BetterRewards","CapriCore","Challenge The Spire","Clockwork Mod","Colored Map","Conspire","DeckTracker","Downfall","Duelist Mod","Gensokyo","GungeonMod","Halation","Hallownest","Hermit","Highlight Path","Hubris","Infinite Spire","Jedi Mod","Jorbs\u0027s Wanderer Trilogy","KinomotoSakuraMod(????)","Koishi","LagranYue(???·?)","Lobotomy","LobotomyExtend","Mad Scientist","Marisa????????","Mimic Mod","Minty Spire (QoL Compilation)","Prisma Mod","Quick Restart","Rare Cards Sparkle","Relic Stats","Remilia??????","Replay The Spire","Robot Space Explorer","Shade Mod","Shop Mod","Spikes Relics","StSLib","SuperFastMode","The Administrix","The Animator","The Blackbeard","The Bladedancer","The Bug Knight","The Construct","The Cursed","The Disciple","The Elementalist","The Exalted","The Factory","The Forsaken","The Gatherer","The Hierophant","The Immortal","The Jungle","The Marked","The Mystic","The Necromancer","WarShipGirlsR/????R mod","Yuri Mod"],"gold_per_floor":[119,119,119,119,16,16,16,32,56,71,71,91,101,129,129,129,129],"floor_reached":16,"playtime":1320,"items_purged":[],"score":100,"play_id":"ce4a7327-3bc1-4e70-8f56-c8faf8ca3d81","local_time":"20210107194444","is_ascension_mode":true,"campfire_choices":[{"data":"DemoMod:HuntsMan","floor":6,"key":"SMITH"},{"data":"DemoMod:DirectionalPad","floor":11,"key":"SMITH"},{"floor":15,"key":"REST"}],"circlet_count":0,"master_deck":["DemoMod:Strike_Huntress","DemoMod:Defend_Huntress","DemoMod:Defend_Huntress","DemoMod:Defend_Huntress","DemoMod:Roll","DemoMod:ManualReload","DemoMod:RustySidearm","DemoMod:CrossBow","DemoMod:PotionOfGunFriendShip","Dash","Strike_G","Expertise","DemoMod:HuntsMan+1","DemoMod:DoubleSwitch","DemoMod:DirectionalPad+1","DemoMod:BattleInHaste","DemoMod:HardPowerCard","DemoMod:RadGun","DemoMod:JK47"],"relics":["DemoMod:Dog","LagranYue:RandomDrawCardRelic","NeowsBlessing","LetterFromLob","MealTicket","Omamori","hubris:Icosahedron","Strawberry","Bromod:ArcaneGuardian"],"acts_visited":["Exordium"],"potions_floor_usage":[],"damage_taken":[{"damage":0,"enemies":"Jaw Worm","floor":1,"turns":1},{"damage":0,"enemies":"2 Louse","floor":8,"turns":1},{"damage":0,"enemies":"conspire:RoseBush","floor":10,"turns":1},{"damage":8,"enemies":"conspire:2 RoseBushes","floor":12,"turns":4},{"damage":6,"enemies":"3 Louse","floor":13,"turns":3},{"damage":47,"enemies":"HollowMod:MossKnight","floor":14,"turns":13},{"damage":40,"enemies":"Hexaghost","floor":16,"turns":11}],"seed_played":"-1052344947122828074","potions_obtained":[{"floor":12,"key":"Weak Potion"},{"floor":14,"key":"Swift Potion"}],"is_trial":false,"path_per_floor":["M","?","?","?","$","R","E","M","T","M","R","M","M","E","R","B"],"character_chosen":"HUNTRESS","items_purchased":["DemoMod:HuntsMan","DemoMod:DoubleSwitch"],"campfire_rested":1,"item_purchase_floors":[5,5],"current_hp_per_floor":[70,70,60,60,70,70,70,70,77,77,77,69,63,16,39,0,0],"gold":129,"neow_bonus":"THREE_ENEMY_KILL","is_daily":false,"chose_seed":false,"campfire_upgraded":2,"win_rate":0.0,"timestamp":1610009084,"path_taken":["M","?","?","?","$","R","E","M","T","M","R","M","?","E","R","BOSS"],"items_purchased_type":["Card","Card"],"build_version":"2020-12-22","purchased_purges":0,"victory":false,"max_hp_per_floor":[70,70,70,70,70,70,70,70,77,77,77,77,77,77,77,77,77],"relic_stats":{"counters":[7,34],"MealTicket":10,"obtain_stats":[{"hubris:Icosahedron":4,"DemoMod:Dog":0,"LagranYue:RandomDrawCardRelic":0,"NeowsBlessing":0,"Strawberry":9,"MealTicket":3,"DemoMod:GlassGuonStoneRelic":10,"LetterFromLob":1,"Omamori":3,"Bromod:ArcaneGuardian":14},{"hubris:Icosahedron":1,"DemoMod:Dog":0,"LagranYue:RandomDrawCardRelic":0,"NeowsBlessing":0,"Strawberry":2,"MealTicket":1,"DemoMod:GlassGuonStoneRelic":3,"LetterFromLob":1,"Omamori":1,"Bromod:ArcaneGuardian":6},{"hubris:Icosahedron":1,"DemoMod:Dog":0,"LagranYue:RandomDrawCardRelic":0,"NeowsBlessing":0,"Strawberry":2,"MealTicket":1,"DemoMod:GlassGuonStoneRelic":3,"LetterFromLob":1,"Omamori":1,"Bromod:ArcaneGuardian":23}]},"card_choices":[{"not_picked":["DemoMod:Ejector","DemoMod:HardPowerCard"],"picked":"DemoMod:PotionOfGunFriendShip","floor":1},{"not_picked":["DemoMod:ProbeStrike","DemoMod:AbyssalTentacle"],"picked":"DemoMod:DirectionalPad","floor":8},{"not_picked":["DemoMod:FastSwitch","DemoMod:HardPowerCard"],"picked":"DemoMod:BattleInHaste","floor":10},{"not_picked":["DemoMod:Ejector","DemoMod:PotionOfGunFriendShip"],"picked":"DemoMod:HardPowerCard","floor":12},{"not_picked":["DemoMod:DoubleSwitch","DemoMod:GunstockTap"],"picked":"DemoMod:RadGun","floor":13},{"not_picked":["DemoMod:GunstockTap","DemoMod:GunShield"],"picked":"DemoMod:JK47","floor":14}],"player_experience":148333,"relics_obtained":[{"floor":1,"key":"LetterFromLob"},{"floor":9,"key":"Strawberry"},{"floor":14,"key":"Bromod:ArcaneGuardian"}],"event_choices":[{"damage_healed":0,"gold_gain":1,"player_choice":"Relic Relic ","damage_taken":10,"max_hp_gain":0,"max_hp_loss":0,"event_name":"betterThird:BetterScrap","floor":3,"gold_loss":0,"cards_obtained":["hubris:PowerSurge"]}],"is_beta":false,"boss_relics":[],"items_purged_floors":[],"is_endless":false,"potions_floor_spawned":[12,14],"killed_by":"Hexaghost","ascension_level":0}}