{"host":"ig7tc0uedzltt2sr","time":1610059138,"event":{"mods":["BaseMod","Better Twitch Integration","Block Reminder","Colored Map","Colored Powertips","Communication Mod","Current Relic Mod","GifTheSpireLib","HexUI Lib","Minty Spire (QoL Compilation)","Quick Restart","Random Character Button","Rare Cards Sparkle","Relic Sorter","Relic Stats","Slay the Relics Exporter","StSLib","SuperFastMode","Synergy Search","Twitch Decklist","Twitch Utils","everything is the same but u backflip on backflip","slay the spire mod where everything is the same but ironclad has a cowboy hat"],"gold_per_floor":[109,109,184,184,184,204,220,220,247,264,264,264,264],"floor_reached":12,"playtime":53,"items_purged":[],"score":68,"play_id":"6fd26030-01a4-4c98-a709-a1350c842a60","local_time":"20210107143858","is_ascension_mode":false,"campfire_choices":[{"floor":8,"key":"RECALL"},{"data":"Strike_R","floor":11,"key":"SMITH"}],"circlet_count":0,"master_deck":["Strike_R+1","Strike_R","Strike_R","Strike_R","Defend_R","Defend_R","Defend_R","Bash","Injury","Fire Breathing","Offering","Uppercut","Sentinel","Warcry","Dark Embrace"],"relics":["Burning Blood"],"acts_visited":["Exordium"],"potions_floor_usage":[],"damage_taken":[{"damage":21,"enemies":"Jaw Worm","floor":1,"turns":4},{"damage":4,"enemies":"Cultist","floor":6,"turns":4},{"damage":9,"enemies":"Small Slimes","floor":7,"turns":5},{"damage":25,"enemies":"Blue Slaver","floor":10,"turns":4},{"damage":41,"enemies":"Lagavulin","floor":12,"turns":5}],"seed_played":"6332150411614253664","potions_obtained":[{"floor":6,"key":"Dexterity Potion"}],"is_trial":false,"path_per_floor":["M","$","?","$","?","M","M","R","T","M","R","E"],"character_chosen":"IRONCLAD","items_purchased":[],"campfire_rested":0,"item_purchase_floors":[],"current_hp_per_floor":[65,65,57,57,57,59,56,56,56,37,37,0,0],"gold":264,"neow_bonus":"TRANSFORM_TWO_CARDS","is_daily":false,"chose_seed":false,"campfire_upgraded":1,"win_rate":0.0,"timestamp":1610059138,"path_taken":["M","$","?","$","?","M","M","R","T","M","R","E"],"items_purchased_type":[],"build_version":"2020-12-22","purchased_purges":0,"victory":false,"max_hp_per_floor":[80,80,80,80,80,80,80,80,80,80,80,80,80],"relic_stats":{"counters":[5,22],"obtain_stats":[{"Burning Blood":0},{"Burning Blood":0},{"Burning Blood":0}],"Burning Blood":24},"card_choices":[{"not_picked":["Perfected Strike","Havoc"],"picked":"Uppercut","floor":1},{"not_picked":["Pommel Strike","Armaments"],"picked":"Sentinel","floor":6},{"not_picked":["Feel No Pain","Flex"],"picked":"Warcry","floor":7},{"not_picked":["Cleave","Combust"],"picked":"Dark Embrace","floor":10}],"player_experience":1458647,"relics_obtained":[],"event_choices":[{"damage_healed":0,"gold_gain":75,"player_choice":"Touch","damage_taken":8,"max_hp_gain":0,"max_hp_loss":0,"event_name":"FaceTrader","floor":3,"gold_loss":0},{"damage_healed":0,"gold_gain":0,"player_choice":"Leave","damage_taken":0,"max_hp_gain":0,"max_hp_loss":0,"event_name":"The Cleric","floor":5,"gold_loss":0}],"is_beta":false,"boss_relics":[],"items_purged_floors":[],"is_endless":false,"potions_floor_spawned":[6],"killed_by":"Lagavulin","ascension_level":0}}