{"host":"8qkhzo0jjkmvsb7l","time":1610051281,"event":{"mods":["BaseMod","Conspire","Downfall","Marisa????????","Minty Spire (QoL Compilation)","Replay The Spire","StSLib"],"gold_per_floor":[156,167,77,77,96,6,6,21,21,6,16,16,26,11,29,128,128,128,138,156,156,170,170,170,187,187,197,213,213,230,230,247,347,347,347,358,371,382,399,424,448,448,448,115,133,133,133,144,162,162],"floor_reached":51,"playtime":3121,"items_purged":["Slimebound:Strike_Slimebound"],"score":702,"play_id":"dbc73c45-d295-4c59-ba57-ebed357c2334","local_time":"20210107232801","is_ascension_mode":false,"campfire_choices":[{"data":"Slimebound:AcidTongue","floor":9,"key":"SMITH"},{"data":"Slimebound:GrowthPunch","floor":12,"key":"SMITH"},{"floor":18,"key":"DIG"},{"data":"Slimebound:ProtectTheBoss","floor":26,"key":"SMITH"},{"data":"Slimebound:RainOfGoop","floor":29,"key":"SMITH"},{"floor":35,"key":"DIG"},{"floor":43,"key":"REST"},{"floor":46,"key":"REST"}],"circlet_count":0,"master_deck":["Slimebound:Defend_Slimebound","Slimebound:Defend_Slimebound","Slimebound:Defend_Slimebound","Slimebound:Defend_Slimebound","Slimebound:Split+1","Slimebound:CorrosiveSpit","Slimebound:GrowthPunch+1","Slimebound:SamplingLick","Slimebound:RollThrough","Slimebound:SplitMire","Slimebound:ProtectTheBoss+1","Slimebound:LevelUp","Slimebound:AcidTongue+1","Slimebound:SamplingLick","Slimebound:RejuvenatingLick","Slimebound:MegaLick","Slimebound:SplitLeeching","Slimebound:RallyTheTroops","Slimebound:SlimeTap","Slimebound:SplitAcid","Slimebound:Tackle+1","Slimebound:Tackle+1","Slimebound:Tackle+1","Slimebound:SplitBruiser","Slimebound:ComboTackle","Slimebound:Nibble+1","Slimebound:RainOfGoop+1","Slimebound:SlimeTap+1","Slimebound:LevelUp","Slimebound:MinionMaster","Slimebound:SelfFormingGoo","Slimebound:DivideAndConquer+1","Slimebound:SamplingLick+1","Slimebound:Repurpose+1","Slimebound:BestDefense","Slimebound:RejuvenatingLick","Slimebound:SamplingLick","Slimebound:Equalize+1"],"relics":["Slimebound:AbsorbEndCombat","Letter Opener","downfall:ShatteredFragment","conspire:GlowingRock","Honey Jar","Juzu Bracelet","Replay:Kaleidoscope","Fusion Hammer","Bag of Preparation","conspire:Dentures","Boot"],"acts_visited":["Exordium","TheCity","TheBeyond"],"potions_floor_usage":[13,16,19,22,33,33,40,50,50,50],"damage_taken":[{"damage":8,"enemies":"conspire:RoseBush","floor":2,"turns":3},{"damage":8,"enemies":"downfall:FleeingMerchant","floor":3,"turns":4},{"damage":12,"enemies":"Cultist","floor":5,"turns":2},{"damage":17,"enemies":"downfall:FleeingMerchant","floor":6,"turns":4},{"damage":20,"enemies":"Small Slimes","floor":8,"turns":2},{"damage":22,"enemies":"downfall:FleeingMerchant","floor":10,"turns":4},{"damage":24,"enemies":"Exordium Wildlife","floor":11,"turns":4},{"damage":7,"enemies":"Exordium Thugs","floor":13,"turns":3},{"damage":27,"enemies":"downfall:FleeingMerchant","floor":14,"turns":4},{"damage":6,"enemies":"Gremlin Gang","floor":15,"turns":3},{"damage":45,"enemies":"downfall:Silent","floor":16,"turns":6},{"damage":21,"enemies":"3 Byrds","floor":19,"turns":3},{"damage":8,"enemies":"Chosen","floor":20,"turns":4},{"damage":37,"enemies":"Snecko","floor":22,"turns":5},{"damage":28,"enemies":"Centurion and Healer","floor":25,"turns":4},{"damage":22,"enemies":"Shelled Parasite and Fungi","floor":27,"turns":3},{"damage":30,"enemies":"Cultist and Chosen","floor":28,"turns":3},{"damage":12,"enemies":"3 Cultists","floor":30,"turns":3},{"damage":16,"enemies":"Chosen and Byrds","floor":32,"turns":3},{"damage":72,"enemies":"downfall:Ironclad","floor":33,"turns":5},{"damage":12,"enemies":"Orb Walker","floor":36,"turns":3},{"damage":12,"enemies":"3 Darklings","floor":37,"turns":3},{"damage":30,"enemies":"4 Shapes","floor":38,"turns":3},{"damage":24,"enemies":"Transient","floor":39,"turns":5},{"damage":25,"enemies":"Nemesis","floor":40,"turns":3},{"damage":40,"enemies":"Spire Growth","floor":45,"turns":3},{"damage":31,"enemies":"Sphere and 2 Shapes","floor":48,"turns":3},{"damage":24,"enemies":"Transient","floor":49,"turns":5},{"damage":39,"enemies":"downfall:Watcher","floor":50,"turns":5}],"seed_played":"-4741093051128519817","potions_obtained":[{"floor":2,"key":"Swift Potion"},{"floor":5,"key":"Elixir"},{"floor":11,"key":"Block Potion"},{"floor":15,"key":"ColorlessPotion"},{"floor":16,"key":"Weak Potion"},{"floor":22,"key":"SteroidPotion"},{"floor":27,"key":"Slimebound:ThreeZeroPotion"},{"floor":28,"key":"SkillPotion"},{"floor":37,"key":"SneckoOil"},{"floor":48,"key":"Dexterity Potion"},{"floor":49,"key":"sneckomod:MuddlingPotion"}],"is_trial":false,"path_per_floor":["R","M","$","?","M","$","T","M","R","$","M","R","M","$","M","B",null,"R","M","M","?","M","?","T","M","R","M","M","R","M","?","M","B",null,"R","M","M","M","M","E","T","?","R","?","M","R","?","M","M","B",null],"character_chosen":"SLIMEBOUND","items_purchased":["Slimebound:AcidTongue"],"campfire_rested":2,"item_purchase_floors":[6],"current_hp_per_floor":[45,53,60,42,54,60,60,60,60,60,55,55,60,60,60,60,60,60,60,60,60,55,55,55,60,60,60,60,60,60,60,60,28,60,60,60,60,60,60,60,60,60,60,68,48,68,68,65,68,60],"gold":162,"neow_bonus":"UPGRADE_CARD","is_daily":false,"chose_seed":false,"campfire_upgraded":4,"win_rate":0.0,"timestamp":1610051281,"path_taken":["R","M","$","?","M","?","T","M","R","$","?","R","M","$","M","BOSS","R","M","M","?","M","?","T","M","R","M","M","R","M","?","M","BOSS","R","M","M","M","M","E","T","?","R","?","M","R","?","M","M","BOSS"],"items_purchased_type":["Card"],"build_version":"2020-12-22","purchased_purges":1,"victory":true,"max_hp_per_floor":[60,60,60,60,60,60,60,60,60,60,60,60,60,60,60,60,60,60,60,60,60,60,60,60,60,60,60,60,60,60,60,60,60,60,60,60,60,60,60,60,60,60,60,68,68,68,68,68,68,68],"card_choices":[{"not_picked":["Slimebound:MegaLick","Slimebound:ForwardTackle"],"picked":"Slimebound:GrowthPunch","floor":1},{"not_picked":["Slimebound:SplitBruiser","Slimebound:ServeAndProtect"],"picked":"Slimebound:SamplingLick","floor":1},{"not_picked":["Slimebound:SplitAcid","Slimebound:FlameTackle"],"picked":"Slimebound:RollThrough","floor":2},{"not_picked":["Slimebound:GoopSpray","Slimebound:SplitBruiser"],"picked":"Slimebound:SplitMire","floor":3},{"not_picked":["Slimebound:FinishingTackle","Slimebound:DivideAndConquer"],"picked":"Slimebound:ProtectTheBoss","floor":5},{"not_picked":["Slimebound:SplitLeeching","Slimebound:RollThrough"],"picked":"Slimebound:LevelUp","floor":6},{"not_picked":["Slimebound:Chomp","Slimebound:LeechingTouch"],"picked":"Slimebound:SamplingLick","floor":8},{"not_picked":["Slimebound:SplitMire","Slimebound:PressTheAttack","Slimebound:DouseInSlime"],"picked":"SKIP","floor":10},{"not_picked":["Slimebound:LivingWall","Slimebound:SlimeBrawl"],"picked":"Slimebound:RejuvenatingLick","floor":11},{"not_picked":["Slimebound:Grow","Slimebound:FinishingTackle"],"picked":"Slimebound:MegaLick","floor":13},{"not_picked":["Slimebound:ServeAndProtect","Slimebound:LevelUp","Slimebound:GrowthPunch"],"picked":"SKIP","floor":14},{"not_picked":["Slimebound:RejuvenatingLick","Slimebound:SamplingLick"],"picked":"Slimebound:SplitLeeching","floor":15},{"not_picked":["Slimebound:Overexert","Slimebound:WasteNot"],"picked":"Slimebound:RallyTheTroops","floor":16},{"not_picked":["Slimebound:Schlurp","Slimebound:LevelUp","Slimebound:SplitLeeching"],"picked":"Slimebound:SlimeTap","floor":19},{"not_picked":["Slimebound:FinishingTackle+1","Slimebound:SpikyOuterGoop+1","Slimebound:ComboTackle+1"],"picked":"Slimebound:SplitAcid","floor":20},{"not_picked":["Slimebound:MegaLick+1","Slimebound:Repurpose","Slimebound:LeechingTouch"],"picked":"Slimebound:SplitBruiser","floor":22},{"not_picked":["Slimebound:SplitAcid","Slimebound:Prepare","Slimebound:SplitBruiser+1"],"picked":"Slimebound:ComboTackle","floor":25},{"not_picked":["Slimebound:WasteNot","Slimebound:Equalize","Slimebound:Schlurp+1"],"picked":"Slimebound:Nibble+1","floor":27},{"not_picked":["Slimebound:Equalize","Slimebound:PressTheAttack","Slimebound:GoopSpray+1"],"picked":"Slimebound:RainOfGoop","floor":28},{"not_picked":["Slimebound:Dissolve","Slimebound:SlimeBrawl+1","Slimebound:ServeAndProtect"],"picked":"Slimebound:SlimeTap+1","floor":30},{"not_picked":["Slimebound:ServeAndProtect","Slimebound:Schlurp","Slimebound:PressTheAttack"],"picked":"Slimebound:LevelUp","floor":32},{"not_picked":["Slimebound:MassFeed","Slimebound:WasteNot","Slimebound:Overexert"],"picked":"Slimebound:MinionMaster","floor":33},{"not_picked":["Slimebound:LeechEnergy+1","Slimebound:SamplingLick","Slimebound:PressTheAttack+1"],"picked":"Slimebound:SelfFormingGoo","floor":36},{"not_picked":["Slimebound:GrowthPunch+1","Slimebound:PressTheAttack","Slimebound:Schlurp"],"picked":"Slimebound:DivideAndConquer+1","floor":37},{"not_picked":["Slimebound:DivideAndConquer","Slimebound:SplitAcid","Slimebound:PressTheAttack+1"],"picked":"Slimebound:SamplingLick+1","floor":38},{"not_picked":["Slimebound:LeechEnergy+1","Slimebound:RejuvenatingLick","Slimebound:GrowthPunch+1"],"picked":"Slimebound:Repurpose+1","floor":39},{"not_picked":["Slimebound:DouseInSlime","Slimebound:MegaLick","Slimebound:PressTheAttack+1"],"picked":"Slimebound:BestDefense","floor":40},{"not_picked":["Slimebound:Dissolve","Slimebound:ForwardTackle","Slimebound:SplitBruiser+1"],"picked":"Slimebound:RejuvenatingLick","floor":45},{"not_picked":["Slimebound:DivideAndConquer","Slimebound:RollThrough+1","Slimebound:LeechingTouch"],"picked":"Slimebound:SamplingLick","floor":48},{"not_picked":["Slimebound:Nibble","Slimebound:LevelUp+1","Slimebound:LeechingTouch"],"picked":"Slimebound:Equalize+1","floor":49}],"player_experience":229180,"relics_obtained":[{"floor":1,"key":"Letter Opener"},{"floor":7,"key":"conspire:GlowingRock"},{"floor":18,"key":"Juzu Bracelet"},{"floor":24,"key":"Replay:Kaleidoscope"},{"floor":35,"key":"Bag of Preparation"},{"floor":40,"key":"conspire:Dentures"},{"floor":41,"key":"Boot"}],"event_choices":[{"damage_healed":0,"gold_gain":0,"player_choice":"Leave","damage_taken":0,"max_hp_gain":0,"max_hp_loss":0,"event_name":"conspire:Investor","floor":47,"gold_loss":0}],"is_beta":false,"boss_relics":[{"not_picked":["ChewingGum","Snecko Eye"],"picked":"Honey Jar"},{"not_picked":["SacredBark","conspire:SeveredTorchhead"],"picked":"Fusion Hammer"}],"items_purged_floors":[3],"is_endless":false,"potions_floor_spawned":[2,5,11,15,16,22,27,28,37,48,49],"ascension_level":0}}