{"host":"xx5zt3jtdyh8iun7","time":1610013525,"event":{"mods":["AchievementEnabler","Act Like it!","BaseMod","Gensokyo","Koishi","Minty Spire (QoL Compilation)","StSLib","The Senshi"],"gold_per_floor":[116,133,133,144,2,30,30,44,44,72,72,82,112,125,125,224,224,244,255,270,290,88,88,120,131,131,131,131,162,162,162,162,262,262,281,281,297,30,44,77,77,104,104,14,14,14,14,46,58,70,82,94,6,35,35],"floor_reached":56,"playtime":8149,"items_purged":["Injury","theSenshi:SailorKick","theSenshi:NeptunesGrace"],"score":1336,"play_id":"f46bc726-07a4-46af-b9af-424cd9e812f8","local_time":"20210107105845","is_ascension_mode":true,"campfire_choices":[{"data":"theSenshi:RoseThrow","floor":7,"key":"SMITH"},{"data":"theSenshi:MoonCrisisMakeUp","floor":15,"key":"SMITH"},{"data":"theSenshi:SilverMoonCrystalPowerKiss","floor":23,"key":"SMITH"},{"data":"theSenshi:MoonGorgeousMeditation","floor":28,"key":"SMITH"},{"floor":30,"key":"RECALL"},{"data":"Gensokyo:FourOfAKind","floor":32,"key":"SMITH"},{"data":"Gensokyo:FourOfAKind","floor":41,"key":"SMITH"},{"data":"Gensokyo:FourOfAKind","floor":47,"key":"SMITH"},{"data":"Gensokyo:FourOfAKind","floor":49,"key":"SMITH"},{"data":"theSenshi:IWillPunishYou","floor":52,"key":"SMITH"}],"circlet_count":0,"master_deck":["theSenshi:SailorKick","theSenshi:SailorKick","theSenshi:SailorKick","theSenshi:SailorBlock","theSenshi:SailorBlock","theSenshi:SailorBlock","theSenshi:SailorBlock","theSenshi:RoseThrow+1","theSenshi:MoonPrismPowerMakeUp","theSenshi:SailorJupiterAssists","theSenshi:SailorChibiMoonAssists","theSenshi:MoonCrystalPowerMakeUp","theSenshi:ChibiMoonsLove","theSenshi:YouCanTalk","theSenshi:MoonPunch","theSenshi:MoonCrisisMakeUp+1","theSenshi:SaturnsMystery","theSenshi:MoonHealingEscalation","theSenshi:SilverMoonCrystalPowerKiss+1","theSenshi:MoonPrincessHalation","theSenshi:MoonGorgeousMeditation+1","theSenshi:RainbowMoonHeartAche+1","theSenshi:MoonCosmicPowerMakeUp","Gensokyo:FourOfAKind+1","Gensokyo:FourOfAKind+1","Gensokyo:FourOfAKind+1","Gensokyo:FourOfAKind+1","theSenshi:IWillPunishYou+1","theSenshi:CrisisMakeUp+1","theSenshi:SchoolBag+1","Gensokyo:CustomPotion","Gensokyo:Dawn+1"],"relics":["theSenshi:TransformationBroochRelic","White Beast Statue","Shuriken","The Courier","theSenshi:CrystalStarRelic","Torii","Philosopher\u0027s Stone","PreservedInsect","Turnip","Gensokyo:SongOfSouls","Regal Pillow","Busted Crown","Medical Kit","Anchor","Bottled Tornado","Question Card","Potion Belt","MawBank","StoneCalendar","theSenshi:CrisisMoonCompactRelic"],"acts_visited":["Gensokyo:Gensokyo","Gensokyo:Gensokyoer","Gensokyo:Gensokyoest","TheEnding"],"potions_floor_usage":[4,6,6,6,6,6,8,10,10,10,13,14,21,24,25,29,33,33,39,39,40,45,45,50,55],"damage_taken":[{"damage":1,"enemies":"Gensokyo:Gryphon","floor":1,"turns":4},{"damage":0,"enemies":"Gensokyo:3_Fairies","floor":2,"turns":5},{"damage":0,"enemies":"Gensokyo:Python","floor":4,"turns":2},{"damage":9,"enemies":"Gensokyo:Cirno","floor":6,"turns":6},{"damage":4,"enemies":"Gensokyo:Kitsune","floor":8,"turns":4},{"damage":23,"enemies":"Gensokyo:Aya","floor":10,"turns":6},{"damage":8,"enemies":"Gensokyo:Python_and_Kodama","floor":12,"turns":4},{"damage":61,"enemies":"Gensokyo:Cirno","floor":13,"turns":11},{"damage":0,"enemies":"Gensokyo:LivingMonolith","floor":14,"turns":3},{"damage":43,"enemies":"Gensokyo:Kokoro","floor":16,"turns":22},{"damage":15,"enemies":"Gensokyo:CosmicMonolith","floor":18,"turns":5},{"damage":8,"enemies":"Gensokyo:3_Dogs","floor":19,"turns":8},{"damage":37,"enemies":"Gensokyo:Chomper_and_Gloop","floor":20,"turns":6},{"damage":27,"enemies":"Gensokyo:Wraith","floor":21,"turns":7},{"damage":14,"enemies":"Gensokyo:Koishi","floor":24,"turns":4},{"damage":23,"enemies":"Gensokyo:Slime_Group","floor":25,"turns":5},{"damage":0,"enemies":"Gensokyo:Reisen","floor":29,"turns":4},{"damage":38,"enemies":"Gensokyo:Eiki","floor":33,"turns":7},{"damage":32,"enemies":"Gensokyo:3_Boulders","floor":35,"turns":8},{"damage":1,"enemies":"Gensokyo:AncientGuardian","floor":37,"turns":4},{"damage":51,"enemies":"Gensokyo:Rafflesia","floor":39,"turns":11},{"damage":32,"enemies":"Gensokyo:Marisa","floor":40,"turns":5},{"damage":42,"enemies":"Gensokyo:Kasen","floor":42,"turns":7},{"damage":7,"enemies":"Gensokyo:Kasen","floor":45,"turns":5},{"damage":19,"enemies":"Gensokyo:Marisa","floor":48,"turns":4},{"damage":35,"enemies":"Gensokyo:Shinki","floor":50,"turns":6},{"damage":40,"enemies":"Shield and Spear","floor":54,"turns":7},{"damage":62,"enemies":"The Heart","floor":55,"turns":9}],"seed_played":"7944593666441897117","potions_obtained":[{"floor":0,"key":"EntropicBrew"},{"floor":0,"key":"SkillPotion"},{"floor":0,"key":"Regen Potion"},{"floor":4,"key":"Ancient Potion"},{"floor":6,"key":"FearPotion"},{"floor":8,"key":"Regen Potion"},{"floor":10,"key":"Fruit Juice"},{"floor":12,"key":"Block Potion"},{"floor":13,"key":"ColorlessPotion"},{"floor":14,"key":"SteroidPotion"},{"floor":16,"key":"FairyPotion"},{"floor":18,"key":"Regen Potion"},{"floor":20,"key":"SneckoOil"},{"floor":21,"key":"Explosive Potion"},{"floor":24,"key":"Fire Potion"},{"floor":25,"key":"Swift Potion"},{"floor":29,"key":"Dexterity Potion"},{"floor":33,"key":"Block Potion"},{"floor":35,"key":"LiquidMemories"},{"floor":39,"key":"LiquidBronze"},{"floor":40,"key":"SteroidPotion"},{"floor":42,"key":"AttackPotion"},{"floor":48,"key":"Strength Potion"},{"floor":54,"key":"Weak Potion"}],"is_trial":false,"path_per_floor":["M","M","?","M","$","E","R","M","T","E","?","M","E","M","R","B",null,"M","M","M","M","$","R","E","M","T","?","R","E","R","?","R","B",null,"M","?","M","COS","M","E","R","E","T","?","?","$","R","E","R","B",null,"R","$","E","B",null],"character_chosen":"THE_SENSHI","items_purchased":["theSenshi:MoonCrystalPowerMakeUp","PreservedInsect"],"campfire_rested":0,"item_purchase_floors":[5,22],"current_hp_per_floor":[74,74,74,74,74,69,69,65,65,70,70,66,21,38,38,41,80,80,80,49,75,75,75,67,80,80,80,80,80,80,56,56,39,56,56,56,56,56,53,40,40,56,56,56,56,56,56,37,37,21,56,56,56,33,1],"gold":35,"neow_bonus":"THREE_SMALL_POTIONS","is_daily":false,"chose_seed":false,"campfire_upgraded":9,"win_rate":0.0,"timestamp":1610013525,"path_taken":["M","M","?","?","$","E","R","M","T","E","?","M","E","?","R","BOSS","M","?","M","M","$","R","E","M","T","?","R","E","R","?","R","BOSS","M","?","M","COS","M","E","R","E","T","?","?","?","R","E","R","BOSS","R","$","E","BOSS"],"items_purchased_type":["Card","Relic"],"build_version":"2020-12-22","purchased_purges":3,"victory":true,"max_hp_per_floor":[75,75,75,75,75,75,75,75,75,80,80,80,80,80,80,80,80,80,80,80,80,80,80,80,80,80,80,80,80,80,56,56,56,56,56,56,56,56,56,56,56,56,56,56,56,56,56,56,56,56,56,56,56,56,56],"card_choices":[{"not_picked":["theSenshi:LateForSchool","theSenshi:PlutosSolemnity"],"picked":"theSenshi:SailorJupiterAssists","floor":1},{"not_picked":["theSenshi:TallSilhouette","theSenshi:LateForSchool"],"picked":"theSenshi:NeptunesGrace","floor":2},{"not_picked":["theSenshi:LateForSchool","theSenshi:Overload"],"picked":"theSenshi:SailorChibiMoonAssists","floor":4},{"not_picked":["theSenshi:MoonPrincessHalation","theSenshi:TuxedoMaskAssists"],"picked":"theSenshi:ChibiMoonsLove","floor":6},{"not_picked":["theSenshi:MoonsReflection","theSenshi:KlutzyLuck"],"picked":"theSenshi:YouCanTalk","floor":8},{"not_picked":["theSenshi:ChibiMoonsLove","theSenshi:SailorStarMakerAssists"],"picked":"theSenshi:MoonPunch","floor":10},{"not_picked":["theSenshi:Sidestep","theSenshi:SailorMarsAssists"],"picked":"theSenshi:MoonCrisisMakeUp","floor":12},{"not_picked":["theSenshi:MoonKick","theSenshi:SchoolBag"],"picked":"theSenshi:SaturnsMystery","floor":13},{"not_picked":["theSenshi:TallSilhouette","theSenshi:MoonPrincessHalation"],"picked":"theSenshi:MoonHealingEscalation","floor":14},{"not_picked":["theSenshi:SailorStarHealerAssists","theSenshi:WarriorOfTheMoon"],"picked":"theSenshi:SilverMoonCrystalPowerKiss","floor":16},{"not_picked":["theSenshi:SupersonicWaves+1","theSenshi:TuxedoSmokingBomber+1"],"picked":"theSenshi:MoonPrincessHalation","floor":18},{"not_picked":["theSenshi:LunasBite","theSenshi:Sidestep+1","theSenshi:SupersonicWaves"],"picked":"SKIP","floor":19},{"not_picked":["theSenshi:MoonsReflection+1","theSenshi:Sidestep"],"picked":"theSenshi:MoonGorgeousMeditation","floor":20},{"not_picked":["theSenshi:InTheNickOfTime+1","theSenshi:SailorMercuryAssists","theSenshi:MarsPride+1"],"picked":"SKIP","floor":21},{"not_picked":["theSenshi:LateForSchool+1","theSenshi:YouCanTalk","theSenshi:InTheNickOfTime"],"picked":"SKIP","floor":24},{"not_picked":["theSenshi:OdangoHead","theSenshi:TuxedoMaskAssists"],"picked":"theSenshi:RainbowMoonHeartAche+1","floor":25},{"not_picked":["theSenshi:MoonPrincessHalation","theSenshi:MoonKick"],"picked":"theSenshi:MoonCosmicPowerMakeUp","floor":29},{"not_picked":["theSenshi:WarriorOfTheMoon","theSenshi:LunaSensingAllies"],"picked":"theSenshi:IWillPunishYou","floor":33},{"not_picked":[],"picked":"theSenshi:CrisisMakeUp+1","floor":35},{"not_picked":[],"picked":"theSenshi:SchoolBag+1","floor":37},{"not_picked":["theSenshi:MoonPower"],"picked":"SKIP","floor":39},{"not_picked":["theSenshi:SailorMarsAssists"],"picked":"SKIP","floor":40},{"not_picked":["theSenshi:TallSilhouette+1"],"picked":"SKIP","floor":42},{"not_picked":["Gensokyo:DreamlikeParadise+1","Gensokyo:RisingWorld+1"],"picked":"Gensokyo:Dawn+1","floor":45},{"not_picked":["theSenshi:SchoolBag+1","theSenshi:SailorVenusAssists+1"],"picked":"SKIP","floor":48},{"not_picked":["theSenshi:MoonTiaraMagic+1","theSenshi:Sidestep"],"picked":"SKIP","floor":54}],"player_experience":640499,"relics_obtained":[{"floor":6,"key":"Shuriken"},{"floor":9,"key":"The Courier"},{"floor":10,"key":"theSenshi:CrystalStarRelic"},{"floor":13,"key":"Torii"},{"floor":24,"key":"Turnip"},{"floor":29,"key":"Regal Pillow"},{"floor":40,"key":"Bottled Tornado"},{"floor":42,"key":"Question Card"},{"floor":43,"key":"Potion Belt"},{"floor":48,"key":"MawBank"},{"floor":54,"key":"theSenshi:CrisisMoonCompactRelic"}],"event_choices":[],"is_beta":false,"boss_relics":[{"not_picked":["Astrolabe","Sozu"],"picked":"Philosopher\u0027s Stone"},{"not_picked":["Runic Pyramid","Calling Bell"],"picked":"Busted Crown"}],"items_purged_floors":[5,22,53],"is_endless":false,"potions_floor_spawned":[2,4,6,8,10,12,13,14,16,18,19,20,21,24,25,29,33,35,37,39,40,42,48,54],"ascension_level":1}}