{"host":"2lo6hma6kymb0g9i","time":1610039194,"event":{"mods":["BaseMod","Colored Map","DeckTracker","Minty Spire (QoL Compilation)"],"gold_per_floor":[119,119,133,58,68,68,68,84,132,173,185,209,246,289,301,417,429,452,478,490,502,529,541,567,579,591,617,629,659,683,695,695],"floor_reached":31,"playtime":1773,"items_purged":["Strike_B"],"score":299,"play_id":"8bdfbc11-5911-4ae7-b3a6-1cbbc3d5000e","local_time":"20210108020634","is_ascension_mode":true,"campfire_choices":[{"data":"Doom and Gloom","floor":6,"key":"SMITH"},{"data":"Rip and Tear","floor":11,"key":"SMITH"},{"data":"Skim","floor":15,"key":"SMITH"},{"floor":23,"key":"REST"}],"circlet_count":0,"master_deck":["Strike_B","Defend_B","Defend_B","Defend_B","Defend_B","Zap","Dualcast","Skim+1","Doom and Gloom+1","BootSequence","Rip and Tear+1","BootSequence","Machine Learning","Turbo","Redo","Conserve Battery","Skim+1","Reboot","Chaos+1"],"relics":["Cracked Core","MawBank","Orichalcum","Dream Catcher","Sundial","SlaversCollar","Kunai"],"acts_visited":["Exordium","TheCity"],"potions_floor_usage":[10,19,27,30,31],"damage_taken":[{"damage":7,"enemies":"Small Slimes","floor":1,"turns":4},{"damage":1,"enemies":"Cultist","floor":3,"turns":4},{"damage":2,"enemies":"Jaw Worm","floor":5,"turns":2},{"damage":6,"enemies":"Lots of Slimes","floor":8,"turns":3},{"damage":10,"enemies":"3 Sentries","floor":10,"turns":3},{"damage":0,"enemies":"Exordium Wildlife","floor":12,"turns":4},{"damage":5,"enemies":"Lagavulin","floor":14,"turns":6},{"damage":28,"enemies":"Slime Boss","floor":16,"turns":10},{"damage":16,"enemies":"2 Thieves","floor":18,"turns":3},{"damage":1,"enemies":"Spheric Guardian","floor":19,"turns":3},{"damage":24,"enemies":"Snecko","floor":22,"turns":4},{"damage":3,"enemies":"3 Cultists","floor":24,"turns":4},{"damage":4,"enemies":"Snake Plant","floor":27,"turns":3},{"damage":36,"enemies":"Centurion and Healer","floor":29,"turns":7},{"damage":0,"enemies":"Sentry and Sphere","floor":30,"turns":4},{"damage":4,"enemies":"Snecko","floor":31,"turns":3}],"seed_played":"-8406197913544823358","potions_obtained":[{"floor":5,"key":"Explosive Potion"},{"floor":8,"key":"LiquidMemories"},{"floor":18,"key":"ColorlessPotion"},{"floor":22,"key":"Swift Potion"},{"floor":24,"key":"Dexterity Potion"}],"is_trial":false,"path_per_floor":["M","?","M","$","M","R","?","M","T","E","R","M","T","E","R","B",null,"M","M","?","$","M","R","M","?","T","M","?","M","M","M"],"character_chosen":"DEFECT","items_purchased":[],"campfire_rested":1,"item_purchase_floors":[],"current_hp_per_floor":[68,68,67,67,65,65,65,59,59,49,49,49,49,44,44,16,75,59,58,44,44,20,44,41,41,41,37,37,1,1,0,0],"gold":695,"neow_bonus":"TRANSFORM_CARD","is_daily":false,"chose_seed":false,"campfire_upgraded":3,"win_rate":0.0,"timestamp":1610039194,"path_taken":["M","?","?","?","M","R","?","M","T","E","R","M","?","E","R","BOSS","M","?","?","$","M","R","M","?","T","?","?","M","M","M"],"items_purchased_type":[],"build_version":"2020-12-22","purchased_purges":1,"victory":false,"max_hp_per_floor":[75,75,75,75,75,75,75,75,75,75,75,75,75,75,75,75,75,75,75,80,80,80,80,80,80,80,80,80,80,80,80,80],"card_choices":[{"not_picked":["Ball Lightning","Coolheaded"],"picked":"Doom and Gloom","floor":1},{"not_picked":["Doom and Gloom","Leap"],"picked":"BootSequence","floor":3},{"not_picked":["Stack","Self Repair","Coolheaded"],"picked":"SKIP","floor":5},{"not_picked":["Sunder","Hello World"],"picked":"Rip and Tear","floor":8},{"not_picked":["Ball Lightning","Barrage"],"picked":"BootSequence","floor":10},{"not_picked":["Stack","Thunder Strike","Lockon"],"picked":"SKIP","floor":12},{"not_picked":["Static Discharge","Storm","Coolheaded"],"picked":"SKIP","floor":14},{"not_picked":["Hyperbeam","Fission"],"picked":"Machine Learning","floor":16},{"not_picked":["Doom and Gloom","Rebound"],"picked":"Turbo","floor":18},{"not_picked":["Fusion","Compile Driver","Conserve Battery"],"picked":"SKIP","floor":19},{"not_picked":["Conserve Battery+1","Barrage"],"picked":"Redo","floor":22},{"not_picked":["Tempest","Compile Driver+1"],"picked":"Conserve Battery","floor":24},{"not_picked":["Reprogram","BootSequence"],"picked":"Reboot","floor":27},{"not_picked":["Stack","Leap","Lockon"],"picked":"SKIP","floor":29},{"not_picked":["Skim","Steam"],"picked":"Chaos+1","floor":30}],"player_experience":946995,"relics_obtained":[{"floor":9,"key":"MawBank"},{"floor":10,"key":"Orichalcum"},{"floor":13,"key":"Dream Catcher"},{"floor":14,"key":"Sundial"},{"floor":26,"key":"Kunai"}],"event_choices":[{"cards_removed":["Strike_B"],"damage_healed":0,"gold_gain":0,"player_choice":"Offered Basic","damage_taken":0,"max_hp_gain":0,"max_hp_loss":0,"event_name":"Bonfire Elementals","floor":2,"gold_loss":0},{"damage_healed":0,"gold_gain":0,"player_choice":"Ignored","damage_taken":0,"max_hp_gain":0,"max_hp_loss":0,"event_name":"Liars Game","floor":7,"gold_loss":0},{"damage_healed":0,"gold_gain":0,"player_choice":"Shed Blood","damage_taken":19,"max_hp_gain":5,"max_hp_loss":0,"event_name":"Forgotten Altar","floor":20,"gold_loss":0},{"damage_healed":0,"gold_gain":0,"player_choice":"Copied","damage_taken":0,"max_hp_gain":0,"max_hp_loss":0,"event_name":"Duplicator","floor":25,"gold_loss":0,"cards_obtained":["Skim"]},{"damage_healed":0,"gold_gain":0,"player_choice":"Ignored","damage_taken":0,"max_hp_gain":0,"max_hp_loss":0,"event_name":"The Mausoleum","floor":28,"gold_loss":0}],"is_beta":false,"boss_relics":[{"not_picked":["Calling Bell","Busted Crown"],"picked":"SlaversCollar"}],"items_purged_floors":[4],"is_endless":false,"potions_floor_spawned":[5,8,18,22,24],"killed_by":"Snecko","ascension_level":4}}