{"host":"J","time":1610029323,"event":{"mods":["BaseMod","Better Third Choice","Minty Spire (QoL Compilation)","StSLib"],"gold_per_floor":[113,128,128,141,153,153,179,179,179,205,205,224,253,16,16,88,88,102,102,102,77,77,77,77],"floor_reached":23,"playtime":724,"items_purged":["Strike_G"],"score":398,"play_id":"9c736ee7-3b95-4f2d-973d-385aaed114ca","local_time":"20210107152203","is_ascension_mode":true,"campfire_choices":[{"data":"Neutralize","floor":6.0,"key":"SMITH"},{"data":"Concentrate","floor":8,"key":"SMITH"},{"floor":11,"key":"REST"},{"data":"Footwork","floor":15,"key":"SMITH"}],"circlet_count":0,"master_deck":["AscendersBane","Strike_G","Strike_G","Strike_G","Strike_G","Defend_G","Defend_G","Defend_G","Defend_G","Defend_G","Survivor","Neutralize+1","Poisoned Stab","Eviscerate","Dagger Spray","Concentrate+1","Footwork+1","Blur","Backflip","Dash","Doppelganger","Calculated Gamble","Expertise","Acrobatics","Shame"],"relics":["Ring of the Snake","NeowsBlessing","Toy Ornithopter","Gremlin Horn","Odd Mushroom","Eternal Feather","Lee\u0027s Waffle","Sozu","Calipers"],"acts_visited":["Exordium","TheCity"],"potions_floor_usage":[13,16,21],"damage_taken":[{"damage":0.0,"enemies":"Cultist","floor":1.0,"turns":1.0},{"damage":0.0,"enemies":"Jaw Worm","floor":2.0,"turns":1.0},{"damage":0.0,"enemies":"Small Slimes","floor":4.0,"turns":1.0},{"damage":0.0,"enemies":"Exordium Wildlife","floor":5.0,"turns":2.0},{"damage":27.0,"enemies":"3 Sentries","floor":7.0,"turns":8.0},{"damage":17,"enemies":"The Mushroom Lair","floor":10,"turns":4},{"damage":9,"enemies":"Looter","floor":12,"turns":4},{"damage":18,"enemies":"Gremlin Nob","floor":13,"turns":4},{"damage":43,"enemies":"The Guardian","floor":16,"turns":19},{"damage":26,"enemies":"Chosen","floor":18,"turns":6},{"damage":6,"enemies":"2 Thieves","floor":21,"turns":4},{"damage":43,"enemies":"Book of Stabbing","floor":23,"turns":7}],"seed_played":"-5759745528674069535","potions_obtained":[{"floor":5.0,"key":"SkillPotion"},{"floor":10,"key":"SteroidPotion"},{"floor":12,"key":"Fire Potion"},{"floor":16,"key":"EntropicBrew"}],"is_trial":false,"path_per_floor":["M","M","?","M","M","R","E","R","T","?","R","M","E","$","R","B",null,"M","?","?","M","?","E"],"character_chosen":"THE_SILENT","items_purchased":["Lee\u0027s Waffle"],"campfire_rested":1,"item_purchase_floors":[14],"current_hp_per_floor":[59,59,64,64,64,64,37,37,37,20,41,32,19,78,78,35,67,41,41,41,40,40,0,0],"gold":77,"neow_bonus":"THREE_ENEMY_KILL","is_daily":false,"chose_seed":false,"campfire_upgraded":3,"win_rate":0.0,"timestamp":1610029323,"path_taken":["M","M","?","M","M","R","E","R","T","?","R","M","E","$","R","BOSS","M","?","?","M","?","E"],"items_purchased_type":["Relic"],"build_version":"2020-12-18","purchased_purges":1,"victory":false,"max_hp_per_floor":[66,66,71,71,71,71,71,71,71,71,71,71,71,78,78,78,78,78,78,78,78,78,78,78],"card_choices":[{"not_picked":["Quick Slash","Accuracy"],"picked":"Poisoned Stab","floor":1.0},{"not_picked":["Prepared","Sucker Punch"],"picked":"Eviscerate","floor":2.0},{"not_picked":["Accuracy","Prepared"],"picked":"Dagger Spray","floor":4.0},{"not_picked":["Choke","Flying Knee"],"picked":"Concentrate","floor":5.0},{"not_picked":["Outmaneuver","Underhanded Strike"],"picked":"Footwork","floor":7},{"not_picked":["Dodge and Roll","Slice"],"picked":"Blur","floor":10},{"not_picked":["Terror","Choke"],"picked":"Backflip","floor":12},{"not_picked":["A Thousand Cuts","Infinite Blades"],"picked":"Dash","floor":13},{"not_picked":["Bullet Time","A Thousand Cuts"],"picked":"Doppelganger","floor":16},{"not_picked":["Finisher","Dash"],"picked":"Calculated Gamble","floor":18},{"not_picked":["Dash","Noxious Fumes+1"],"picked":"Acrobatics","floor":21}],"player_experience":1073459,"relics_obtained":[{"floor":7,"key":"Toy Ornithopter"},{"floor":9,"key":"Gremlin Horn"},{"floor":10,"key":"Odd Mushroom"},{"floor":13,"key":"Eternal Feather"}],"event_choices":[{"damage_healed":0.0,"max_hp_gain":5.0,"max_hp_loss":0.0,"gold_gain":0.0,"event_name":"Big Fish","player_choice":"Donut","floor":3.0,"gold_loss":0.0,"damage_taken":0.0},{"damage_healed":0,"gold_gain":0,"player_choice":"Fought Mushrooms","damage_taken":0,"max_hp_gain":0,"max_hp_loss":0,"event_name":"Mushrooms","floor":10,"gold_loss":0},{"damage_healed":0,"gold_gain":0,"player_choice":"Read","damage_taken":0,"max_hp_gain":0,"max_hp_loss":0,"event_name":"The Library","floor":19,"gold_loss":0,"cards_obtained":["Expertise"]},{"damage_healed":0,"gold_gain":0,"player_choice":"Ignored","damage_taken":0,"max_hp_gain":0,"max_hp_loss":0,"event_name":"Ghosts","floor":20,"gold_loss":0},{"damage_healed":0,"gold_gain":0,"player_choice":"Stole Relic","damage_taken":0,"relics_obtained":["Calipers"],"max_hp_gain":0,"max_hp_loss":0,"event_name":"Addict","floor":22,"gold_loss":0,"cards_obtained":["Shame"]}],"is_beta":true,"boss_relics":[{"not_picked":["SacredBark","Ectoplasm"],"picked":"Sozu"}],"items_purged_floors":[14],"is_endless":false,"potions_floor_spawned":[5,10,12,16,21],"killed_by":"Book of Stabbing","ascension_level":20}}