{"host":"12lnwhc48gjtaggg","time":1610034701,"event":{"mods":["Aspiration","BaseMod","BetterRewards","Energized Spire","Gold Saver","GungeonMod","Infinite Spire","Minty Spire (QoL Compilation)","Remove Card Discount Mod","Shop Mod","StSLib","Trackpad","[IsaacMod]????"],"gold_per_floor":[663,678,678,693,693,693,693,693,693,647,662,587,602,632,632,732,732,765,765,614,629,644,644,674,674,674,751,766,781,811,826,826,926,926,941,956,807,822,837,837,867,867,867,867,867,897,912,927,927,927],"floor_reached":51,"playtime":2853,"items_purged":["Doubt","Clumsy","DemoMod:PotionOfGunFriendShip+1","Writhe","DemoMod:StickyCrossBow","DemoMod:HardPowerCard"],"score":1069,"play_id":"b2a43496-8909-4ff8-a3ee-029638d0326d","local_time":"20210107155141","daily_mods":["SealedDeck","Green Cards","Lethality"],"is_ascension_mode":false,"campfire_choices":[{"data":"DemoMod:PotionOfGunFriendShip","floor":6,"key":"SMITH"},{"data":"DemoMod:ShadowBullets","floor":8,"key":"SMITH"},{"data":"infinitespire:SevenWalls","floor":15,"key":"SMITH"},{"data":"DemoMod:ShadowBullets","floor":23,"key":"SMITH"},{"data":"DemoMod:Slinger","floor":25,"key":"SMITH"},{"data":"DemoMod:ChanceBullets","floor":32,"key":"SMITH"},{"data":"DemoMod:HungryBullets","floor":40,"key":"SMITH"},{"data":"Good Instincts","floor":42,"key":"SMITH"},{"data":"DemoMod:MachoBrace","floor":44,"key":"SMITH"},{"data":"DemoMod:ShadowBullets","floor":49,"key":"SMITH"}],"circlet_count":0,"master_deck":["DemoMod:HardPowerCard","DemoMod:HardPowerCard","DemoMod:MachoBrace+1","DemoMod:PotionOfGunFriendShip+1","DemoMod:TripleGun","DemoMod:MegaHand","DemoMod:DirectionalPad","DemoMod:ShadowBullets+1","infinitespire:SevenWalls+1","Good Instincts+1","DemoMod:CombinedRifle","DemoMod:HungryBullets+1","DemoMod:ChanceBullets+1","DemoMod:DarkMarker","DemoMod:Slinger+1","DemoMod:ShadowBullets+1","DemoMod:ThirdPartyController","DemoMod:Casey+1","DemoMod:CombinedRifle+1","DemoMod:ShadowBullets+1"],"relics":["DemoMod:Dog","HushsDoor","SteamSale","GnawedLeaf","DemoMod:ClearGuonStone","trackpad:ByrdCharm","HornCleat","DemoMod:RiddleOfLead","DeadEye","DemoMod:PortableTableDevice","Bag of Marbles","TheBible","YumHeart","DemoMod:SevenLeafClover","DemoMod:GlassGuonStoneRelic","MerchantsRug","DemoMod:WhiteGuonStone","DoctorsRemote","Lantern","GuppysPaw","infinitespire:FocusingShard","DemoMod:ElasticCartridgeClip","infinitespire:EmpoweringShard"],"acts_visited":["Exordium","TheCity","TheBeyond"],"potions_floor_usage":[33,50,50,50],"damage_taken":[{"damage":14,"enemies":"Jaw Worm","floor":1,"turns":3},{"damage":0,"enemies":"2 Louse","floor":2,"turns":2},{"damage":0,"enemies":"Cultist","floor":4,"turns":3},{"damage":0,"enemies":"Looter","floor":11,"turns":3},{"damage":0,"enemies":"Large Slime","floor":13,"turns":4},{"damage":0,"enemies":"Gremlin Nob","floor":14,"turns":3},{"damage":0,"enemies":"Hexaghost","floor":16,"turns":6},{"damage":0,"enemies":"Chosen","floor":18,"turns":3},{"damage":0,"enemies":"Spheric Guardian","floor":21,"turns":3},{"damage":0,"enemies":"Centurion and Healer","floor":22,"turns":4},{"damage":0,"enemies":"Gremlin Leader","floor":24,"turns":5},{"damage":0,"enemies":"Slavers","floor":27,"turns":5},{"damage":0,"enemies":"Snecko","floor":28,"turns":3},{"damage":0,"enemies":"Sentry and Sphere","floor":29,"turns":3},{"damage":4,"enemies":"Book of Stabbing","floor":30,"turns":3},{"damage":0,"enemies":"Centurion and Healer","floor":31,"turns":4},{"damage":0,"enemies":"Automaton","floor":33,"turns":8},{"damage":0,"enemies":"Orb Walker","floor":35,"turns":1},{"damage":0,"enemies":"3 Darklings","floor":36,"turns":5},{"damage":0,"enemies":"Maw","floor":38,"turns":4},{"damage":0,"enemies":"4 Shapes","floor":39,"turns":4},{"damage":0,"enemies":"Reptomancer","floor":41,"turns":7},{"damage":0,"enemies":"Giant Head","floor":46,"turns":5},{"damage":0,"enemies":"Sphere and 2 Shapes","floor":47,"turns":2},{"damage":0,"enemies":"3 Darklings","floor":48,"turns":3},{"damage":4,"enemies":"infinitespire:MassOfShapes","floor":50,"turns":8}],"seed_played":"8350349167999303424","potions_obtained":[{"floor":2,"key":"Fire Potion"},{"floor":13,"key":"SkillPotion"},{"floor":14,"key":"Fire Potion"},{"floor":33,"key":"DemoMod:LeadSkinPotion"}],"is_trial":false,"path_per_floor":["M","M","$","M","?","R","?","R","T","$","M","$","M","E","R","B",null,"M","?","$","M","M","R","E","R","T","E","M","M","E","M","R","B",null,"M","M","$","M","M","R","E","R","T","R","AVR","E","M","M","R","B",null],"character_chosen":"HUNTRESS","items_purchased":["Good Instincts","DemoMod:ClearGuonStone","DemoMod:PortableTableDevice","DemoMod:Slinger","MerchantsRug","DemoMod:WhiteGuonStone","DoctorsRemote"],"campfire_rested":0,"item_purchase_floors":[10,12,20,20,37,37,37],"current_hp_per_floor":[56,56,56,56,63,63,63,63,63,63,63,63,63,63,63,63,80,80,80,80,80,80,80,80,80,80,80,80,80,76,76,76,76,80,80,80,80,80,80,80,80,80,80,80,80,80,80,80,80,76],"gold":927,"neow_bonus":"","is_daily":true,"chose_seed":false,"campfire_upgraded":10,"win_rate":0.0,"timestamp":1610034701,"path_taken":["M","M","$","M","?","R","?","R","T","?","?","?","M","E","R","BOSS","M","?","$","M","M","R","E","R","T","E","M","M","E","?","R","BOSS","M","M","$","M","M","R","E","R","T","R","AVR","E","M","M","R","BOSS"],"items_purchased_type":["Card","Relic","Relic","Card","Relic","Relic","Relic"],"build_version":"2020-12-22","purchased_purges":6,"victory":true,"max_hp_per_floor":[70,70,70,70,70,70,70,70,70,70,70,70,70,70,70,70,80,80,80,80,80,80,80,80,80,80,80,80,80,80,80,80,80,80,80,80,80,80,80,80,80,80,80,80,80,80,80,80,80,80],"card_choices":[{"not_picked":["DemoMod:FastSwitch","DemoMod:TeaPot","DemoMod:BattleInHaste"],"picked":"SKIP","floor":1},{"not_picked":["DemoMod:LifeOrb","DemoMod:ConditionalReflex","DemoMod:BoxingGlove"],"picked":"SKIP","floor":2},{"not_picked":["DemoMod:TableSutra","DemoMod:DirectionalPad"],"picked":"DemoMod:StickyCrossBow","floor":4},{"not_picked":["infinitespire:FutureSight","infinitespire:DeathsTouch"],"picked":"infinitespire:SevenWalls","floor":7},{"not_picked":["DemoMod:BoxingGlove","DemoMod:StickyCrossBow"],"picked":"DemoMod:CombinedRifle","floor":11},{"not_picked":["DemoMod:MegaHand","DemoMod:SniperShot"],"picked":"DemoMod:HungryBullets","floor":13},{"not_picked":["DemoMod:Elimentaler","DemoMod:Purify"],"picked":"DemoMod:ChanceBullets","floor":14},{"not_picked":["DemoMod:Desperate","DemoMod:BlackHoleGun"],"picked":"DemoMod:DarkMarker","floor":16},{"not_picked":["DemoMod:GunstockTap","DemoMod:TripleGun+1"],"picked":"DemoMod:PotionOfGunFriendShip+1","floor":18},{"not_picked":["DemoMod:CombinedRifle+1","DemoMod:TeaPot"],"picked":"DemoMod:ShadowBullets","floor":21},{"not_picked":["DemoMod:EasyReloadBullets","DemoMod:BattleInHaste","DemoMod:SkilledReload"],"picked":"SKIP","floor":22},{"not_picked":["DemoMod:SpreadAmmo","DemoMod:BoxingGlove","DemoMod:StickyCrossBow"],"picked":"SKIP","floor":24},{"not_picked":["DemoMod:Casey","DemoMod:AC15","DemoMod:JK47+1"],"picked":"SKIP","floor":27},{"not_picked":["DemoMod:BalloonGun","DemoMod:SAA+1","DemoMod:TeaPot"],"picked":"SKIP","floor":28},{"not_picked":["DemoMod:FastSwitch+1","DemoMod:JK47","DemoMod:TeaPot+1"],"picked":"SKIP","floor":29},{"not_picked":["DemoMod:HungryBullets","DemoMod:TripleGun","DemoMod:GunstockTap"],"picked":"SKIP","floor":30},{"not_picked":["DemoMod:RadGun","DemoMod:Ejector+1","DemoMod:FortunesFavor"],"picked":"SKIP","floor":31},{"not_picked":["DemoMod:EasyReloadBullets+1","DemoMod:SAA+1","DemoMod:Unmoved+1"],"picked":"SKIP","floor":35},{"not_picked":["DemoMod:HardPowerCard+1","DemoMod:StrategicReserve","DemoMod:TeaPot"],"picked":"SKIP","floor":36},{"not_picked":["DemoMod:Unmoved+1","DemoMod:FastSwitch","DemoMod:HuntsMan+1"],"picked":"SKIP","floor":38},{"not_picked":["DemoMod:StrategicReserve","DemoMod:DoubleSwitch+1","DemoMod:Camera"],"picked":"SKIP","floor":39},{"not_picked":["DemoMod:Unmoved+1","DemoMod:Replace","DemoMod:PracticeMakesPerfect"],"picked":"SKIP","floor":39},{"not_picked":["DemoMod:BoxingGlove","DemoMod:JK47+1","DemoMod:Ejector+1"],"picked":"SKIP","floor":41},{"not_picked":["DemoMod:SuppressiveFire","DemoMod:Desperate"],"picked":"DemoMod:ThirdPartyController","floor":43},{"not_picked":["DemoMod:HuntsMan","DemoMod:FeignSurrender","DemoMod:GunstockTap+1"],"picked":"SKIP","floor":46},{"not_picked":["DemoMod:DirectionalPad+1","DemoMod:Unmoved"],"picked":"DemoMod:Casey+1","floor":47},{"not_picked":["DemoMod:GunstockTap+1","DemoMod:TeaPot"],"picked":"DemoMod:CombinedRifle+1","floor":47},{"not_picked":["DemoMod:MachoBrace","DemoMod:TableSutra+1"],"picked":"DemoMod:ShadowBullets","floor":48}],"player_experience":389109,"relics_obtained":[{"floor":9,"key":"GnawedLeaf"},{"floor":14,"key":"trackpad:ByrdCharm"},{"floor":16,"key":"HornCleat"},{"floor":24,"key":"Bag of Marbles"},{"floor":26,"key":"TheBible"},{"floor":27,"key":"YumHeart"},{"floor":30,"key":"DemoMod:SevenLeafClover"},{"floor":41,"key":"Lantern"},{"floor":43,"key":"GuppysPaw"},{"floor":43,"key":"infinitespire:FocusingShard"},{"floor":46,"key":"infinitespire:EmpoweringShard"}],"event_choices":[{"damage_healed":0,"gold_gain":0,"player_choice":"Opened","damage_taken":0,"relics_obtained":["DeadEye"],"max_hp_gain":0,"max_hp_loss":0,"event_name":"The Mausoleum","floor":19,"gold_loss":0,"cards_obtained":["Writhe"]}],"is_beta":false,"boss_relics":[{"not_picked":["Velvet Choker","energizedSpire:MagnifyingGlass"],"picked":"DemoMod:RiddleOfLead"},{"not_picked":[]},{"not_picked":["aspiration:DefectSkillbook","Runic Dome"],"picked":"energizedSpire:DeadBattery"},{"not_picked":[]}],"items_purged_floors":[10,10,20,20,37,37],"is_endless":false,"potions_floor_spawned":[2,13,14,16,18,24,27,31,33,35,39,48],"ascension_level":0}}