{"host":"poshtwjux72eqzmy","time":1610062644,"event":{"mods":["BaseMod","Bestiary","Block Reminder","Colored Powertips","Highlight Path","Minty Spire (QoL Compilation)","Quick Restart","Relic Stats","ojb\u0027s Info Mod"],"gold_per_floor":[113,113,113,125,138,166,193,236,261,261,280,315,324,347,347,427,427,448,471,496,511,511,511,551,551,551,581,26,26,26,59,59,59,59],"floor_reached":33,"playtime":2197,"items_purged":["SignatureMove"],"score":796,"play_id":"40326d98-bb51-4e97-97da-29c81a5f24c4","local_time":"20210108013724","is_ascension_mode":true,"campfire_choices":[{"floor":10.0,"key":"REST"},{"data":"CrushJoints","floor":15.0,"key":"SMITH"},{"floor":23.0,"key":"REST"},{"data":"Wallop","floor":25.0,"key":"SMITH"},{"data":"ThirdEye","floor":32.0,"key":"SMITH"}],"circlet_count":0,"master_deck":["AscendersBane","Strike_P","Strike_P","Strike_P","Defend_P","Defend_P","Defend_P","Eruption","Vigilance","EmptyBody","CrushJoints+1","Wallop+1","WheelKick","WreathOfFlame","FollowUp","Vault","ThirdEye+1","SashWhip+1","Conclude","Study+1","Master of Strategy"],"relics":["VioletLotus","Omamori","CeramicFish","Shuriken","Ancient Tea Set","Regal Pillow","Velvet Choker","Bronze Scales","Eternal Feather","Akabeko","Mummified Hand","Kunai"],"acts_visited":["Exordium","TheCity"],"potions_floor_usage":[],"damage_taken":[{"damage":6.0,"enemies":"Small Slimes","floor":1.0,"turns":5.0},{"damage":5.0,"enemies":"Jaw Worm","floor":4.0,"turns":5.0},{"damage":0.0,"enemies":"2 Louse","floor":5.0,"turns":4.0},{"damage":8.0,"enemies":"Gremlin Nob","floor":6.0,"turns":3.0},{"damage":31.0,"enemies":"3 Sentries","floor":8.0,"turns":11.0},{"damage":10.0,"enemies":"Gremlin Gang","floor":11.0,"turns":5.0},{"damage":0.0,"enemies":"Gremlin Nob","floor":12.0,"turns":3.0},{"damage":9.0,"enemies":"3 Louse","floor":14.0,"turns":6.0},{"damage":0.0,"enemies":"Slime Boss","floor":16.0,"turns":4.0},{"damage":6.0,"enemies":"Chosen","floor":18.0,"turns":4.0},{"damage":20.0,"enemies":"2 Thieves","floor":19.0,"turns":6.0},{"damage":0.0,"enemies":"Centurion and Healer","floor":20.0,"turns":4.0},{"damage":15.0,"enemies":"Snake Plant","floor":21.0,"turns":5.0},{"damage":7.0,"enemies":"Gremlin Leader","floor":24.0,"turns":5.0},{"damage":23.0,"enemies":"Slavers","floor":27.0,"turns":6.0},{"damage":14.0,"enemies":"Book of Stabbing","floor":31.0,"turns":5.0},{"damage":70,"enemies":"Champ","floor":33,"turns":11}],"seed_played":"283226247450877647","potions_obtained":[{"floor":1.0,"key":"GamblersBrew"},{"floor":4.0,"key":"PowerPotion"},{"floor":6.0,"key":"Ambrosia"},{"floor":14.0,"key":"Swift Potion"},{"floor":19.0,"key":"SpeedPotion"},{"floor":27.0,"key":"SpeedPotion"}],"is_trial":false,"path_per_floor":["M","?","?","M","M","E","T","E","T","R","M","E","?","M","R","B",null,"M","M","M","M","?","R","E","R","T","E","$","?","$","E","R","B"],"character_chosen":"WATCHER","items_purchased":["Mummified Hand","Master of Strategy"],"campfire_rested":2,"item_purchase_floors":[28,28],"current_hp_per_floor":[55,48,48,43,43,35,35,4,4,24,14,14,14,5,5,5,52,46,26,26,11,11,46,39,39,39,16,16,16,16,2,14,0,0],"gold":59,"neow_bonus":"BOSS_RELIC","is_daily":false,"chose_seed":false,"campfire_upgraded":3,"win_rate":0.0,"timestamp":1610062644,"path_taken":["M","?","?","M","M","E","?","E","T","R","M","E","?","M","R","BOSS","M","M","?","?","?","R","E","R","T","E","?","?","$","E","R","BOSS"],"items_purchased_type":["Relic","Card"],"build_version":"2020-12-22","purchased_purges":1,"victory":false,"max_hp_per_floor":[68,68,68,68,68,68,68,68,68,68,68,68,68,68,68,68,68,68,68,68,68,68,68,68,68,68,68,68,68,68,68,68,68,68],"relic_stats":{"Regal Pillow":15,"counters":[17,92],"Shuriken":[26],"Mummified Hand":[2],"CeramicFish":90,"Bronze Scales":[57],"Eternal Feather":12,"VioletLotus":[14],"Kunai":[8],"obtain_stats":[{"Regal Pillow":12,"CeramicFish":7,"Velvet Choker":17,"Eternal Feather":26,"Omamori":6,"Ancient Tea Set":9,"Akabeko":27,"Shuriken":8,"Mummified Hand":28,"Bronze Scales":24,"VioletLotus":0,"Kunai":31,"PureWater":0},{"Regal Pillow":7,"CeramicFish":4,"Velvet Choker":9,"Eternal Feather":14,"Omamori":4,"Ancient Tea Set":5,"Akabeko":15,"Shuriken":5,"Mummified Hand":15,"Bronze Scales":14,"VioletLotus":0,"Kunai":16,"PureWater":0},{"Regal Pillow":36,"CeramicFish":17,"Velvet Choker":46,"Eternal Feather":70,"Omamori":17,"Ancient Tea Set":28,"Akabeko":76,"Shuriken":28,"Mummified Hand":76,"Bronze Scales":70,"VioletLotus":0,"Kunai":81,"PureWater":0}]},"card_choices":[{"not_picked":["Fasting2","ClearTheMind","Protect"],"picked":"SKIP","floor":1.0},{"not_picked":["FlyingSleeves","JustLucky"],"picked":"CrushJoints","floor":4.0},{"not_picked":["Protect","CrushJoints"],"picked":"FlyingSleeves","floor":5.0},{"not_picked":["Prostrate","EmptyFist"],"picked":"Wallop","floor":6.0},{"not_picked":["Collect","DeceiveReality"],"picked":"WheelKick","floor":8.0},{"not_picked":["Sanctity","Consecrate"],"picked":"SignatureMove","floor":11.0},{"not_picked":["Brilliance","EmptyFist","CarveReality"],"picked":"SKIP","floor":12.0},{"not_picked":["EmptyFist","ThirdEye"],"picked":"FollowUp","floor":14.0},{"not_picked":["Brilliance","ConjureBlade"],"picked":"Vault","floor":16.0},{"not_picked":["WheelKick","Sanctity"],"picked":"ThirdEye","floor":18.0},{"not_picked":["FlurryOfBlows","PathToVictory"],"picked":"SashWhip+1","floor":19.0},{"not_picked":["Evaluate","Crescendo"],"picked":"Conclude","floor":20.0},{"not_picked":["FollowUp","Conclude","BowlingBash"],"picked":"SKIP","floor":21.0},{"not_picked":["WreathOfFlame","ForeignInfluence"],"picked":"Study+1","floor":24.0},{"not_picked":["Alpha","Collect","WreathOfFlame"],"picked":"SKIP","floor":27.0},{"not_picked":["Pray","Crescendo","JustLucky"],"picked":"SKIP","floor":31.0}],"player_experience":1043015,"relics_obtained":[{"floor":6.0,"key":"Omamori"},{"floor":7.0,"key":"CeramicFish"},{"floor":8.0,"key":"Shuriken"},{"floor":9.0,"key":"Ancient Tea Set"},{"floor":12.0,"key":"Regal Pillow"},{"floor":24.0,"key":"Bronze Scales"},{"floor":26.0,"key":"Eternal Feather"},{"floor":27.0,"key":"Akabeko"},{"floor":31.0,"key":"Kunai"}],"event_choices":[{"cards_removed":["Defend_P"],"damage_healed":0.0,"max_hp_gain":0.0,"max_hp_loss":0.0,"gold_gain":0.0,"event_name":"Golden Wing","player_choice":"Card Removal","floor":2.0,"gold_loss":0.0,"damage_taken":7.0},{"damage_healed":0.0,"max_hp_gain":0.0,"max_hp_loss":0.0,"gold_gain":0.0,"cards_transformed":["Strike_P"],"event_name":"Living Wall","player_choice":"Change","floor":3.0,"gold_loss":0.0,"damage_taken":0.0,"cards_obtained":["EmptyBody"]},{"damage_healed":0.0,"max_hp_gain":0.0,"max_hp_loss":0.0,"gold_gain":0.0,"cards_transformed":["FlyingSleeves"],"event_name":"Transmorgrifier","player_choice":"Transformed","floor":13.0,"gold_loss":0.0,"damage_taken":0.0,"cards_obtained":["WreathOfFlame"]},{"damage_healed":0.0,"max_hp_gain":0.0,"max_hp_loss":0.0,"gold_gain":0.0,"event_name":"Forgotten Altar","player_choice":"Smashed Altar","floor":22.0,"gold_loss":0.0,"damage_taken":0.0,"cards_obtained":["Decay"]},{"damage_healed":0.0,"max_hp_gain":0.0,"max_hp_loss":0.0,"gold_gain":0.0,"event_name":"Cursed Tome","player_choice":"Ignored","floor":29.0,"gold_loss":0.0,"damage_taken":0.0}],"is_beta":false,"boss_relics":[{"not_picked":["Runic Dome","Tiny House"],"picked":"Velvet Choker"}],"items_purged_floors":[28],"is_endless":false,"potions_floor_spawned":[1,4,6,14,19,20,27],"killed_by":"Champ","ascension_level":20}}