{"host":"da4a6z8aof69aasy","time":1610057252,"event":{"mods":["AchievementEnabler","BaseMod","Block Reminder","Colored Powertips","DeckTracker","Highlight Path","Minty Spire (QoL Compilation)","Permanent Neow","Relic Stats","StSLib"],"gold_per_floor":[111,111,123,134,134,173,173,207,207,240,240,273,273,289,289,379,379,402,402,422,347,52,88,107,107,133,133,149,190,190,230,230,325,325,346,346,365,396,414,455,455,333,401,401,441,468,487,505,505,505,505,505,42,83,83],"floor_reached":56,"playtime":11281,"items_purged":["Strike_B","Decay"],"score":2116,"play_id":"f998fd8b-114f-448e-85d4-de97599c0d6d","local_time":"20210108000732","is_ascension_mode":true,"campfire_choices":[{"data":"Sweeping Beam","floor":7.0,"key":"SMITH"},{"data":"Sunder","floor":11.0,"key":"SMITH"},{"data":"Electrodynamics","floor":13.0,"key":"SMITH"},{"data":"Ball Lightning","floor":15.0,"key":"SMITH"},{"data":"Buffer","floor":25.0,"key":"SMITH"},{"data":"Undo","floor":27.0,"key":"SMITH"},{"data":"Echo Form","floor":30.0,"key":"SMITH"},{"data":"Tempest","floor":32.0,"key":"SMITH"},{"floor":41.0,"key":"RECALL"},{"floor":44.0,"key":"REST"},{"floor":49,"key":"REST"},{"floor":52,"key":"REST"}],"circlet_count":0,"master_deck":["AscendersBane","Defend_B","Defend_B","Defend_B","Defend_B","Zap","Dualcast","Echo Form+1","Genetic Algorithm","Sweeping Beam+1","Ball Lightning+1","Genetic Algorithm","Cold Snap","Sunder+1","Electrodynamics+1","Buffer+1","Undo+1","Tempest+1","Turbo","Hologram","Compile Driver","Seek","Glacier","Hologram","Turbo+1","FTL","Static Discharge","Go for the Eyes+1"],"relics":["Cracked Core","Golden Idol","Emotion Chip","Pear","Pantograph","Akabeko","CaptainsWheel","Nuclear Battery","Bird Faced Urn","Happy Flower","Anchor","Unceasing Top","Sundial","Fusion Hammer","Gambling Chip","Blue Candle","Bag of Preparation","Ancient Tea Set","Shuriken","Vajra"],"acts_visited":["Exordium","TheCity","TheBeyond","TheEnding"],"potions_floor_usage":[55,55],"damage_taken":[{"damage":0.0,"enemies":"Small Slimes","floor":1.0,"turns":3.0},{"damage":2.0,"enemies":"2 Louse","floor":3.0,"turns":4.0},{"damage":1.0,"enemies":"Cultist","floor":4.0,"turns":5.0},{"damage":5.0,"enemies":"Lagavulin","floor":6.0,"turns":6.0},{"damage":24.0,"enemies":"3 Sentries","floor":8.0,"turns":6.0},{"damage":0.0,"enemies":"Lagavulin","floor":10.0,"turns":7.0},{"damage":8.0,"enemies":"Gremlin Nob","floor":12.0,"turns":4.0},{"damage":0.0,"enemies":"Exordium Wildlife","floor":14.0,"turns":4.0},{"damage":21.0,"enemies":"The Guardian","floor":16.0,"turns":10.0},{"damage":0.0,"enemies":"Shell Parasite","floor":18.0,"turns":3.0},{"damage":7.0,"enemies":"Chosen","floor":20.0,"turns":4.0},{"damage":0.0,"enemies":"Gremlin Leader","floor":23.0,"turns":7.0},{"damage":13.0,"enemies":"Snecko","floor":24.0,"turns":6.0},{"damage":0.0,"enemies":"3 Cultists","floor":28.0,"turns":5.0},{"damage":1.0,"enemies":"Slavers","floor":29.0,"turns":5.0},{"damage":0.0,"enemies":"Gremlin Leader","floor":31.0,"turns":7.0},{"damage":33.0,"enemies":"Automaton","floor":33.0,"turns":9.0},{"damage":23.0,"enemies":"3 Darklings","floor":35.0,"turns":3.0},{"damage":0.0,"enemies":"3 Shapes","floor":37.0,"turns":5.0},{"damage":0.0,"enemies":"Mind Bloom Boss Battle","floor":38.0,"turns":5.0},{"damage":0.0,"enemies":"Sphere and 2 Shapes","floor":39.0,"turns":7.0},{"damage":2.0,"enemies":"Nemesis","floor":40.0,"turns":9.0},{"damage":22,"enemies":"Giant Head","floor":45,"turns":12},{"damage":0,"enemies":"4 Shapes","floor":47,"turns":4},{"damage":0,"enemies":"3 Darklings","floor":48,"turns":4},{"damage":4,"enemies":"Donu and Deca","floor":50,"turns":11},{"damage":0,"enemies":"Shield and Spear","floor":54,"turns":5},{"damage":47,"enemies":"The Heart","floor":55,"turns":11}],"seed_played":"7561824482402540327","potions_obtained":[{"floor":3.0,"key":"SpeedPotion"},{"floor":4.0,"key":"EssenceOfSteel"},{"floor":8.0,"key":"FairyPotion"},{"floor":12.0,"key":"LiquidBronze"},{"floor":20.0,"key":"Explosive Potion"},{"floor":23.0,"key":"CultistPotion"}],"is_trial":false,"path_per_floor":["M","?","M","M","?","E","R","E","T","E","R","E","R","M","R","B",null,"M","?","M","?","$","E","M","R","T","R","M","E","R","E","R","B",null,"M","?","M","?","M","E","R","$","T","R","E","T","M","M","R","B",null,"R","$","E","B",null],"character_chosen":"DEFECT","items_purchased":["Bird Faced Urn","Hologram","Shuriken","FTL","Static Discharge"],"campfire_rested":3,"item_purchase_floors":[22,42,53,53,53],"current_hp_per_floor":[64,69,67,66,66,61,61,47,47,47,47,39,39,39,39,43,70,70,70,63,63,63,69,64,64,64,64,70,77,77,79,79,46,71,54,54,62,79,79,77,77,77,77,79,63,63,71,79,79,79,79,79,79,79,35],"gold":83,"neow_bonus":"TRANSFORM_CARD","is_daily":false,"chose_seed":false,"campfire_upgraded":8,"win_rate":0.0,"timestamp":1610057252,"path_taken":["M","?","M","M","?","E","R","E","T","E","R","E","R","M","R","BOSS","M","?","?","?","$","E","M","R","T","R","M","E","R","E","R","BOSS","M","?","?","?","M","E","R","$","T","R","E","?","M","M","R","BOSS","R","$","E","BOSS"],"items_purchased_type":["Relic","Card","Relic","Card","Card"],"build_version":"2020-12-22","purchased_purges":2,"victory":true,"max_hp_per_floor":[71,76,76,76,69,69,69,79,79,79,79,79,79,79,79,79,79,79,79,79,79,79,79,79,79,79,79,79,79,79,79,79,79,79,79,79,79,79,79,79,79,79,79,79,79,79,79,79,79,79,79,79,79,79,79],"relic_stats":{"Happy Flower":[36],"counters":[28,171],"Golden Idol":194,"Blue Candle":[1],"Bag of Preparation":[10],"Emotion Chip":[57,37,16,0,4],"Sundial":[14],"Shuriken":[7],"Pantograph":42,"Bird Faced Urn":[73],"Gambling Chip":[27],"obtain_stats":[{"Pear":8,"Happy Flower":23,"Golden Idol":5,"Blue Candle":40,"Vajra":54,"Bag of Preparation":45,"Ancient Tea Set":46,"Akabeko":10,"Nuclear Battery":17,"Emotion Chip":6,"CaptainsWheel":12,"Anchor":26,"Sundial":31,"Shuriken":53,"Pantograph":9,"Bird Faced Urn":22,"Gambling Chip":38,"Fusion Hammer":34,"Cracked Core":0,"Unceasing Top":29},{"Pear":5,"Happy Flower":12,"Golden Idol":3,"Blue Candle":22,"Vajra":27,"Bag of Preparation":23,"Ancient Tea Set":23,"Akabeko":6,"Nuclear Battery":9,"Emotion Chip":4,"CaptainsWheel":7,"Anchor":13,"Sundial":16,"Shuriken":26,"Pantograph":5,"Bird Faced Urn":11,"Gambling Chip":20,"Fusion Hammer":17,"Cracked Core":0,"Unceasing Top":15},{"Pear":24,"Happy Flower":63,"Golden Idol":12,"Blue Candle":124,"Vajra":160,"Bag of Preparation":136,"Ancient Tea Set":136,"Akabeko":31,"Nuclear Battery":49,"Emotion Chip":18,"CaptainsWheel":35,"Anchor":69,"Sundial":86,"Shuriken":155,"Pantograph":24,"Bird Faced Urn":56,"Gambling Chip":108,"Fusion Hammer":95,"Cracked Core":0,"Unceasing Top":79}],"Unceasing Top":[4]},"card_choices":[{"not_picked":["Turbo","Scrape"],"picked":"Genetic Algorithm","floor":1.0},{"not_picked":["Loop","BootSequence"],"picked":"Sweeping Beam","floor":3.0},{"not_picked":["Leap","Genetic Algorithm"],"picked":"Ball Lightning","floor":4.0},{"not_picked":["Gash","White Noise"],"picked":"Genetic Algorithm","floor":6.0},{"not_picked":["Redo","Coolheaded"],"picked":"Cold Snap","floor":8.0},{"not_picked":["Coolheaded","Double Energy"],"picked":"Sunder","floor":10.0},{"not_picked":["Consume","Compile Driver"],"picked":"Electrodynamics","floor":12.0},{"not_picked":["Turbo","Ball Lightning","Redo"],"picked":"SKIP","floor":14.0},{"not_picked":["Turbo","Ball Lightning","Redo"],"picked":"SKIP","floor":14.0},{"not_picked":["Hyperbeam","Multi-Cast"],"picked":"Buffer","floor":16.0},{"not_picked":["Aggregate","Chaos"],"picked":"Undo","floor":18.0},{"not_picked":["Double Energy","BootSequence","Conserve Battery"],"picked":"SKIP","floor":20.0},{"not_picked":["Double Energy","Sweeping Beam"],"picked":"Turbo","floor":23.0},{"not_picked":["Aggregate","Reinforced Body","Turbo"],"picked":"SKIP","floor":24.0},{"not_picked":["Conserve Battery","Rebound+1"],"picked":"Hologram","floor":28.0},{"not_picked":["Conserve Battery","Turbo","Redo"],"picked":"SKIP","floor":29.0},{"not_picked":["Streamline","Rip and Tear"],"picked":"Compile Driver","floor":31.0},{"not_picked":["Buffer","Echo Form"],"picked":"Seek","floor":33.0},{"not_picked":["Turbo","Chaos","Rebound"],"picked":"SKIP","floor":35.0},{"not_picked":["Ball Lightning","Chaos","Genetic Algorithm"],"picked":"SKIP","floor":37.0},{"not_picked":["Hello World","Redo","Tempest+1"],"picked":"SKIP","floor":39.0},{"not_picked":["Go for the Eyes","Reboot"],"picked":"Glacier","floor":40.0},{"not_picked":["Go for the Eyes","Rebound","Sweeping Beam"],"picked":"SKIP","floor":45},{"not_picked":["White Noise","Rebound","Tempest"],"picked":"SKIP","floor":47},{"not_picked":["Sweeping Beam","Lockon"],"picked":"Turbo+1","floor":48},{"not_picked":["Conserve Battery","Beam Cell"],"picked":"Go for the Eyes+1","floor":54}],"player_experience":2023750,"relics_obtained":[{"floor":6.0,"key":"Emotion Chip"},{"floor":8.0,"key":"Pear"},{"floor":9.0,"key":"Pantograph"},{"floor":10.0,"key":"Akabeko"},{"floor":12.0,"key":"CaptainsWheel"},{"floor":23.0,"key":"Happy Flower"},{"floor":26.0,"key":"Anchor"},{"floor":29.0,"key":"Unceasing Top"},{"floor":31.0,"key":"Sundial"},{"floor":38.0,"key":"Gambling Chip"},{"floor":40.0,"key":"Blue Candle"},{"floor":45,"key":"Bag of Preparation"},{"floor":46,"key":"Ancient Tea Set"},{"floor":54,"key":"Vajra"}],"event_choices":[{"damage_healed":0.0,"max_hp_gain":5.0,"max_hp_loss":0.0,"gold_gain":0.0,"event_name":"Big Fish","player_choice":"Donut","floor":2.0,"gold_loss":0.0,"damage_taken":0.0},{"damage_healed":0.0,"max_hp_gain":0.0,"max_hp_loss":7.0,"gold_gain":0.0,"event_name":"Golden Idol","player_choice":"Lose Max HP","floor":5.0,"gold_loss":0.0,"damage_taken":0.0,"relics_obtained":["Golden Idol"]},{"damage_healed":0.0,"max_hp_gain":0.0,"max_hp_loss":0.0,"gold_gain":0.0,"cards_transformed":["Strike_B"],"event_name":"Transmorgrifier","player_choice":"Transformed","floor":19.0,"gold_loss":0.0,"damage_taken":0.0,"cards_obtained":["Tempest"]},{"cards_removed":["Strike_B"],"damage_healed":0.0,"max_hp_gain":0.0,"max_hp_loss":0.0,"gold_gain":0.0,"event_name":"Beggar","player_choice":"Gave Gold","floor":21.0,"gold_loss":75.0,"damage_taken":0.0},{"damage_healed":0.0,"max_hp_gain":0.0,"max_hp_loss":0.0,"gold_gain":0.0,"event_name":"Wheel of Change","player_choice":"Cursed","floor":36.0,"gold_loss":0.0,"damage_taken":0.0,"cards_obtained":["Decay"]},{"damage_healed":0.0,"max_hp_gain":0.0,"max_hp_loss":0.0,"gold_gain":0.0,"event_name":"MindBloom","player_choice":"Fight","floor":38.0,"gold_loss":0.0,"damage_taken":0.0}],"is_beta":false,"boss_relics":[{"not_picked":["Empty Cage","Tiny House"],"picked":"Nuclear Battery"},{"not_picked":["Astrolabe","Calling Bell"],"picked":"Fusion Hammer"}],"items_purged_floors":[42,53],"is_endless":false,"potions_floor_spawned":[3,4,8,12,16,20,23,38,39,45,47,54],"ascension_level":15}}