{"host":"d61fcf2p3sjwe6yo","time":1610009030,"event":{"mods":["AchievementEnabler","BaseMod","Colored Map","Downfall","Minty Spire (QoL Compilation)","StSLib","SuperFastMode"],"gold_per_floor":[99,115,215,125,135,160,160,160,160,173,173,173,98,109,121,218,218,218,229,246,346,346,346,346,346],"floor_reached":23,"playtime":953,"items_purged":["Slimebound:Strike_Slimebound"],"score":265,"play_id":"a902df8a-6a43-43b0-9734-7ceff6105e5d","local_time":"20210107114350","is_ascension_mode":true,"campfire_choices":[{"data":"Slimebound:Split","floor":1.0,"key":"SMITH"},{"data":"Slimebound:CorrosiveSpit","floor":8.0,"key":"SMITH"},{"floor":11.0,"key":"RECALL"},{"data":"Slimebound:SlimeBarrage","floor":13.0,"key":"SMITH"},{"data":"Slimebound:LivingWall","floor":18,"key":"SMITH"}],"circlet_count":0,"master_deck":["Slimebound:Strike_Slimebound","Slimebound:Strike_Slimebound+1","Slimebound:Tackle+1","Slimebound:Defend_Slimebound","Slimebound:Defend_Slimebound+1","Slimebound:Defend_Slimebound","Slimebound:Split+1","Slimebound:CorrosiveSpit+1","Slimebound:SplitMire","Slimebound:SlimeBarrage+1","Slimebound:LivingWall+1","Regret","Slimebound:DuplicatedForm","Shame"],"relics":["Slimebound:AbsorbEndCombat","Juzu Bracelet","Gremlin Horn","downfall:HeartBlessingRed","sneckomod:SneckoTalon","Art of War"],"acts_visited":["Exordium","TheCity"],"potions_floor_usage":[16,16,23],"damage_taken":[{"damage":9.0,"enemies":"Cultist","floor":2.0,"turns":3.0},{"damage":17.0,"enemies":"downfall:FleeingMerchant","floor":4.0,"turns":4.0},{"damage":8.0,"enemies":"2 Louse","floor":5.0,"turns":2.0},{"damage":40.0,"enemies":"Lagavulin","floor":6.0,"turns":7.0},{"damage":8.0,"enemies":"Small Slimes","floor":10.0,"turns":3.0},{"damage":18.0,"enemies":"Exordium Wildlife","floor":14.0,"turns":2.0},{"damage":28.0,"enemies":"Gremlin Gang","floor":15.0,"turns":3.0},{"damage":49,"enemies":"downfall:Ironclad","floor":16,"turns":9},{"damage":53,"enemies":"3 Byrds","floor":19,"turns":4},{"damage":19,"enemies":"Chosen","floor":20,"turns":3},{"damage":29,"enemies":"Snecko","floor":23,"turns":3}],"seed_played":"-8342239589372362635","potions_obtained":[{"floor":5.0,"key":"Swift Potion"},{"floor":14.0,"key":"GamblersBrew"},{"floor":15.0,"key":"Guardian:BlockOnCardUsePotion"},{"floor":19,"key":"Explosive Potion"}],"is_trial":false,"path_per_floor":["R","M","?","$","M","E","T","R","?","M","R","?","R","M","M","B",null,"R","M","M","?","?","M"],"character_chosen":"SLIMEBOUND","items_purchased":[],"campfire_rested":0,"item_purchase_floors":[],"current_hp_per_floor":[60,61,61,62,66,47,47,47,47,53,53,53,53,51,39,20,55,55,20,21,21,21,0,0,0],"gold":346,"neow_bonus":"TEN_PERCENT_HP_BONUS","is_daily":false,"chose_seed":false,"campfire_upgraded":4,"win_rate":0.0,"timestamp":1610009030,"path_taken":["R","M","?","?","M","E","T","R","?","M","R","?","R","M","M","BOSS","R","M","M","?","?","M"],"items_purchased_type":[],"build_version":"2020-12-22","purchased_purges":1,"victory":false,"max_hp_per_floor":[66,66,66,66,66,66,66,66,66,66,66,66,66,66,66,66,66,66,66,66,66,66,66,66,66],"card_choices":[{"not_picked":["Slimebound:GoopSpray","Slimebound:PressTheAttack"],"picked":"Slimebound:SplitMire","floor":2.0},{"not_picked":["Slimebound:ServeAndProtect","Slimebound:PressTheAttack","Slimebound:GrowthPunch"],"picked":"SKIP","floor":4.0},{"not_picked":["Slimebound:FinishingTackle","Slimebound:AcidTongue"],"picked":"Slimebound:SlimeBarrage","floor":5.0},{"not_picked":["Slimebound:LeechEnergy","Slimebound:HauntingLick"],"picked":"Slimebound:LivingWall","floor":6.0},{"not_picked":["Slimebound:ServeAndProtect","Slimebound:LeechEnergy","Slimebound:SplitLeeching"],"picked":"SKIP","floor":10.0},{"not_picked":["Slimebound:CheckThePlaybook","Slimebound:SlimeBarrage","Slimebound:GoopSpray"],"picked":"SKIP","floor":14.0},{"not_picked":["Slimebound:GrowthPunch","Slimebound:GoopSpray","Slimebound:DivideAndConquer"],"picked":"SKIP","floor":15.0},{"not_picked":["Slimebound:SlimeSlap","Slimebound:DouseInSlime"],"picked":"Slimebound:DuplicatedForm","floor":16},{"not_picked":["Slimebound:GrowthPunch","Slimebound:ViciousTackle","Slimebound:SplitBruiser"],"picked":"SKIP","floor":19},{"not_picked":["Slimebound:MegaLick+1","Slimebound:ViciousTackle","Slimebound:Repurpose"],"picked":"SKIP","floor":20}],"player_experience":452005,"relics_obtained":[{"floor":6.0,"key":"Juzu Bracelet"},{"floor":7.0,"key":"Gremlin Horn"}],"event_choices":[{"cards_removed":["Slimebound:Defend_Slimebound"],"damage_healed":0.0,"max_hp_gain":0.0,"max_hp_loss":0.0,"gold_gain":0.0,"event_name":"The Cleric","player_choice":"Card Removal","floor":9.0,"gold_loss":0.0,"damage_taken":0.0},{"damage_healed":0,"gold_gain":0,"player_choice":"Stole Relic","damage_taken":0,"relics_obtained":["Art of War"],"max_hp_gain":0,"max_hp_loss":0,"event_name":"Addict","floor":22,"gold_loss":0,"cards_obtained":["Shame"]}],"is_beta":false,"boss_relics":[{"not_picked":["Empty Cage","Philosopher\u0027s Stone"],"picked":"sneckomod:SneckoTalon"}],"items_purged_floors":[4],"is_endless":false,"potions_floor_spawned":[5,14,15,19],"killed_by":"Snecko","ascension_level":8}}