{"host":"q2j4ef1ti78v4imq","time":1610055289,"event":{"mods":["AchievementEnabler","BaseMod","Better Altar","Better Match","Better Note","Better Sensory Stone","Better Skull","Better Third Choice","Block Reminder","Hermit","Minty Spire (QoL Compilation)","Relic Stats","Replay The Spire","Shade Mod","StSLib"],"gold_per_floor":[114,114,129,144,159,189,189,219,244,259,259,434,449,479,479,579,579,594,594,594,609,644,644,644,644,644,688,713,740,786,815,815,953,1003,1032,1053,268,299,336,336,386,386,386,415,16,64,93,124,177,227],"floor_reached":51,"playtime":3798,"items_purged":["Doubt","Vengeance+1"],"score":1123,"play_id":"66b63a69-7ec1-41ce-84fe-8877d6138944","local_time":"20210107213449","daily_mods":["SealedDeck","Vintage","Lethality"],"is_ascension_mode":false,"campfire_choices":[{"data":"Adaptation","floor":7,"key":"SMITH"},{"data":"Crescendo","floor":11,"key":"SMITH"},{"data":"CrushJoints","floor":15,"key":"SMITH"},{"data":"RitualDagger","floor":23,"key":"SMITH"},{"data":"CutThroughFate","floor":25,"key":"SMITH"},{"data":"EmptyFist","floor":32,"key":"SMITH"},{"floor":40,"key":"REST"},{"floor":42,"key":"REST"}],"circlet_count":0,"master_deck":["FlyingSleeves+1","Crescendo+1","EmptyFist+1","FlyingSleeves+1","Adaptation+1","FollowUp+1","CutThroughFate+1","Wallop+1","FlurryOfBlows+1","CrushJoints+1","ClearTheMind+1","Crescendo+1","Vault+1","Apotheosis+1","RitualDagger+1","Pot Of Greed+1","Pot Of Greed+1","Indignation+1","TalkToTheHand+1","Flash of Steel+1","CutThroughFate+1","Replay:BluntJabs+1"],"relics":["PureWater","Golden Egg","Replay:Bottled Eggs","Orichalcum","InkBottle","Toxic Egg 2","Tiny Chest","Lantern","StrikeDummy","Meat on the Bone","Gremlin Horn","Replay:Bronze Core","Durian","Replay:Bandana","Sundial","Damaru","Iron Hammer","Bag of Preparation","Strawberry","Snack Pack","Grinning Jar","Replay:Bottled Steam","Tiny House","Replay:Accelerometer","Replay:Purple Gloves","Kunai","Bronze Scales","Guide Book","Anchor","Quantum Egg","Ginger","White Beast Statue","HornCleat","Pet Ghost","ReplayTheSpireMod:Ninjato","Calipers","Omamori"],"acts_visited":["Exordium","TheCity","TheBeyond"],"potions_floor_usage":[],"damage_taken":[{"damage":2,"enemies":"Jaw Worm","floor":1,"turns":2},{"damage":0,"enemies":"2 Louse","floor":3,"turns":1},{"damage":0,"enemies":"Cultist","floor":4,"turns":2},{"damage":0,"enemies":"Looter","floor":5,"turns":1},{"damage":0,"enemies":"Gremlin Nob","floor":6,"turns":2},{"damage":0,"enemies":"Lagavulin","floor":8,"turns":2},{"damage":0,"enemies":"Large Slime","floor":10,"turns":1},{"damage":0,"enemies":"Gremlin Gang","floor":13,"turns":2},{"damage":0,"enemies":"3 Sentries","floor":14,"turns":2},{"damage":0,"enemies":"Hexaghost","floor":16,"turns":2},{"damage":0,"enemies":"Chosen","floor":18,"turns":2},{"damage":0,"enemies":"2 Thieves","floor":21,"turns":2},{"damage":0,"enemies":"Sentry and Sphere","floor":22,"turns":2},{"damage":0,"enemies":"Replay:Snechameleon","floor":27,"turns":1},{"damage":0,"enemies":"Shelled Parasite and Fungi","floor":28,"turns":1},{"damage":0,"enemies":"Cultist and Chosen","floor":29,"turns":1},{"damage":0,"enemies":"Slavers","floor":30,"turns":1},{"damage":0,"enemies":"Centurion and Healer","floor":31,"turns":1},{"damage":6,"enemies":"Automaton","floor":33,"turns":3},{"damage":0,"enemies":"3 Shapes","floor":35,"turns":1},{"damage":0,"enemies":"Orb Walker","floor":36,"turns":1},{"damage":6,"enemies":"4 Shapes","floor":38,"turns":1},{"damage":0,"enemies":"Maw","floor":39,"turns":2},{"damage":0,"enemies":"R_Hoarder","floor":41,"turns":3},{"damage":0,"enemies":"Sphere and 2 Shapes","floor":44,"turns":1},{"damage":0,"enemies":"Nemesis","floor":46,"turns":2},{"damage":0,"enemies":"3 Darklings","floor":47,"turns":1},{"damage":0,"enemies":"Jaw Worm Horde","floor":48,"turns":1},{"damage":0,"enemies":"Awakened One","floor":50,"turns":3}],"seed_played":"8350349167999303424","potions_obtained":[{"floor":3,"key":"BottledMiracle"},{"floor":8,"key":"AttackPotion"},{"floor":13,"key":"Death Potion"},{"floor":31,"key":"Block Potion"},{"floor":34,"key":"FairyPotion"},{"floor":38,"key":"Flashbang"}],"is_trial":false,"path_per_floor":["M","?","M","M","M","E","R","E","T","M","R","?","M","E","R","B",null,"M","?","?","M","M","R","T","R","T","E","M","M","E","M","R","B",null,"M","M","$","M","M","R","E","R","T","M","$","E","M","M","R","B",null],"character_chosen":"WATCHER","items_purchased":["Kunai","Bronze Scales","Guide Book","TalkToTheHand","Flash of Steel","Pet Ghost","Replay:BluntJabs","EntropicBrew"],"campfire_rested":2,"item_purchase_floors":[37,37,37,37,37,45,45,45],"current_hp_per_floor":[70,70,70,70,70,70,70,70,70,70,70,70,70,70,70,70,72,77,77,71,71,71,71,71,71,71,71,78,78,82,84,84,82,89,89,89,89,85,89,89,89,89,89,89,89,89,89,89,89,89],"gold":227,"neow_bonus":"","is_daily":true,"chose_seed":false,"campfire_upgraded":6,"win_rate":0.0,"timestamp":1610055289,"path_taken":["M","?","M","M","M","E","R","E","T","M","R","?","M","E","R","BOSS","M","?","?","M","M","R","?","R","T","E","M","M","E","?","R","BOSS","M","M","$","M","M","R","E","R","T","M","$","E","M","M","R","BOSS"],"items_purchased_type":["Relic","Relic","Relic","Card","Card","Relic","Card","Potion"],"build_version":"2020-12-22","purchased_purges":2,"victory":true,"max_hp_per_floor":[72,72,72,72,72,72,72,72,72,72,72,72,72,72,72,72,72,77,77,77,77,77,77,77,77,77,77,84,84,84,84,84,84,89,89,89,89,89,89,89,89,89,89,89,89,89,89,89,89,89],"relic_stats":{"Gremlin Horn":[40,40],"counters":[29,47],"Sundial":[2],"Bronze Scales":[3],"Tiny Chest":1,"Bag of Preparation":[30],"Kunai":[18],"Ginger":[0],"Orichalcum":[30],"obtain_stats":[{"Golden Egg":1,"Replay:Accelerometer":35,"Lantern":9,"Tiny House":34,"Calipers":47,"Gremlin Horn":14,"Replay:Purple Gloves":36,"Bag of Preparation":27,"Ginger":41,"Pet Ghost":45,"Replay:Bandana":21,"HornCleat":44,"Sundial":22,"Replay:Bronze Core":17,"Strawberry":28,"Tiny Chest":8,"Iron Hammer":26,"Kunai":37,"Replay:Bottled Eggs":3,"Toxic Egg 2":6,"InkBottle":5,"Replay:Bottled Steam":31,"ReplayTheSpireMod:Ninjato":46,"Guide Book":37,"Quantum Egg":39,"Damaru":24,"Omamori":48,"Orichalcum":4,"White Beast Statue":43,"Anchor":38,"Bronze Scales":37,"Durian":18,"Snack Pack":29,"PureWater":0,"Grinning Jar":30,"StrikeDummy":10,"Meat on the Bone":13},{"Golden Egg":1,"Replay:Accelerometer":20,"Lantern":6,"Tiny House":19,"Calipers":27,"Gremlin Horn":9,"Replay:Purple Gloves":21,"Bag of Preparation":14,"Ginger":24,"Pet Ghost":25,"Replay:Bandana":12,"HornCleat":25,"Sundial":13,"Replay:Bronze Core":10,"Strawberry":15,"Tiny Chest":6,"Iron Hammer":13,"Kunai":21,"Replay:Bottled Eggs":2,"Toxic Egg 2":5,"InkBottle":4,"Replay:Bottled Steam":18,"ReplayTheSpireMod:Ninjato":26,"Guide Book":21,"Quantum Egg":23,"Damaru":13,"Omamori":28,"Orichalcum":3,"White Beast Statue":24,"Anchor":22,"Bronze Scales":21,"Durian":11,"Snack Pack":16,"PureWater":0,"Grinning Jar":17,"StrikeDummy":7,"Meat on the Bone":8},{"Golden Egg":2,"Replay:Accelerometer":32,"Lantern":10,"Tiny House":31,"Calipers":43,"Gremlin Horn":15,"Replay:Purple Gloves":33,"Bag of Preparation":24,"Ginger":39,"Pet Ghost":40,"Replay:Bandana":21,"HornCleat":40,"Sundial":23,"Replay:Bronze Core":17,"Strawberry":25,"Tiny Chest":10,"Iron Hammer":23,"Kunai":33,"Replay:Bottled Eggs":3,"Toxic Egg 2":8,"InkBottle":6,"Replay:Bottled Steam":28,"ReplayTheSpireMod:Ninjato":42,"Guide Book":33,"Quantum Egg":36,"Damaru":23,"Omamori":44,"Orichalcum":5,"White Beast Statue":39,"Anchor":34,"Bronze Scales":33,"Durian":19,"Snack Pack":26,"PureWater":0,"Grinning Jar":27,"StrikeDummy":11,"Meat on the Bone":13}],"InkBottle":[26],"Meat on the Bone":0},"card_choices":[{"not_picked":["Prostrate+1","Nirvana"],"picked":"CrushJoints","floor":6},{"not_picked":["Meditate+1","Vengeance+1"],"picked":"ClearTheMind+1","floor":8},{"not_picked":["Sanctity+1","ThirdEye+1"],"picked":"Crescendo+1","floor":14},{"not_picked":["Establishment","LessonLearned"],"picked":"Vault+1","floor":16},{"not_picked":["Secret Technique+1","Dramatic Entrance"],"picked":"Apotheosis+1","floor":19},{"not_picked":["DevaForm","FlyingSleeves","PathToVictory+1"],"picked":"SKIP","floor":27},{"not_picked":["Replay:ManipulateFuture+1","ThirdEye+1"],"picked":"Indignation+1","floor":30},{"not_picked":["ForeignInfluence+1","Replay:Vibes+1"],"picked":"CutThroughFate+1","floor":41},{"not_picked":["Replay:AllIn+1","Evaluate+1","FlurryOfBlows+1"],"picked":"SKIP","floor":46}],"player_experience":837651,"relics_obtained":[{"floor":1,"key":"Golden Egg"},{"floor":3,"key":"Replay:Bottled Eggs"},{"floor":4,"key":"Orichalcum"},{"floor":5,"key":"InkBottle"},{"floor":6,"key":"Toxic Egg 2"},{"floor":8,"key":"Tiny Chest"},{"floor":9,"key":"Lantern"},{"floor":10,"key":"StrikeDummy"},{"floor":13,"key":"Meat on the Bone"},{"floor":14,"key":"Gremlin Horn"},{"floor":18,"key":"Durian"},{"floor":21,"key":"Replay:Bandana"},{"floor":22,"key":"Sundial"},{"floor":24,"key":"Damaru"},{"floor":26,"key":"Iron Hammer"},{"floor":27,"key":"Bag of Preparation"},{"floor":28,"key":"Strawberry"},{"floor":29,"key":"Snack Pack"},{"floor":30,"key":"Grinning Jar"},{"floor":31,"key":"Replay:Bottled Steam"},{"floor":35,"key":"Replay:Accelerometer"},{"floor":36,"key":"Replay:Purple Gloves"},{"floor":38,"key":"Anchor"},{"floor":39,"key":"Quantum Egg"},{"floor":41,"key":"Ginger"},{"floor":43,"key":"White Beast Statue"},{"floor":44,"key":"HornCleat"},{"floor":46,"key":"ReplayTheSpireMod:Ninjato"},{"floor":47,"key":"Calipers"},{"floor":48,"key":"Omamori"}],"event_choices":[{"damage_healed":0,"gold_gain":0,"player_choice":"Grow","damage_taken":0,"max_hp_gain":0,"max_hp_loss":0,"event_name":"Living Wall","floor":2,"gold_loss":0,"cards_upgraded":["Wallop"]},{"damage_healed":0,"gold_gain":175,"player_choice":"AGREE","damage_taken":259,"max_hp_gain":0,"max_hp_loss":0,"event_name":"betterThird:BetterSerpent","floor":12,"gold_loss":0},{"damage_healed":0,"gold_gain":2,"player_choice":"1","damage_taken":0,"max_hp_gain":0,"max_hp_loss":0,"event_name":"betterStone:BetterStone","floor":19,"gold_loss":0},{"damage_healed":0,"gold_gain":0,"player_choice":"Dagger","damage_taken":6,"max_hp_gain":0,"max_hp_loss":0,"event_name":"betterThird:BetterNest","floor":20,"gold_loss":0,"cards_obtained":["RitualDagger"]}],"is_beta":false,"boss_relics":[{"not_picked":["ChewingGum","Ring of Chaos"],"picked":"Replay:Bronze Core"},{"not_picked":["Runic Pyramid","VioletLotus"],"picked":"Tiny House"}],"items_purged_floors":[37,45],"is_endless":false,"potions_floor_spawned":[3,8,13,14,16,27,29,30,31,35,38,44,46,47,48],"ascension_level":0}}