{"host":"qq27suot6m8koe0b","time":1610010192,"event":{"mods":["Act Like it!","BaseMod","CapriCore","GifTheSpireLib","Lobotomy","Minty Spire (QoL Compilation)","StSLib","Waifu the Spire"],"gold_per_floor":[116,130,130,146,146,146,177,177,204,204,228,248,248,423,423,554,554,572,143,143,68,31,55,70,108,161,161,161,161],"floor_reached":28,"playtime":1383,"items_purged":["Doubt"],"score":236,"play_id":"e2992b61-e13c-4ece-9609-08a1e5422bc8","local_time":"20210107170312","is_ascension_mode":false,"campfire_choices":[{"data":"ClearTheMind","floor":6,"key":"SMITH"},{"floor":8,"key":"REST"},{"floor":15,"key":"REST"},{"floor":27,"key":"RECALL"}],"circlet_count":0,"master_deck":["Strike_P+1","Strike_P+1","Strike_P+1","Strike_P+1","Defend_P+1","Defend_P+1","Defend_P+1","Defend_P+1","Eruption","Vigilance","UniverseFragment","Evaluate","SnowQueen","ClearTheMind+1","DeusExMachina","Judgement","Scorched","Perseverance","Prostrate","DevaForm","Prostrate","Prostrate","Pray","Woodsman","FollowUp","MeltingLove","BowlingBash+1","NakedNest","EmptyBody"],"relics":["PureWater","CogitoBucket","Golden Idol","Bag of Marbles","Kunai","Pen Nib","Yang_Lob","HornCleat","Coffee Dripper","Omamori","ClockworkSouvenir","Meat on the Bone","Damaru"],"acts_visited":["Exordium","TheCity"],"potions_floor_usage":[7,7,16,25,25],"damage_taken":[{"damage":0,"enemies":"2 Louse","floor":1,"turns":1},{"damage":5,"enemies":"Jaw Worm","floor":2,"turns":4},{"damage":0,"enemies":"Cultist","floor":4,"turns":2},{"damage":40,"enemies":"Lagavulin","floor":7,"turns":15},{"damage":0,"enemies":"2 Fungi Beasts","floor":11,"turns":1},{"damage":20,"enemies":"Exordium Thugs","floor":12,"turns":4},{"damage":25,"enemies":"The Guardian","floor":16,"turns":9},{"damage":8,"enemies":"Shell Parasite","floor":18,"turns":8},{"damage":2,"enemies":"Chosen","floor":23,"turns":7},{"damage":16,"enemies":"Shelled Parasite and Fungi","floor":24,"turns":4},{"damage":34,"enemies":"Book of Stabbing","floor":25,"turns":6},{"damage":42,"enemies":"3 Cultists","floor":28,"turns":1}],"seed_played":"7020792654408405077","potions_obtained":[{"floor":1,"key":"PowerPotion"},{"floor":2,"key":"Swift Potion"},{"floor":11,"key":"SkillPotion"},{"floor":18,"key":"DistilledChaos"},{"floor":23,"key":"StancePotion"}],"is_trial":false,"path_per_floor":["M","M","?","M","?","R","E","R","T","?","M","M","T","?","R","B",null,"M","$","?","?","$","M","M","E","T","R","M"],"character_chosen":"WATCHER","items_purchased":["Prostrate","Omamori","ClockworkSouvenir","Pray"],"campfire_rested":2,"item_purchase_floors":[19,19,19,22],"current_hp_per_floor":[72,67,49,52,49,49,9,30,30,30,30,10,10,10,31,6,72,64,64,64,64,64,65,61,27,27,27,0,0],"gold":161,"neow_bonus":"","is_daily":false,"chose_seed":false,"campfire_upgraded":1,"win_rate":0.0,"timestamp":1610010192,"path_taken":["M","M","?","M","?","R","E","R","T","?","M","?","?","?","R","BOSS","M","$","?","?","?","M","M","E","T","R","M"],"items_purchased_type":["Card","Relic","Relic","Card"],"build_version":"2020-12-22","purchased_purges":1,"victory":false,"max_hp_per_floor":[72,72,72,72,72,72,72,72,72,72,72,72,72,72,72,72,72,72,72,72,72,72,72,72,72,72,72,72,72],"card_choices":[{"not_picked":["LittleHelper","WhitesApple"],"picked":"UniverseFragment","floor":1},{"not_picked":["InnerPeace","WreathOfFlame"],"picked":"Evaluate","floor":1},{"not_picked":["CrumblingArmor","Freischutz"],"picked":"SnowQueen","floor":2},{"not_picked":["CutThroughFate","Pray"],"picked":"ClearTheMind","floor":2},{"not_picked":["ShyLook","Rudolta"],"picked":"Yin","floor":4},{"not_picked":["EmptyFist","CutThroughFate"],"picked":"DeusExMachina","floor":4},{"not_picked":["InnerPeace","ClearTheMind"],"picked":"Judgement","floor":7},{"not_picked":["SpiderBud","LongBird"],"picked":"Scorched","floor":11},{"not_picked":["Vengeance","BowlingBash"],"picked":"Perseverance","floor":11},{"not_picked":["BlackSwan","CrumblingArmor","FairyFestival"],"picked":"Singing Bowl","floor":12},{"not_picked":["Adaptation","SashWhip"],"picked":"Prostrate","floor":12},{"not_picked":["OSAHOGD","BeautyBeast","LittlePrince"],"picked":"Singing Bowl","floor":16},{"not_picked":["FairyFestival","SpiderBud"],"picked":"ShyLook","floor":16},{"not_picked":["Brilliance","Ragnarok"],"picked":"DevaForm","floor":16},{"not_picked":["GalaxyChild","GreedKing","OSAHOGD"],"picked":"Singing Bowl","floor":18},{"not_picked":["EmptyMind","ClearTheMind"],"picked":"Prostrate","floor":18},{"not_picked":["WallGazer","Variant"],"picked":"Woodsman","floor":23},{"not_picked":["Tantrum","CrushJoints"],"picked":"FollowUp","floor":23},{"not_picked":["Bloodbath","SpiderBud","PunishingBird"],"picked":"Singing Bowl","floor":24},{"not_picked":["Bloodbath","Freischutz"],"picked":"MeltingLove","floor":24},{"not_picked":["Prostrate","DevaForm"],"picked":"BowlingBash+1","floor":24},{"not_picked":["Alriune","PunishingBird"],"picked":"NakedNest","floor":25},{"not_picked":["CutThroughFate","WindmillStrike+1"],"picked":"EmptyBody","floor":25}],"player_experience":253561,"relics_obtained":[{"floor":7,"key":"Kunai"},{"floor":9,"key":"Pen Nib"},{"floor":13,"key":"HornCleat"},{"floor":25,"key":"Meat on the Bone"},{"floor":26,"key":"Damaru"}],"event_choices":[{"damage_healed":0,"gold_gain":0,"player_choice":"Take Damage","damage_taken":18,"relics_obtained":["Golden Idol"],"max_hp_gain":0,"max_hp_loss":0,"event_name":"Golden Idol","floor":3,"gold_loss":0},{"damage_healed":0,"gold_gain":0,"player_choice":"Success","damage_taken":3,"relics_obtained":["Bag of Marbles"],"max_hp_gain":0,"max_hp_loss":0,"event_name":"Scrap Ooze","floor":5,"gold_loss":0},{"damage_healed":0,"gold_gain":0,"player_choice":"Ignored","damage_taken":0,"max_hp_gain":0,"max_hp_loss":0,"event_name":"NoteForYourself","floor":10,"gold_loss":0},{"damage_healed":0,"gold_gain":175,"player_choice":"AGREE","damage_taken":0,"max_hp_gain":0,"max_hp_loss":0,"event_name":"Liars Game","floor":14,"gold_loss":0,"cards_obtained":["Doubt"]},{"damage_healed":0,"gold_gain":0,"player_choice":"Simplicity","damage_taken":0,"max_hp_gain":0,"max_hp_loss":0,"event_name":"Back to Basics","floor":20,"gold_loss":0,"cards_upgraded":["Strike_P","Strike_P","Strike_P","Strike_P","Defend_P","Defend_P","Defend_P","Defend_P"]},{"cards_removed":["ShyLook"],"damage_healed":0,"gold_gain":0,"player_choice":"Gave Gold","damage_taken":0,"max_hp_gain":0,"max_hp_loss":0,"event_name":"Beggar","floor":21,"gold_loss":75}],"is_beta":false,"boss_relics":[{"not_picked":["Ectoplasm","SacredBark"],"picked":"Coffee Dripper"}],"items_purged_floors":[19],"is_endless":false,"potions_floor_spawned":[1,2,11,18,23],"killed_by":"3 Cultists","ascension_level":0}}