{"host":"7sy3dyg71hje4mzx","time":1610022147,"event":{"mods":["BaseMod","Downfall","Minty Spire (QoL Compilation)","StSLib"],"gold_per_floor":[99,109,122,222,235,250,250,268,280,296,121,137,166,182,193,288,288,138,150,150,150,162,162,162,176,207,192,210,210,230,230,243,243,243,243],"floor_reached":33,"playtime":2873,"items_purged":[],"score":327,"play_id":"c7c86842-819f-4a03-9a4f-507892b33e00","local_time":"20210107232227","is_ascension_mode":false,"campfire_choices":[{"floor":1,"key":"RECALL"},{"data":"hexamod:HexaLevel","floor":18,"key":"SMITH"},{"floor":23,"key":"REST"},{"floor":29,"key":"REST"}],"circlet_count":0,"master_deck":["hexamod:Strike+1","hexamod:Strike","hexamod:Strike","hexamod:Strike+1","hexamod:Defend","hexamod:Defend","hexamod:Defend","hexamod:Defend","hexamod:Sear+1","hexamod:Float+1","hexamod:NightmareGuise","hexamod:RainOfEmbers","hexamod:PowerFromBeyond+1","hexamod:PowerFromBeyond","hexamod:BurningTouch","hexamod:HeatCrush","hexamod:FastForward","hexamod:ThermalTransfer+1","hexamod:ExtraCrispy","hexamod:StepThrough","hexamod:ThirdSeal","hexamod:HexaLevel+1","hexamod:EtherealExpedition","hexamod:Rewind","hexamod:NightmareStrike","hexamod:NecessarySacrifice","hexamod:SixthSeal","hexamod:TimeOfNeed","hexamod:NightmareGuise+1","hexamod:NightmareGuise+1","RitualDagger","hexamod:PhantomFireball","hexamod:PhantomCloak","hexamod:ParanormalForm","hexamod:WildfireWeapon","hexamod:FastForward+1","hexamod:SoulSteal+1","hexamod:Hexaguard","hexamod:FifthSeal","hexamod:HeatMetal+1","hexamod:ThermalTransfer+1"],"relics":["hexamod:SpiritBrand","Ornamental Fan","Philosopher\u0027s Stone","downfall:HeartBlessingBlue","downfall:HeartBlessingRed","Enchiridion","Bird Faced Urn","Toy Ornithopter"],"acts_visited":["Exordium","TheCity"],"potions_floor_usage":[16,25,26,33,33,33],"damage_taken":[{"damage":0,"enemies":"Jaw Worm","floor":2,"turns":4},{"damage":0,"enemies":"Cultist","floor":3,"turns":4},{"damage":0,"enemies":"2 Louse","floor":5,"turns":3},{"damage":0,"enemies":"2 Fungi Beasts","floor":6,"turns":4},{"damage":12,"enemies":"Exordium Thugs","floor":8,"turns":3},{"damage":12,"enemies":"3 Louse","floor":9,"turns":4},{"damage":0,"enemies":"Blue Slaver","floor":10,"turns":3},{"damage":0,"enemies":"downfall:FleeingMerchant","floor":11,"turns":4},{"damage":7,"enemies":"2 Fungi Beasts","floor":12,"turns":4},{"damage":3,"enemies":"Gremlin Nob","floor":13,"turns":3},{"damage":5,"enemies":"Large Slime","floor":14,"turns":4},{"damage":3,"enemies":"Exordium Thugs","floor":15,"turns":7},{"damage":23,"enemies":"downfall:Silent","floor":16,"turns":8},{"damage":19,"enemies":"Shell Parasite","floor":19,"turns":5},{"damage":20,"enemies":"Spheric Guardian","floor":22,"turns":8},{"damage":0,"enemies":"Centurion and Healer","floor":25,"turns":4},{"damage":35,"enemies":"Gremlin Leader","floor":26,"turns":7},{"damage":0,"enemies":"downfall:FleeingMerchant","floor":27,"turns":4},{"damage":15,"enemies":"Snake Plant","floor":28,"turns":6},{"damage":35,"enemies":"Cultist and Chosen","floor":30,"turns":5},{"damage":10,"enemies":"3 Cultists","floor":32,"turns":5},{"damage":74,"enemies":"downfall:Ironclad","floor":33,"turns":10}],"seed_played":"5056827952415396948","potions_obtained":[{"floor":3,"key":"GamblersBrew"},{"floor":5,"key":"Guardian:BlockOnCardUsePotion"},{"floor":12,"key":"Guardian:BlockOnCardUsePotion"},{"floor":13,"key":"hexamod:InfernoChargePotion"},{"floor":16,"key":"Swift Potion"},{"floor":19,"key":"PowerPotion"},{"floor":26,"key":"BlessingOfTheForge"},{"floor":32,"key":"SpeedPotion"}],"is_trial":false,"path_per_floor":["R","M","M","?","M","M","T","M","M","M","$","M","E","M","M","B",null,"R","M","?","?","M","R","T","M","E","$","M","R","M","?","M","B"],"character_chosen":"THE_SPIRIT","items_purchased":["hexamod:ExtraCrispy","hexamod:StepThrough"],"campfire_rested":2,"item_purchase_floors":[11,11],"current_hp_per_floor":[70,70,70,70,70,70,70,58,46,46,46,39,36,31,28,5,70,80,61,55,39,19,43,43,49,26,36,33,57,32,24,24,0,0,0],"gold":243,"neow_bonus":"UPGRADE_CARD","is_daily":false,"chose_seed":false,"campfire_upgraded":1,"win_rate":0.0,"timestamp":1610022147,"path_taken":["R","M","M","?","M","M","T","M","M","?","$","M","E","M","M","BOSS","R","M","?","?","M","R","T","M","E","$","M","R","M","?","M","BOSS"],"items_purchased_type":["Card","Card"],"build_version":"2020-12-22","purchased_purges":0,"victory":false,"max_hp_per_floor":[70,70,70,70,70,70,70,70,70,70,70,70,70,70,70,70,70,80,80,80,80,80,80,80,80,80,80,80,80,80,80,80,80,80,80],"card_choices":[{"not_picked":["hexamod:NightmareStrike","hexamod:Haunt"],"picked":"hexamod:NightmareGuise","floor":2},{"not_picked":["hexamod:NightmareStrike","hexamod:GhostShield"],"picked":"hexamod:RainOfEmbers","floor":3},{"not_picked":["hexamod:RetreatToShadows","hexamod:GhostflameBarrier"],"picked":"hexamod:PowerFromBeyond","floor":5},{"not_picked":["hexamod:NightmareStrike","hexamod:Firestarter"],"picked":"hexamod:PowerFromBeyond","floor":6},{"not_picked":["hexamod:ThermalTransfer","hexamod:Firestarter"],"picked":"hexamod:BurningTouch","floor":8},{"not_picked":["hexamod:GhostOfSpirePast","hexamod:CatchUp"],"picked":"hexamod:HeatCrush","floor":9},{"not_picked":["hexamod:RainOfEmbers","hexamod:UnleashSpirits"],"picked":"hexamod:FastForward","floor":10},{"not_picked":["hexamod:RainOfEmbers","hexamod:Firestarter"],"picked":"hexamod:ThermalTransfer","floor":11},{"not_picked":["hexamod:AdvancingGuard","hexamod:NightmareStrike"],"picked":"hexamod:ThirdSeal","floor":12},{"not_picked":["hexamod:DynamicBlow","hexamod:PhantomFireball"],"picked":"hexamod:HexaLevel","floor":13},{"not_picked":["hexamod:SpectersWail","hexamod:BurningTouch"],"picked":"hexamod:EtherealExpedition","floor":14},{"not_picked":["hexamod:Haunt","hexamod:AdvancingGuard"],"picked":"hexamod:Rewind","floor":14},{"not_picked":["hexamod:BurningTouch","hexamod:RainOfEmbers"],"picked":"hexamod:NightmareStrike","floor":15},{"not_picked":["hexamod:SpectralAdrenaline","hexamod:ThermalTransfer"],"picked":"hexamod:NecessarySacrifice","floor":15},{"not_picked":["hexamod:VolcanoVisage","hexamod:FifthSeal"],"picked":"hexamod:SixthSeal","floor":16},{"not_picked":["hexamod:VolcanoVisage","hexamod:UnleashSpirits"],"picked":"hexamod:TimeOfNeed","floor":16},{"not_picked":["hexamod:FourthSeal","hexamod:Firestarter+1"],"picked":"hexamod:NightmareGuise+1","floor":19},{"not_picked":["hexamod:Firestarter","hexamod:RainOfEmbers"],"picked":"hexamod:NightmareGuise+1","floor":19},{"not_picked":["hexamod:NightmareStrike","hexamod:ThermalTransfer"],"picked":"hexamod:PhantomFireball","floor":22},{"not_picked":["hexamod:BacktrackSmack","hexamod:HeatCrush","hexamod:NightmareStrike+1"],"picked":"SKIP","floor":22},{"not_picked":["hexamod:Again","hexamod:GhostShield"],"picked":"hexamod:PhantomCloak","floor":25},{"not_picked":["hexamod:SecondSeal","hexamod:CatchUp","hexamod:ExtraCrispy"],"picked":"SKIP","floor":26},{"not_picked":["hexamod:FlamesFromBeyond","hexamod:PowerFromBeyond"],"picked":"hexamod:ParanormalForm","floor":27},{"not_picked":["hexamod:RetreatToShadows+1","hexamod:Firestarter+1"],"picked":"hexamod:WildfireWeapon","floor":27},{"not_picked":["hexamod:HauntingEcho+1","hexamod:GhostShield"],"picked":"hexamod:FastForward+1","floor":28},{"not_picked":["hexamod:RainOfEmbers","hexamod:BurningTouch"],"picked":"hexamod:SoulSteal+1","floor":28},{"not_picked":["hexamod:PhantomCloak+1","hexamod:Haunt"],"picked":"hexamod:Hexaguard","floor":30},{"not_picked":["hexamod:Hexaguard","hexamod:FastForward"],"picked":"hexamod:FifthSeal","floor":30},{"not_picked":["hexamod:GhostShield","hexamod:GhostLash"],"picked":"hexamod:HeatMetal+1","floor":32},{"not_picked":["hexamod:InspiringFlames","hexamod:GhostShield"],"picked":"hexamod:ThermalTransfer+1","floor":32}],"player_experience":181339,"relics_obtained":[{"floor":13,"key":"Ornamental Fan"},{"floor":21,"key":"Enchiridion"},{"floor":24,"key":"Bird Faced Urn"},{"floor":26,"key":"Toy Ornithopter"}],"event_choices":[],"is_beta":false,"boss_relics":[{"not_picked":["Runic Dome","Empty Cage"],"picked":"Philosopher\u0027s Stone"}],"items_purged_floors":[],"is_endless":false,"potions_floor_spawned":[3,5,12,13,15,16,19,26,32],"killed_by":"downfall:Ironclad","ascension_level":0}}