{"host":"hxmfoq77054plnuw","time":1610040147,"event":{"mods":["BaseMod","Colored Map","Colored Powertips","Downfall","Highlight Path","Minty Spire (QoL Compilation)","Quick Restart","Replay The Spire","Shop Mod","StSLib","SuperFastMode","[功能]功能增强和修复MOD","vexMod","【遗物卡牌】REMEMod","篝火指南"],"gold_per_floor":[118,103,103,103,113,143,160,145,198,226,189,255,161,189,191,306,318,318,318,318,318,318,318,318,318,318,498,240,274,276,273,230,209,189,206,224,621,637,637,16,33,430,430,279,312,323,258,284,284,284,284,213,2,28,8],"floor_reached":56,"playtime":2681,"items_purged":["Normality","Strike_R","Strike_R","Strike_R","Defend_R","Defend_R","Defend_R","Injury","Strike_R+1","Strike_R+1","Delirium","Defend_R+1","Cleave+1","Iron Wave+1","Bash+1","Iron Wave+1","REME_TheLastStrike+1","True Grit+1","Ghostly Armor+1"],"score":1618,"play_id":"9f091f09-3e34-4316-852b-1069e71c447b","local_time":"20210107182227","is_ascension_mode":false,"campfire_choices":[{"floor":24.0,"key":"RECALL"},{"data":"1","floor":49,"key":"LIFT"}],"circlet_count":0,"master_deck":["hexamod:SixthSeal","REME_Fury+1","Searing Blow+24","Shrug It Off+1","Dual Wield+1"],"relics":["Burning Blood","REME_ComplimentaryCards","Ginger","Bag of Preparation","MawBank","ReplayTheSpireMod:CursedCoin","Sundial","vexMod:MysteryBossChallenge","Regal Pillow","Potion Belt","Ring of Fury","Ring of Searing","Kunai","REME_OnlineShoppingPlatform","MerchantsRug","Nunchaku","Bottled Lightning","Tiny Chest","Sling","Replay:Bottled Snecko","vexMod:Dragonfruit","Eternal Feather","Girya","PrismaticShard","TheAbacus","King of Hearts","Replay:WaspNest","vexMod:CursedCompass","Replay:Bottled Flurry","Magic Flower","Lizard Tail","vexMod:RedPlottingStone","Cauldron","Replay:Wax Seal","Guide Book","Durian","Chameleon Ring","Orrery","Replay:Arrowhead","CaptainsWheel","Art of War","Lee\u0027s Waffle","Shuriken","REME_LimitBreaker"],"acts_visited":["Exordium","TheCity","TheBeyond","TheEnding"],"potions_floor_usage":[31,32,33,33,33,33,33,33,34,37,37,55],"damage_taken":[{"damage":15.0,"enemies":"Jaw Worm","floor":1.0,"turns":6.0},{"damage":7.0,"enemies":"Small Slimes","floor":5.0,"turns":4.0},{"damage":39.0,"enemies":"3 Sentries","floor":6.0,"turns":15.0},{"damage":9.0,"enemies":"Cultist","floor":7.0,"turns":4.0},{"damage":0.0,"enemies":"Lots of Slimes","floor":10.0,"turns":3.0},{"damage":0.0,"enemies":"2 Fungi Beasts","floor":14.0,"turns":4.0},{"damage":26.0,"enemies":"Slime Boss","floor":16.0,"turns":11.0},{"damage":19.0,"enemies":"3 Byrds","floor":18.0,"turns":6.0},{"damage":0.0,"enemies":"Chosen","floor":20.0,"turns":6.0},{"damage":17.0,"enemies":"Sentry and Sphere","floor":21.0,"turns":6.0},{"damage":19.0,"enemies":"Slavers","floor":23.0,"turns":7.0},{"damage":5.0,"enemies":"Replay:Snechameleon","floor":29.0,"turns":3.0},{"damage":20,"enemies":"Centurion and Healer","floor":31,"turns":4},{"damage":18,"enemies":"Automaton","floor":33,"turns":6},{"damage":7,"enemies":"3 Shapes","floor":35,"turns":2},{"damage":10,"enemies":"3 Darklings","floor":36,"turns":3},{"damage":20,"enemies":"Transient","floor":38,"turns":5},{"damage":7,"enemies":"Sphere and 2 Shapes","floor":41,"turns":2},{"damage":9,"enemies":"Nemesis","floor":45,"turns":3},{"damage":0,"enemies":"Spire Growth","floor":46,"turns":2},{"damage":0,"enemies":"R_Hoarder","floor":48,"turns":1},{"damage":4,"enemies":"Awakened One","floor":50,"turns":2},{"damage":31,"enemies":"Shield and Spear","floor":54,"turns":2},{"damage":76,"enemies":"The Heart","floor":55,"turns":3}],"seed_played":"-2058324250845624337","potions_obtained":[{"floor":1.0,"key":"hexamod:EctoCoolerPotion"},{"floor":6.0,"key":"Explosive Potion"},{"floor":10.0,"key":"Energy Potion"},{"floor":16.0,"key":"Adrenaline Potion"},{"floor":18.0,"key":"Block Potion"},{"floor":20.0,"key":"LiquidMemories"},{"floor":23.0,"key":"AttackPotion"}],"is_trial":false,"path_per_floor":["M","$","?","$","M","E","M","R","T","M","?","T","R","M","R_BF","B",null,"M","$","M","M","?","E","R","?","T","$","R","E","R","M","R","B",null,"M","M","$","M","?","R","M","R","T","R","E","M","R","E","R","B",null,"R","$","E","B",null],"character_chosen":"IRONCLAD","items_purchased":["ReplayTheSpireMod:CursedCoin","Sundial","REME_OnlineShoppingPlatform","MerchantsRug","Nunchaku","Bottled Lightning","Tiny Chest","Sling","Replay:Bottled Snecko","Eternal Feather","Girya","PrismaticShard","TheAbacus","King of Hearts","Replay:WaspNest","Replay:Bottled Flurry","Magic Flower","Lizard Tail","vexMod:RedPlottingStone","Cauldron","Replay:Wax Seal","Guide Book","Durian","Orrery","CaptainsWheel","Dual Wield","Lee\u0027s Waffle","Shuriken"],"campfire_rested":0,"item_purchase_floors":[13,13,27,27,27,27,28,28,28,30,30,30,32,32,32,37,37,40,40,40,42,42,42,44,47,52,53,53],"current_hp_per_floor":[71,71,59,59,58,25,22,22,22,28,28,28,28,34,34,14,80,67,67,73,62,62,49,49,49,49,65,65,71,71,57,60,48,90,89,85,90,79,79,79,81,86,86,86,86,95,98,100,100,100,100,100,107,85,18],"gold":8,"neow_bonus":"THREE_RARE_CARDS","is_daily":false,"chose_seed":false,"campfire_upgraded":0,"win_rate":0.0,"timestamp":1610040147,"path_taken":["M","$","?","$","M","E","M","R","T","M","?","?","R","M","R_BF","BOSS","M","$","M","M","?","E","R","?","T","$","R","E","R","M","R","BOSS","M","M","$","M","?","R","?","R","T","R","E","M","R","E","R","BOSS","R","$","E","BOSS"],"items_purchased_type":["Relic","Relic","Relic","Relic","Relic","Relic","Relic","Relic","Relic","Relic","Relic","Relic","Relic","Relic","Relic","Relic","Relic","Relic","Relic","Relic","Relic","Relic","Relic","Relic","Relic","Card","Relic","Relic"],"build_version":"2020-12-22","purchased_purges":19,"victory":true,"max_hp_per_floor":[80,80,80,80,80,80,80,80,80,80,80,80,80,80,80,80,80,80,80,80,80,80,80,80,80,80,80,80,85,85,85,85,85,90,90,90,95,95,95,95,95,100,100,100,100,100,100,100,100,100,100,100,107,107,107],"card_choices":[{"not_picked":["Eclipse","Fiend Fire"],"picked":"REME_TheLastStrike","floor":0.0},{"not_picked":["Thunderclap","Run Through"],"picked":"Iron Wave","floor":1.0},{"not_picked":["Perfected Strike","Evolve"],"picked":"Ghostly Armor","floor":5.0},{"not_picked":["Second Wind","Dual Wield","Havoc"],"picked":"SKIP","floor":6.0},{"not_picked":["ReplayTheSpireMod:Corrosion Curse","Pommel Strike"],"picked":"Iron Wave","floor":7.0},{"not_picked":["Seeing Red","Run Through","Flex"],"picked":"SKIP","floor":10.0},{"not_picked":["ReplayTheSpireMod:Strike From Hell","Clothesline"],"picked":"Cleave","floor":14.0},{"not_picked":["REME_TheLastStrike","Impervious"],"picked":"REME_Fury","floor":16.0},{"not_picked":["Armaments","Clash"],"picked":"True Grit","floor":18.0},{"not_picked":["Thunderclap+1","True Grit+1","Havoc"],"picked":"SKIP","floor":20.0},{"not_picked":["Anger","Armaments","Dropkick+1"],"picked":"SKIP","floor":21.0},{"not_picked":["Rampage+1","REME_ACTH","Uppercut"],"picked":"SKIP","floor":23.0},{"not_picked":["Sever Soul","Iron Wave"],"picked":"Searing Blow","floor":29.0},{"not_picked":["Guardian:WalkerClaw+1","Good Instincts","hexamod:ThermalTransfer"],"picked":"SKIP","floor":31},{"not_picked":["Replay:Poison Smokescreen","Slimebound:SlimeTap+1","hexamod:GhostLash"],"picked":"SKIP","floor":35},{"not_picked":["Fire Breathing+1","Slimebound:GrowthPunch","Outmaneuver"],"picked":"SKIP","floor":36},{"not_picked":["Shockwave+1","Twin Strike","Slimebound:FlameTackle"],"picked":"SKIP","floor":38},{"not_picked":["hexamod:NightmareStrike+1","EmptyMind+1","Survey Options"],"picked":"SKIP","floor":41},{"not_picked":["ReplayTheSpireMod:Strike From Hell","Clothesline+1"],"picked":"Shrug It Off+1","floor":44},{"not_picked":["Replay:DivineShield","Defy Death","Reckless Charge+1"],"picked":"SKIP","floor":45},{"not_picked":["Slice+1","champ:FocusedDefense","Slimebound:SplitAcid+1"],"picked":"SKIP","floor":46},{"not_picked":["Slimebound:ViciousTackle","expansioncontent:Flail","Heavy Blade"],"picked":"SKIP","floor":48},{"not_picked":["sneckomod:Nope","Slimebound:SelfFormingGoo","Brutality"],"picked":"SKIP","floor":54}],"player_experience":324430,"relics_obtained":[{"floor":6.0,"key":"Bag of Preparation"},{"floor":9.0,"key":"MawBank"},{"floor":23.0,"key":"Potion Belt"},{"floor":25.0,"key":"Ring of Fury"},{"floor":25.0,"key":"Ring of Searing"},{"floor":26.0,"key":"Kunai"},{"floor":29.0,"key":"vexMod:Dragonfruit"},{"floor":43,"key":"Chameleon Ring"},{"floor":45,"key":"Replay:Arrowhead"},{"floor":48,"key":"Art of War"},{"floor":54,"key":"REME_LimitBreaker"}],"event_choices":[{"damage_healed":0.0,"max_hp_gain":0.0,"max_hp_loss":0.0,"gold_gain":0.0,"event_name":"Scrap Ooze","player_choice":"Success","floor":3.0,"gold_loss":0.0,"damage_taken":12.0,"relics_obtained":["Ginger"]},{"damage_healed":0.0,"max_hp_gain":0.0,"max_hp_loss":0.0,"gold_gain":0.0,"event_name":"World of Goop","player_choice":"Left Gold","floor":11.0,"gold_loss":49.0,"damage_taken":0.0},{"damage_healed":0,"gold_gain":0,"player_choice":"Upgraded","damage_taken":0,"max_hp_gain":0,"max_hp_loss":0,"event_name":"Upgrade Shrine","floor":39,"gold_loss":0,"cards_upgraded":["Searing Blow"]}],"is_beta":false,"boss_relics":[{"not_picked":["SacredBark","Astrolabe"],"picked":"vexMod:MysteryBossChallenge"},{"not_picked":["Empty Cage","Kintsugi"],"picked":"vexMod:CursedCompass"}],"items_purged_floors":[2,2,2,8,8,8,13,13,15,15,27,27,30,30,30,30,37,37,47],"is_endless":false,"potions_floor_spawned":[1,6,10,16,18,20,21,23,35,36,45,46,48,54],"ascension_level":0}}