{"host":"rhrkddapnlgqm7yj","time":1610015856,"event":{"mods":["AchievementEnabler","BaseMod","Bestiary","Better Note","Colored Map","Colored Powertips","Filter the Spire","Gold Saver","Minty Spire (QoL Compilation)","Rare Cards Sparkle","Relic Stats","Remove Card Discount Mod","StSLib","SuperFastMode","The IronCluck","Waifu the Spire","everything is the same but u backflip on backflip"],"gold_per_floor":[115,39,59,59,71,246,246,246,246,246,321,321,346,375,375,375,375],"floor_reached":16,"playtime":647,"items_purged":[],"score":117,"play_id":"bc6557a0-57f1-49b3-9638-0b80fed27ae6","local_time":"20210107113736","is_ascension_mode":true,"campfire_choices":[{"data":"Inflame","floor":8,"key":"SMITH"},{"data":"Entrench","floor":10,"key":"SMITH"},{"data":"Body Slam","floor":12,"key":"SMITH"},{"data":"Battle Trance","floor":15,"key":"SMITH"}],"circlet_count":0,"master_deck":["Strike_R","Strike_R+1","Strike_R+1","Strike_R","Strike_R","Defend_R","Defend_R","Defend_R","Defend_R","Bash","Body Slam+1","Inflame+1","Entrench+1","Flex","Doubt","Battle Trance+1"],"relics":["SlaversCollar","WingedGreaves","Mercury Hourglass","Matryoshka","Darkstone Periapt"],"acts_visited":["Exordium"],"potions_floor_usage":[5],"damage_taken":[{"damage":5,"enemies":"2 Louse","floor":1,"turns":4},{"damage":3,"enemies":"Small Slimes","floor":3,"turns":5},{"damage":4,"enemies":"Jaw Worm","floor":5,"turns":3},{"damage":16,"enemies":"Lagavulin","floor":13,"turns":7},{"damage":21,"enemies":"3 Sentries","floor":14,"turns":7},{"damage":12,"enemies":"Slime Boss","floor":16,"turns":5}],"seed_played":"3838393798157721516","potions_obtained":[{"floor":3,"key":"Explosive Potion"},{"floor":5,"key":"LiquidBronze"}],"is_trial":false,"path_per_floor":["M","$","M","?","M","?","T","R","T","R","?","R","E","E","R","B"],"character_chosen":"IRONCLAD","items_purchased":["Inflame"],"campfire_rested":0,"item_purchase_floors":[2],"current_hp_per_floor":[75,75,72,56,52,52,52,52,52,52,41,41,25,4,4,0,0],"gold":375,"neow_bonus":"BOSS_RELIC","is_daily":false,"chose_seed":false,"campfire_upgraded":4,"win_rate":0.0,"timestamp":1610015856,"path_taken":["M","$","M","?","M","?","?","R","T","R","?","R","E","E","R","BOSS"],"items_purchased_type":["Card"],"build_version":"2020-12-22","purchased_purges":0,"victory":false,"max_hp_per_floor":[80,80,80,80,80,80,80,80,80,80,80,80,80,80,80,80,80],"relic_stats":{"Darkstone Periapt":0,"counters":[6,31],"obtain_stats":[{"Darkstone Periapt":14,"SlaversCollar":0,"Matryoshka":13,"WingedGreaves":7,"Burning Blood":0,"Mercury Hourglass":9},{"Darkstone Periapt":5,"SlaversCollar":0,"Matryoshka":4,"WingedGreaves":3,"Burning Blood":0,"Mercury Hourglass":3},{"Darkstone Periapt":26,"SlaversCollar":0,"Matryoshka":19,"WingedGreaves":12,"Burning Blood":0,"Mercury Hourglass":12}],"Mercury Hourglass":[84]},"card_choices":[{"not_picked":["Anger","Burning Pact"],"picked":"Body Slam","floor":1},{"not_picked":["Dropkick","Seeing Red"],"picked":"Entrench","floor":3},{"not_picked":["Clash","Sword Boomerang"],"picked":"Flex","floor":5},{"not_picked":["Brutality","Rupture","Flex"],"picked":"SKIP","floor":13},{"not_picked":["Rampage","Headbutt"],"picked":"Battle Trance","floor":14}],"player_experience":52760,"relics_obtained":[{"floor":7,"key":"WingedGreaves"},{"floor":9,"key":"Mercury Hourglass"},{"floor":13,"key":"Matryoshka"},{"floor":14,"key":"Darkstone Periapt"}],"event_choices":[{"damage_healed":0,"gold_gain":0,"player_choice":"Entered Light","damage_taken":16,"max_hp_gain":0,"max_hp_loss":0,"event_name":"Shining Light","floor":4,"gold_loss":0,"cards_upgraded":["Strike_R","Strike_R"]},{"damage_healed":0,"gold_gain":175,"player_choice":"AGREE","damage_taken":0,"max_hp_gain":0,"max_hp_loss":0,"event_name":"Liars Game","floor":6,"gold_loss":0,"cards_obtained":["Doubt"]},{"damage_healed":0,"gold_gain":75,"player_choice":"Gather Gold","damage_taken":11,"max_hp_gain":0,"max_hp_loss":0,"event_name":"World of Goop","floor":11,"gold_loss":0}],"is_beta":false,"boss_relics":[],"items_purged_floors":[],"is_endless":false,"potions_floor_spawned":[3,5],"killed_by":"Slime Boss","ascension_level":2}}