{"host":"9l4mw5jqza9qz9hr","time":1610019568,"event":{"mods":["AchievementEnabler","Always Whale","BaseMod","Colored Map","Minty Spire (QoL Compilation)","StSLib","SuperFastMode"],"gold_per_floor":[411,422,441,102,113,142,142,169,169,181,193,223,235,59,59,161,161,181,96,114,114,114,114],"floor_reached":22,"playtime":527,"items_purged":["Strike_B"],"score":281,"play_id":"f962ce26-868f-4631-8c2d-4317ad965478","local_time":"20210107203928","is_ascension_mode":true,"campfire_choices":[{"floor":7.0,"key":"REST"},{"data":"Genetic Algorithm","floor":10.0,"key":"SMITH"},{"data":"Zap","floor":15.0,"key":"SMITH"}],"circlet_count":0,"master_deck":["Strike_B","Defend_B","Defend_B","Defend_B","Defend_B","Zap+1","Dualcast","Rip and Tear","Genetic Algorithm+1","Capacitor","Compile Driver","Ball Lightning","Echo Form","Leap","Rainbow","Ball Lightning","Sweeping Beam"],"relics":["Cracked Core","Old Coin","Meat on the Bone","Dead Branch","Juzu Bracelet","MawBank","OrangePellets","Cursed Key","Gremlin Horn","Nilry\u0027s Codex"],"acts_visited":["Exordium","TheCity"],"potions_floor_usage":[22],"damage_taken":[{"damage":9.0,"enemies":"Jaw Worm","floor":1.0,"turns":3.0},{"damage":1.0,"enemies":"Cultist","floor":2.0,"turns":3.0},{"damage":6.0,"enemies":"2 Louse","floor":3.0,"turns":3.0},{"damage":11.0,"enemies":"Blue Slaver","floor":5.0,"turns":4.0},{"damage":25.0,"enemies":"Lagavulin","floor":6.0,"turns":6.0},{"damage":30.0,"enemies":"Gremlin Nob","floor":8.0,"turns":4.0},{"damage":1.0,"enemies":"Lots of Slimes","floor":12.0,"turns":2.0},{"damage":32.0,"enemies":"Slime Boss","floor":16.0,"turns":8.0},{"damage":24.0,"enemies":"3 Byrds","floor":18.0,"turns":4.0},{"damage":5.0,"enemies":"Shell Parasite","floor":20.0,"turns":5.0},{"damage":39,"enemies":"Masked Bandits","floor":22,"turns":3}],"seed_played":"7543882593645078568","potions_obtained":[{"floor":1.0,"key":"Swift Potion"},{"floor":3.0,"key":"CultistPotion"},{"floor":6.0,"key":"Explosive Potion"},{"floor":20.0,"key":"EssenceOfDarkness"}],"is_trial":false,"path_per_floor":["M","M","M","$","M","E","R","E","T","R","?","M","?","$","R","B",null,"M","?","M","?","?"],"character_chosen":"DEFECT","items_purchased":["Meat on the Bone","Compile Driver","Leap","OrangePellets"],"campfire_rested":1,"item_purchase_floors":[4,4,14,14],"current_hp_per_floor":[41,40,34,34,35,22,44,26,26,26,26,37,37,37,37,17,61,49,49,44,28,0,0],"gold":114,"neow_bonus":"ONE_RARE_RELIC","is_daily":false,"chose_seed":false,"campfire_upgraded":2,"win_rate":0.0,"timestamp":1610019568,"path_taken":["M","M","M","$","M","E","R","E","T","R","?","M","?","$","R","BOSS","M","?","M","?","?"],"items_purchased_type":["Relic","Card","Card","Relic"],"build_version":"2020-12-22","purchased_purges":1,"victory":false,"max_hp_per_floor":[75,75,75,75,75,75,75,75,75,75,75,75,75,75,75,75,75,75,75,75,75,75,75],"card_choices":[{"not_picked":["Auto Shields","Reprogram"],"picked":"Rip and Tear","floor":1.0},{"not_picked":["Doom and Gloom","Go for the Eyes"],"picked":"Genetic Algorithm","floor":2.0},{"not_picked":["Barrage","Conserve Battery"],"picked":"Capacitor","floor":3.0},{"not_picked":["Steam","Stack"],"picked":"Ball Lightning","floor":5.0},{"not_picked":["Gash","Fusion","Redo"],"picked":"SKIP","floor":6.0},{"not_picked":["White Noise","Streamline"],"picked":"Echo Form","floor":8.0},{"not_picked":["Rebound","Scrape","Gash"],"picked":"SKIP","floor":12.0},{"not_picked":["Reboot","Meteor Strike"],"picked":"Rainbow","floor":16.0},{"not_picked":["Turbo","Rebound"],"picked":"Ball Lightning","floor":18.0},{"not_picked":["Auto Shields","Melter"],"picked":"Sweeping Beam","floor":20.0}],"player_experience":194747,"relics_obtained":[{"floor":6.0,"key":"Dead Branch"},{"floor":8.0,"key":"Juzu Bracelet"},{"floor":9.0,"key":"MawBank"},{"floor":21.0,"key":"Nilry\u0027s Codex"}],"event_choices":[{"cards_removed":["Strike_B"],"damage_healed":0.0,"max_hp_gain":0.0,"max_hp_loss":0.0,"gold_gain":0.0,"event_name":"Purifier","player_choice":"Purged","floor":11.0,"gold_loss":0.0,"damage_taken":0.0},{"cards_removed":["Strike_B"],"damage_healed":0.0,"max_hp_gain":0.0,"max_hp_loss":0.0,"gold_gain":0.0,"event_name":"Purifier","player_choice":"Purged","floor":13.0,"gold_loss":0.0,"damage_taken":0.0},{"damage_healed":0.0,"max_hp_gain":0.0,"max_hp_loss":0.0,"gold_gain":0.0,"event_name":"Addict","player_choice":"Obtained Relic","floor":19.0,"gold_loss":85.0,"damage_taken":0.0,"relics_obtained":["Gremlin Horn"]},{"damage_healed":0.0,"max_hp_gain":0.0,"max_hp_loss":0.0,"gold_gain":0.0,"event_name":"Cursed Tome","player_choice":"Obtained Book","floor":21.0,"gold_loss":0.0,"damage_taken":16.0},{"damage_healed":0,"gold_gain":0,"player_choice":"Fought Bandits","damage_taken":0,"max_hp_gain":0,"max_hp_loss":0,"event_name":"Masked Bandits","floor":22,"gold_loss":0}],"is_beta":false,"boss_relics":[{"not_picked":["Coffee Dripper","SacredBark"],"picked":"Cursed Key"}],"items_purged_floors":[4],"is_endless":false,"potions_floor_spawned":[1,3,6,20],"killed_by":"Masked Bandits","ascension_level":9}}