{"host":"l84l8xigz5v5foa2","time":1610016485,"event":{"mods":["2.2 Compatiblity","AchievementEnabler","BaseMod","Better Note","Better Vampires","Card Filter","Colored Map","DeckTracker","Downfall","Gremlin Skip","Highlight Path","Keyboard Shortcuts","Minty Spire (QoL Compilation)","Permanent Neow","Quick Restart","Relic Filter","Relic Stats","StSLib","SuperFastMode","Transform Curses","Unknown Chances"],"gold_per_floor":[99,9,24,35,54,54,54,54,67,102,87,87,12,29,49,124,124,124,136,236,236,52,70,70,70,70,102,102,122,141,141,151,222,222,222,234,151,151,151,151,151,211,211,286,136,170,227,284,342,382,382,422,422,422],"floor_reached":52,"playtime":3807,"items_purged":["hexamod:Strike","hexamod:Strike"],"score":1439,"play_id":"66265a3f-49ed-43c6-96a3-b5323d1eabf6","local_time":"20210107194805","is_ascension_mode":true,"campfire_choices":[{"floor":1.0,"key":"RECALL"},{"data":"hexamod:FastForward","floor":6.0,"key":"SMITH"},{"data":"hexamod:ThermalTransfer","floor":8.0,"key":"SMITH"},{"data":"hexamod:CatchUp","floor":13.0,"key":"SMITH"},{"data":"hexamod:HexaLevel","floor":18.0,"key":"SMITH"},{"data":"hexamod:InspiringFlames","floor":26.0,"key":"SMITH"},{"data":"hexamod:RetreatToShadows","floor":28.0,"key":"SMITH"},{"data":"hexamod:AdvancingGuard","floor":35.0,"key":"SMITH"},{"data":"hexamod:HeatShield","floor":40.0,"key":"SMITH"},{"floor":45.0,"key":"REST"}],"circlet_count":0,"master_deck":["AscendersBane","hexamod:Strike+1","hexamod:Defend+1","hexamod:Defend+1","hexamod:Defend+1","hexamod:Sear+1","hexamod:Float+1","hexamod:ThermalTransfer+1","hexamod:HauntingEcho+1","hexamod:FastForward+1","hexamod:CatchUp+1","hexamod:SpectersWail+1","hexamod:FourthSeal","hexamod:HexaLevel+1","hexamod:PowerFromBeyond+1","hexamod:InspiringFlames+1","hexamod:SwordOfDarkness+1","hexamod:AdvancingGuard+1","hexamod:HauntingEcho+1","hexamod:RainOfEmbers+1","hexamod:RetreatToShadows+1","hexamod:StepThrough+1","hexamod:InspiringFlames+1","hexamod:SixthSeal","hexamod:Incineration+1","hexamod:TimeWarp+1","hexamod:HeatShield+1","hexamod:GhostOfSpirePast+1","hexamod:Rewind+1","Parasite","hexamod:AdvancingGuard+1"],"relics":["hexamod:SpiritBrand","Molten Egg 2","Ornamental Fan","downfall:HeartBlessingRed","Runic Pyramid","Medical Kit","Pantograph","downfall:KnowingSkull","Letter Opener","Philosopher\u0027s Stone","Toxic Egg 2","downfall:HeartBlessingGreen","downfall:HeartBlessingBlue","Blood Vial"],"acts_visited":["Exordium","TheCity","TheBeyond","TheEnding"],"potions_floor_usage":[47,47,48,49,52],"damage_taken":[{"damage":0.0,"enemies":"downfall:FleeingMerchant","floor":2.0,"turns":4.0},{"damage":0.0,"enemies":"Cultist","floor":3.0,"turns":3.0},{"damage":0.0,"enemies":"Small Slimes","floor":4.0,"turns":2.0},{"damage":1.0,"enemies":"Jaw Worm","floor":5.0,"turns":4.0},{"damage":5.0,"enemies":"Large Slime","floor":9.0,"turns":6.0},{"damage":0.0,"enemies":"Gremlin Nob","floor":10.0,"turns":3.0},{"damage":4.0,"enemies":"downfall:FleeingMerchant","floor":11.0,"turns":4.0},{"damage":0.0,"enemies":"Gremlin Gang","floor":14.0,"turns":1.0},{"damage":0.0,"enemies":"Exordium Wildlife","floor":15.0,"turns":2.0},{"damage":35.0,"enemies":"downfall:Silent","floor":16.0,"turns":8.0},{"damage":6.0,"enemies":"Chosen","floor":19.0,"turns":4.0},{"damage":17.0,"enemies":"downfall:Augmenter","floor":20.0,"turns":6.0},{"damage":1.0,"enemies":"downfall:FleeingMerchant","floor":22.0,"turns":4.0},{"damage":0.0,"enemies":"Chosen and Byrds","floor":23.0,"turns":5.0},{"damage":35.0,"enemies":"Slavers","floor":27.0,"turns":4.0},{"damage":8.0,"enemies":"3 Cultists","floor":29.0,"turns":4.0},{"damage":0.0,"enemies":"Centurion and Healer","floor":30.0,"turns":5.0},{"damage":0.0,"enemies":"Cultist and Chosen","floor":32.0,"turns":5.0},{"damage":18.0,"enemies":"downfall:Ironclad","floor":33.0,"turns":8.0},{"damage":8.0,"enemies":"3 Shapes","floor":36.0,"turns":4.0},{"damage":1.0,"enemies":"downfall:FleeingMerchant","floor":37.0,"turns":4.0},{"damage":6.0,"enemies":"Orb Walker","floor":42.0,"turns":4.0},{"damage":16.0,"enemies":"Giant Head","floor":44.0,"turns":9.0},{"damage":20.0,"enemies":"Nemesis","floor":46.0,"turns":7.0},{"damage":12,"enemies":"Jaw Worm Horde","floor":47,"turns":4},{"damage":3,"enemies":"Maw","floor":48,"turns":6},{"damage":15,"enemies":"Writhing Mass","floor":49,"turns":4},{"damage":16,"enemies":"downfall:Watcher","floor":50,"turns":9},{"damage":80,"enemies":"downfall:CharBossMerchant","floor":52,"turns":7}],"seed_played":"7283862140595536542","potions_obtained":[{"floor":4.0,"key":"FearPotion"},{"floor":5.0,"key":"SkillPotion"},{"floor":9.0,"key":"DistilledChaos"},{"floor":12.0,"key":"DuplicationPotion"},{"floor":15.0,"key":"PowerPotion"},{"floor":16.0,"key":"Fruit Juice"},{"floor":19.0,"key":"Regen Potion"},{"floor":19.0,"key":"Dexterity Potion"},{"floor":22.0,"key":"Fire Potion"},{"floor":23.0,"key":"hexamod:DoubleChargePotion"},{"floor":27.0,"key":"FearPotion"},{"floor":29.0,"key":"Dexterity Potion"},{"floor":30.0,"key":"Guardian:BlockOnCardUsePotion"},{"floor":31.0,"key":"CultistPotion"},{"floor":33.0,"key":"AttackPotion"},{"floor":42.0,"key":"SpeedPotion"},{"floor":44.0,"key":"Energy Potion"},{"floor":44.0,"key":"DuplicationPotion"},{"floor":46.0,"key":"champ:CounterPotion"},{"floor":47,"key":"Block Potion"},{"floor":47,"key":"Fire Potion"},{"floor":48,"key":"Block Potion"},{"floor":49,"key":"hexamod:InfernoChargePotion"}],"is_trial":false,"path_per_floor":["R","$","M","M","M","R","T","R","M","E","$","?","R","M","M","B",null,"R","M","?","?","$","M","T","?","R","E","R","M","M","?","M","B",null,"R","M","$","?","?","R","T","M","$","E","R","E","M","M","M","B",null,"E"],"character_chosen":"THE_SPIRIT","items_purchased":["Medical Kit","hexamod:TimeWarp+1","hexamod:HeatShield","hexamod:GhostOfSpirePast"],"campfire_rested":1,"item_purchase_floors":[22,37,37,37],"current_hp_per_floor":[57,57,57,57,56,56,56,56,51,51,47,47,47,47,47,12,55,55,49,47,47,46,46,46,32,32,9,9,1,1,1,1,8,53,53,45,44,44,44,44,44,38,38,22,55,35,25,24,11,22,64,0,0,0],"gold":422,"neow_bonus":"UPGRADE_CARD","is_daily":false,"chose_seed":false,"campfire_upgraded":8,"win_rate":0.0,"timestamp":1610016485,"path_taken":["R","$","M","M","?","R","T","R","M","E","$","?","R","M","M","BOSS","R","M","?","?","$","M","T","?","R","E","R","M","?","?","M","BOSS","R","M","$","?","?","R","T","?","$","E","R","E","M","?","M","BOSS","E"],"items_purchased_type":["Relic","Card","Card","Card"],"build_version":"2020-12-22","purchased_purges":2,"victory":false,"max_hp_per_floor":[63,63,63,63,63,63,63,63,63,63,63,63,63,63,63,63,68,68,68,68,68,68,68,68,68,68,68,68,68,68,68,68,68,68,68,68,68,68,68,68,68,68,68,68,78,78,78,78,78,78,78,78,78,78],"relic_stats":{"Blood Vial":10,"counters":[29,140],"Ornamental Fan":[104],"Pantograph":50,"Letter Opener":[143],"Medical Kit":[4],"obtain_stats":[{"downfall:HeartBlessingRed":13,"downfall:HeartBlessingGreen":45,"Letter Opener":27,"Medical Kit":22,"Blood Vial":46,"Ornamental Fan":10,"downfall:HeartBlessingBlue":45,"Pantograph":24,"Molten Egg 2":7,"downfall:KnowingSkull":25,"Philosopher\u0027s Stone":34,"Toxic Egg 2":44,"hexamod:SpiritBrand":0,"Runic Pyramid":17},{"downfall:HeartBlessingRed":7,"downfall:HeartBlessingGreen":23,"Letter Opener":15,"Medical Kit":13,"Blood Vial":24,"Ornamental Fan":6,"downfall:HeartBlessingBlue":23,"Pantograph":14,"Molten Egg 2":4,"downfall:KnowingSkull":14,"Philosopher\u0027s Stone":19,"Toxic Egg 2":23,"hexamod:SpiritBrand":0,"Runic Pyramid":10},{"downfall:HeartBlessingRed":26,"downfall:HeartBlessingGreen":103,"Letter Opener":60,"Medical Kit":51,"Blood Vial":110,"Ornamental Fan":22,"downfall:HeartBlessingBlue":103,"Pantograph":56,"Molten Egg 2":13,"downfall:KnowingSkull":56,"Philosopher\u0027s Stone":82,"Toxic Egg 2":103,"hexamod:SpiritBrand":0,"Runic Pyramid":37}]},"card_choices":[{"not_picked":["hexamod:Hexaguard","hexamod:FastForward"],"picked":"hexamod:ThermalTransfer","floor":2.0},{"not_picked":["hexamod:GhostShield","hexamod:EmpoweredFlame"],"picked":"hexamod:HauntingEcho","floor":3.0},{"not_picked":["hexamod:GhostShield","hexamod:CrushingStance"],"picked":"hexamod:FastForward","floor":4.0},{"not_picked":["hexamod:Again","hexamod:GhostLash","hexamod:BacktrackSmack"],"picked":"SKIP","floor":5.0},{"not_picked":["hexamod:Firestarter+1","hexamod:Hexaguard"],"picked":"hexamod:CatchUp","floor":9.0},{"not_picked":["hexamod:ApocalypticArmor","hexamod:RainOfEmbers+1"],"picked":"hexamod:SpectersWail+1","floor":10.0},{"not_picked":["hexamod:Firestarter+1","hexamod:EtherealExpedition","hexamod:CatchUp"],"picked":"SKIP","floor":11.0},{"not_picked":["hexamod:Firestarter+1","hexamod:RainOfEmbers+1"],"picked":"hexamod:FourthSeal","floor":14.0},{"not_picked":["hexamod:ShieldOfDarkness","hexamod:BurningTouch","hexamod:PhantomCloak"],"picked":"SKIP","floor":15.0},{"not_picked":["hexamod:CrushingStance+1","hexamod:GiftsFromTheDead"],"picked":"hexamod:HexaLevel","floor":16.0},{"not_picked":["hexamod:SwordOfDarkness+1","hexamod:FastForward"],"picked":"hexamod:PowerFromBeyond","floor":19.0},{"not_picked":["hexamod:ThermalTransfer+1","hexamod:GhostShield+1"],"picked":"hexamod:AdvancingGuard","floor":20.0},{"not_picked":["hexamod:GhostShield","hexamod:CrushingStance+1"],"picked":"hexamod:HauntingEcho+1","floor":22.0},{"not_picked":["hexamod:SpectersWail+1","hexamod:SpectralAdrenaline"],"picked":"hexamod:RainOfEmbers+1","floor":23.0},{"not_picked":["hexamod:HeatMetal+1","hexamod:ThermalTransfer+1"],"picked":"hexamod:RetreatToShadows","floor":27.0},{"not_picked":["hexamod:ParanormalForm","hexamod:Hexaguard","hexamod:GhostLash+1"],"picked":"SKIP","floor":29.0},{"not_picked":["hexamod:RadiantFlame","hexamod:CatchUp"],"picked":"hexamod:StepThrough+1","floor":30.0},{"not_picked":["hexamod:HeatCrush+1","hexamod:SpectersWail+1"],"picked":"hexamod:InspiringFlames+1","floor":32.0},{"not_picked":["hexamod:Toasty+1","hexamod:GiftsFromTheDead"],"picked":"hexamod:SixthSeal","floor":33.0},{"not_picked":["hexamod:BurningTouch","hexamod:PhantomFireball+1"],"picked":"hexamod:Incineration+1","floor":36.0},{"not_picked":["hexamod:Firestarter+1","hexamod:SuperheatedStrike+1","hexamod:SoulSteal"],"picked":"SKIP","floor":42.0},{"not_picked":["hexamod:HeatMetal+1","hexamod:Again+1","hexamod:Firestarter+1"],"picked":"SKIP","floor":44.0},{"not_picked":["hexamod:HeatMetal+1","hexamod:HauntingEcho+1"],"picked":"hexamod:Rewind+1","floor":46.0},{"not_picked":["hexamod:EmpoweredFlame","hexamod:HauntingEcho+1","hexamod:BurningTouch+1"],"picked":"SKIP","floor":47},{"not_picked":["hexamod:Again+1","hexamod:HeatCrush+1","hexamod:FlamesFromBeyond+1"],"picked":"SKIP","floor":48},{"not_picked":["hexamod:BacktrackSmack+1","hexamod:Firestarter+1"],"picked":"hexamod:AdvancingGuard+1","floor":49}],"player_experience":2953532,"relics_obtained":[{"floor":7.0,"key":"Molten Egg 2"},{"floor":10.0,"key":"Ornamental Fan"},{"floor":24.0,"key":"Pantograph"},{"floor":27.0,"key":"Letter Opener"},{"floor":44.0,"key":"Toxic Egg 2"},{"floor":46.0,"key":"Blood Vial"}],"event_choices":[{"damage_healed":0.0,"max_hp_gain":0.0,"max_hp_loss":0.0,"gold_gain":0.0,"event_name":"Lab","player_choice":"Got Potions","floor":12.0,"gold_loss":0.0,"damage_taken":0.0},{"damage_healed":0.0,"max_hp_gain":0.0,"max_hp_loss":0.0,"gold_gain":0.0,"event_name":"Upgrade Shrine","player_choice":"Upgraded","floor":39.0,"gold_loss":0.0,"damage_taken":0.0,"cards_upgraded":["hexamod:GhostOfSpirePast"]}],"is_beta":false,"boss_relics":[{"not_picked":["Pandora\u0027s Box","Busted Crown"],"picked":"Runic Pyramid"},{"not_picked":["Coffee Dripper","sneckomod:SneckoTalon"],"picked":"Philosopher\u0027s Stone"}],"items_purged_floors":[2,37],"is_endless":false,"potions_floor_spawned":[4,5,9,10,15,19,29,30,32,36,44,47,48],"killed_by":"downfall:CharBossMerchant","ascension_level":20}}