{"host":"oigynbtg272c19pw","time":1610042458,"event":{"mods":["BaseMod","Colored Map","Minty Spire (QoL Compilation)","Relic Stats","StSLib"],"gold_per_floor":[144,189,226,238,238,272,272,297,321,321,334,346,27,111,111,208,208,276,5,16,16,16,16],"floor_reached":22,"playtime":1304,"items_purged":["Strike_P","Strike_P"],"score":412,"play_id":"08924da4-38bc-4542-a0b1-aba579e4aaef","local_time":"20210107190058","is_ascension_mode":true,"campfire_choices":[{"floor":7.0,"key":"REST"},{"floor":10.0,"key":"REST"},{"data":"Worship","floor":15.0,"key":"SMITH"}],"circlet_count":0,"master_deck":["AscendersBane","Strike_P","Defend_P","Defend_P","Defend_P","Defend_P","Eruption","Vigilance","Wish","WindmillStrike","Weave","SignatureMove","Wish","CrushJoints","InnerPeace","Indignation","Worship+1","Wallop","SpiritShield","ThirdEye","Vault","Tantrum","EmptyBody","Shame"],"relics":["PureWater","CloakClasp","Damaru","Oddly Smooth Stone","Lee\u0027s Waffle","Akabeko","Runic Dome","Happy Flower"],"acts_visited":["Exordium","TheCity"],"potions_floor_usage":[16],"damage_taken":[{"damage":6.0,"enemies":"Small Slimes","floor":1.0,"turns":6.0},{"damage":1.0,"enemies":"Cultist","floor":2.0,"turns":4.0},{"damage":2.0,"enemies":"Jaw Worm","floor":3.0,"turns":5.0},{"damage":5.0,"enemies":"Looter","floor":4.0,"turns":4.0},{"damage":32.0,"enemies":"3 Sentries","floor":6.0,"turns":13.0},{"damage":27.0,"enemies":"Gremlin Nob","floor":8.0,"turns":4.0},{"damage":23.0,"enemies":"Large Slime","floor":11.0,"turns":9.0},{"damage":0.0,"enemies":"Exordium Thugs","floor":12.0,"turns":5.0},{"damage":55.0,"enemies":"3 Sentries","floor":14.0,"turns":10.0},{"damage":10,"enemies":"Slime Boss","floor":16,"turns":5},{"damage":39,"enemies":"Shell Parasite","floor":18,"turns":6},{"damage":0,"enemies":"Spheric Guardian","floor":20,"turns":1},{"damage":41,"enemies":"Cultist and Chosen","floor":22,"turns":4}],"seed_played":"5185761791209379178","potions_obtained":[{"floor":1.0,"key":"SkillPotion"},{"floor":6.0,"key":"FearPotion"},{"floor":11.0,"key":"EssenceOfSteel"},{"floor":14.0,"key":"Energy Potion"},{"floor":16,"key":"FearPotion"}],"is_trial":false,"path_per_floor":["M","M","M","M","?","E","R","E","T","R","M","M","$","E","R","B",null,"M","$","M","?","M"],"character_chosen":"WATCHER","items_purchased":["Lee\u0027s Waffle","Worship","Vault","Tantrum"],"campfire_rested":2,"item_purchase_floors":[13,13,19,19],"current_hp_per_floor":[55,54,52,47,47,15,35,8,8,28,5,5,75,20,20,10,59,20,20,20,20,0,0],"gold":16,"neow_bonus":"ONE_RANDOM_RARE_CARD","is_daily":false,"chose_seed":false,"campfire_upgraded":1,"win_rate":0.0,"timestamp":1610042458,"path_taken":["M","M","M","M","?","E","R","E","T","R","?","M","?","E","R","BOSS","M","$","M","?","M"],"items_purchased_type":["Relic","Card","Card","Card"],"build_version":"2020-12-13","purchased_purges":2,"victory":false,"max_hp_per_floor":[68,68,68,68,68,68,68,68,68,68,68,68,75,75,75,75,75,75,75,75,75,75,75],"relic_stats":{"Lee\u0027s Waffle":70,"Happy Flower":[1],"counters":[13,76],"CloakClasp":[116],"obtain_stats":[{"Runic Dome":17,"Lee\u0027s Waffle":13,"Happy Flower":21,"Damaru":8,"Oddly Smooth Stone":9,"CloakClasp":6,"PureWater":0,"Akabeko":14},{"Runic Dome":10,"Lee\u0027s Waffle":8,"Happy Flower":12,"Damaru":6,"Oddly Smooth Stone":6,"CloakClasp":5,"PureWater":0,"Akabeko":9},{"Runic Dome":65,"Lee\u0027s Waffle":50,"Happy Flower":72,"Damaru":36,"Oddly Smooth Stone":36,"CloakClasp":32,"PureWater":0,"Akabeko":60}]},"card_choices":[{"not_picked":["Protect","FlyingSleeves"],"picked":"WindmillStrike","floor":1.0},{"not_picked":["FlyingSleeves","JustLucky"],"picked":"Weave","floor":2.0},{"not_picked":["ClearTheMind","FollowUp"],"picked":"SignatureMove","floor":3.0},{"not_picked":["ForeignInfluence","Protect","Nirvana"],"picked":"SKIP","floor":4.0},{"not_picked":["SashWhip","Nirvana"],"picked":"Wish","floor":6.0},{"not_picked":["FollowUp","Halt"],"picked":"CrushJoints","floor":8.0},{"not_picked":["Protect","EmptyFist"],"picked":"InnerPeace","floor":11.0},{"not_picked":["ReachHeaven","JustLucky"],"picked":"Indignation","floor":12.0},{"not_picked":["WaveOfTheHand","Consecrate"],"picked":"Wallop","floor":14.0},{"not_picked":["DeusExMachina","Devotion"],"picked":"SpiritShield","floor":16},{"not_picked":["InnerPeace","Weave"],"picked":"ThirdEye","floor":18},{"not_picked":["EmptyBody","ForeignInfluence","Nirvana"],"picked":"SKIP","floor":20},{"not_picked":["ForeignInfluence","Nirvana"],"picked":"EmptyBody","floor":20}],"player_experience":1347929,"relics_obtained":[{"floor":6.0,"key":"CloakClasp"},{"floor":8.0,"key":"Damaru"},{"floor":9.0,"key":"Oddly Smooth Stone"},{"floor":14.0,"key":"Akabeko"}],"event_choices":[{"cards_removed":["Strike_P"],"damage_healed":0.0,"max_hp_gain":0.0,"max_hp_loss":0.0,"gold_gain":0.0,"event_name":"Bonfire Elementals","player_choice":"Offered Basic","floor":5.0,"gold_loss":0.0,"damage_taken":0.0},{"damage_healed":0,"gold_gain":0,"player_choice":"Stole Relic","damage_taken":0,"relics_obtained":["Happy Flower"],"max_hp_gain":0,"max_hp_loss":0,"event_name":"Addict","floor":21,"gold_loss":0,"cards_obtained":["Shame"]}],"is_beta":false,"boss_relics":[{"not_picked":["SacredBark","Fusion Hammer"],"picked":"Runic Dome"}],"items_purged_floors":[13,19],"is_endless":false,"potions_floor_spawned":[1,6,11,14,16],"killed_by":"Cultist and Chosen","ascension_level":20}}