{"host":"JIN","time":1610028048,"event":{"mods":["BaseMod","Custom Start","DeckTracker","Minty Spire (QoL Compilation)","Shop Mod","StSLib","SuperFastMode"],"gold_per_floor":[120,135,185,235,251,251,290,290,290,303,303,344,394,413,413,507,507,525,277,298,348,398,398,431,431,513,551,551,617,632,85,85,181,181,202,26,41,62,76,126,159,174,174,557,557,595,14,26,26,26,26,26,26,26,58,58],"floor_reached":57,"playtime":4388,"items_purged":[],"score":3166,"play_id":"268158e2-8447-41d0-adf0-c7d1454e96b1","local_time":"20210107230048","is_ascension_mode":true,"campfire_choices":[{"data":"Rainbow","floor":6.0,"key":"SMITH"},{"data":"Coolheaded","floor":8.0,"key":"SMITH"},{"data":"White Noise","floor":11.0,"key":"SMITH"},{"data":"Defragment","floor":15.0,"key":"SMITH"},{"floor":23.0,"key":"REST"},{"floor":25,"key":"REST"},{"floor":28,"key":"REST"},{"data":"Seek","floor":32,"key":"SMITH"},{"floor":45,"key":"RECALL"},{"data":"Capacitor","floor":49,"key":"SMITH"},{"data":"Creative AI","floor":53,"key":"SMITH"}],"circlet_count":0,"master_deck":["Strike_B","Strike_B+1","Defend_B","Defend_B+1","Defend_B+1","Zap+1","Dualcast+1","Rainbow+1","Defragment+1","White Noise+1","Genetic Algorithm","Coolheaded+1","Sweeping Beam","Seek+1","Hologram+1","Machine Learning","Compile Driver","Reboot","Coolheaded+1","Steam","Conserve Battery","Self Repair","Capacitor+1","Chill","BootSequence","Melter","Creative AI+1","Skim","Glacier+1","Hologram+1","Barrage+1","Double Energy+1","Apotheosis+1","White Noise+1","Buffer","Capacitor","Heatsinks"],"relics":["Cracked Core","Question Card","Prayer Wheel","Membership Card","The Courier","Smiling Mask","SsserpentHead","Omamori","Black Star","Bag of Marbles","StoneCalendar","Gambling Chip","Strawberry","Empty Cage","TheAbacus","PreservedInsect","Unceasing Top","Enchiridion","Bag of Preparation","Orichalcum","Pear","TungstenRod","Omamori","White Beast Statue","Eternal Feather","Mercury Hourglass","Incense Burner","Anchor","Calling Bell","MealTicket","Cables","Calipers","Toxic Egg 2","Happy Flower","Toy Ornithopter","Boot","Dead Branch","Dream Catcher","CeramicFish","Medical Kit","Bird Faced Urn","Kunai","Vajra","Thread and Needle","War Paint","Pocketwatch","Blood Vial"],"acts_visited":["Exordium","TheCity","TheBeyond","TheEnding"],"potions_floor_usage":[24,24,56,56,56,56],"damage_taken":[{"damage":7.0,"enemies":"Jaw Worm","floor":1.0,"turns":3.0},{"damage":7.0,"enemies":"Small Slimes","floor":5.0,"turns":3.0},{"damage":5.0,"enemies":"3 Sentries","floor":7.0,"turns":2.0},{"damage":0.0,"enemies":"2 Louse","floor":10.0,"turns":4.0},{"damage":10.0,"enemies":"Lagavulin","floor":12.0,"turns":6.0},{"damage":0.0,"enemies":"Exordium Thugs","floor":14.0,"turns":3.0},{"damage":3.0,"enemies":"Hexaghost","floor":16.0,"turns":8.0},{"damage":22.0,"enemies":"2 Thieves","floor":18.0,"turns":4.0},{"damage":14.0,"enemies":"Shell Parasite","floor":20.0,"turns":5.0},{"damage":27,"enemies":"Slavers","floor":24,"turns":4},{"damage":22,"enemies":"Gremlin Leader","floor":27,"turns":6},{"damage":0,"enemies":"Centurion and Healer","floor":29,"turns":7},{"damage":0,"enemies":"3 Cultists","floor":30,"turns":6},{"damage":0,"enemies":"Automaton","floor":33,"turns":10},{"damage":0,"enemies":"Orb Walker","floor":35,"turns":4},{"damage":3,"enemies":"3 Darklings","floor":37,"turns":7},{"damage":11,"enemies":"Jaw Worm Horde","floor":38,"turns":7},{"damage":2,"enemies":"Writhing Mass","floor":39,"turns":6},{"damage":6,"enemies":"Nemesis","floor":41,"turns":7},{"damage":0,"enemies":"4 Shapes","floor":42,"turns":6},{"damage":0,"enemies":"Giant Head","floor":46,"turns":5},{"damage":0,"enemies":"Maw","floor":48,"turns":7},{"damage":0,"enemies":"Donu and Deca","floor":50,"turns":9},{"damage":0,"enemies":"Time Eater","floor":51,"turns":10},{"damage":38,"enemies":"Shield and Spear","floor":55,"turns":8},{"damage":127,"enemies":"The Heart","floor":56,"turns":15}],"seed_played":"1359309501839148970","potions_obtained":[{"floor":7.0,"key":"FearPotion"},{"floor":14.0,"key":"Strength Potion"},{"floor":24,"key":"CultistPotion"},{"floor":27,"key":"Swift Potion"},{"floor":33,"key":"EntropicBrew"},{"floor":46,"key":"Dexterity Potion"}],"is_trial":false,"path_per_floor":["M","?","?","?","M","R","E","R","T","M","R","E","?","M","R","B",null,"M","$","M","?","?","R","E","R","T","E","R","M","M","$","R","B",null,"M","$","M","M","M","?","E","M","T","?","R","E","$","M","R","B","B",null,"R","$","E","B",null],"character_chosen":"DEFECT","items_purchased":["TheAbacus","PreservedInsect","Unceasing Top","White Beast Statue","Eternal Feather","Mercury Hourglass","Incense Burner","Anchor","Melter","Toxic Egg 2","Happy Flower","Medical Kit","Bird Faced Urn","Kunai","Vajra","Thread and Needle","Capacitor","Heatsinks","War Paint"],"campfire_rested":3,"item_purchase_floors":[19,19,19,31,31,31,31,31,31,36,36,47,47,47,47,47,47,47,47],"current_hp_per_floor":[57,71,64,64,57,57,52,52,52,52,52,49,26,26,26,23,64,42,42,28,7,7,30,3,26,36,14,40,40,47,47,62,69,83,88,88,88,84,82,82,86,86,86,86,88,88,88,88,88,88,88,88,88,88,72,19],"gold":58,"neow_bonus":"ONE_RANDOM_RARE_CARD","is_daily":false,"chose_seed":false,"campfire_upgraded":7,"win_rate":0.0,"timestamp":1610028048,"path_taken":["M","?","?","?","M","R","E","R","T","M","R","E","?","M","R","BOSS","M","$","M","?","?","R","E","R","T","E","R","?","M","$","R","BOSS","M","$","M","M","M","?","E","M","T","?","R","E","$","M","R","BOSS","BOSS","R","$","E","BOSS"],"items_purchased_type":["Relic","Relic","Relic","Relic","Relic","Relic","Relic","Relic","Card","Relic","Relic","Relic","Relic","Relic","Relic","Relic","Card","Card","Relic"],"build_version":"2020-12-18","purchased_purges":0,"victory":true,"max_hp_per_floor":[71,71,71,71,71,71,71,71,71,71,71,78,78,78,78,78,78,78,78,78,78,78,78,78,78,88,88,88,88,88,88,88,88,88,88,88,88,88,88,88,88,88,88,88,88,88,88,88,88,88,88,88,88,88,88,88],"card_choices":[{"not_picked":["Go for the Eyes","Steam","Redo"],"picked":"Defragment","floor":1.0},{"not_picked":["Conserve Battery","Sweeping Beam","Creative AI"],"picked":"White Noise","floor":1.0},{"not_picked":["Steam","Compile Driver","Undo"],"picked":"Genetic Algorithm","floor":5.0},{"not_picked":["Double Energy","Conserve Battery","Recycle"],"picked":"Coolheaded","floor":5.0},{"not_picked":["Scrape","Redo","Stack"],"picked":"Sweeping Beam","floor":7.0},{"not_picked":["Rebound","Stack","All For One","Reinforced Body"],"picked":"SKIP","floor":10.0},{"not_picked":["Rebound","Stack","Go for the Eyes","Leap"],"picked":"SKIP","floor":10.0},{"not_picked":["Redo","Rip and Tear","Go for the Eyes"],"picked":"Seek","floor":12.0},{"not_picked":["Force Field","Ball Lightning","Redo"],"picked":"Hologram","floor":14.0},{"not_picked":["Go for the Eyes","Sweeping Beam","Stack","Coolheaded"],"picked":"SKIP","floor":14.0},{"not_picked":["Multi-Cast","Hyperbeam","Amplify"],"picked":"Machine Learning","floor":16.0},{"not_picked":["Rebound","Darkness","Melter"],"picked":"Compile Driver","floor":18.0},{"not_picked":["Leap","Hologram","Conserve Battery","Genetic Algorithm"],"picked":"SKIP","floor":18.0},{"not_picked":["Rip and Tear","Scrape","Redo"],"picked":"Reboot","floor":20.0},{"not_picked":["Conserve Battery","Hologram","Meteor Strike"],"picked":"Coolheaded+1","floor":20.0},{"not_picked":["Steam Power","Chaos","Reprogram"],"picked":"Steam","floor":24},{"not_picked":["Rip and Tear","Reprogram","Compile Driver"],"picked":"Conserve Battery","floor":27},{"not_picked":["Steam","Reboot","Cold Snap"],"picked":"Self Repair","floor":29},{"not_picked":["Conserve Battery","Coolheaded","Compile Driver"],"picked":"Capacitor","floor":29},{"not_picked":["Gash","Steam","Redo"],"picked":"Chill","floor":30},{"not_picked":["Gash","Compile Driver","Reinforced Body"],"picked":"BootSequence","floor":30},{"not_picked":["Thunder Strike","Seek","Hyperbeam"],"picked":"Creative AI","floor":33},{"not_picked":["Hologram","Recycle+1","Rebound"],"picked":"Skim","floor":35},{"not_picked":["Sweeping Beam","Reprogram","Go for the Eyes+1","Ball Lightning+1"],"picked":"SKIP","floor":35},{"not_picked":["Doom and Gloom","Reprogram+1","Reinforced Body+1"],"picked":"Glacier+1","floor":37},{"not_picked":["Hologram+1","Conserve Battery+1","Rebound+1","Cold Snap"],"picked":"SKIP","floor":37},{"not_picked":["Conserve Battery+1","Rebound+1","Cold Snap"],"picked":"Hologram+1","floor":37},{"not_picked":["Hello World+1","Auto Shields+1","Gash"],"picked":"Barrage+1","floor":38},{"not_picked":["Chill+1","Barrage","Sunder","Gash"],"picked":"SKIP","floor":38},{"not_picked":["Cold Snap","Recycle+1","Meteor Strike"],"picked":"Double Energy+1","floor":39},{"not_picked":["Static Discharge","Genetic Algorithm+1","Go for the Eyes","Sweeping Beam"],"picked":"SKIP","floor":39},{"not_picked":["Chrysalis+1","Purity+1","Madness+1"],"picked":"Apotheosis+1","floor":40},{"not_picked":["Cold Snap","Self Repair+1","Reprogram+1","Genetic Algorithm+1"],"picked":"SKIP","floor":41},{"not_picked":["Reinforced Body+1","Streamline","Gash"],"picked":"White Noise+1","floor":42},{"not_picked":["Conserve Battery+1","Ball Lightning","Rip and Tear","Barrage+1"],"picked":"SKIP","floor":42},{"not_picked":["Lockon+1","Steam+1","Sweeping Beam"],"picked":"Buffer","floor":46},{"not_picked":["Ball Lightning","Doom and Gloom","Gash","Compile Driver"],"picked":"SKIP","floor":48},{"not_picked":["Blizzard","Capacitor","Steam+1","Sweeping Beam+1"],"picked":"SKIP","floor":48},{"not_picked":["Steam+1","Hyperbeam","All For One","FTL"],"picked":"SKIP","floor":55}],"player_experience":1202933,"relics_obtained":[{"floor":7.0,"key":"Bag of Marbles"},{"floor":7.0,"key":"StoneCalendar"},{"floor":12.0,"key":"Gambling Chip"},{"floor":12.0,"key":"Strawberry"},{"floor":21.0,"key":"Enchiridion"},{"floor":24,"key":"Bag of Preparation"},{"floor":24,"key":"Orichalcum"},{"floor":26,"key":"Pear"},{"floor":27,"key":"TungstenRod"},{"floor":27,"key":"Omamori"},{"floor":34,"key":"MealTicket"},{"floor":34,"key":"Cables"},{"floor":34,"key":"Calipers"},{"floor":41,"key":"Toy Ornithopter"},{"floor":41,"key":"Boot"},{"floor":43,"key":"Dead Branch"},{"floor":46,"key":"Dream Catcher"},{"floor":46,"key":"CeramicFish"},{"floor":55,"key":"Pocketwatch"},{"floor":55,"key":"Blood Vial"}],"event_choices":[{"damage_healed":17.0,"max_hp_gain":0.0,"max_hp_loss":0.0,"gold_gain":0.0,"event_name":"The Cleric","player_choice":"Healed","floor":2.0,"gold_loss":35.0,"damage_taken":0.0},{"cards_removed":["Strike_B"],"damage_healed":0.0,"max_hp_gain":0.0,"max_hp_loss":0.0,"gold_gain":0.0,"event_name":"Golden Wing","player_choice":"Card Removal","floor":3.0,"gold_loss":0.0,"damage_taken":7.0},{"damage_healed":0.0,"max_hp_gain":0.0,"max_hp_loss":0.0,"gold_gain":0.0,"event_name":"Living Wall","player_choice":"Grow","floor":4.0,"gold_loss":0.0,"damage_taken":0.0,"cards_upgraded":["Zap"]},{"damage_healed":0.0,"max_hp_gain":0.0,"max_hp_loss":0.0,"gold_gain":0.0,"event_name":"Shining Light","player_choice":"Entered Light","floor":13.0,"gold_loss":0.0,"damage_taken":23.0,"cards_upgraded":["Strike_B","Defend_B"]},{"damage_healed":0.0,"max_hp_gain":0.0,"max_hp_loss":0.0,"gold_gain":0.0,"event_name":"Cursed Tome","player_choice":"Obtained Book","floor":21.0,"gold_loss":0.0,"damage_taken":21.0},{"damage_healed":0.0,"max_hp_gain":0.0,"max_hp_loss":0.0,"gold_gain":0.0,"event_name":"Upgrade Shrine","player_choice":"Upgraded","floor":22.0,"gold_loss":0.0,"damage_taken":0.0,"cards_upgraded":["Dualcast"]},{"damage_healed":0,"gold_gain":0,"player_choice":"Memory 1","damage_taken":0,"max_hp_gain":0,"max_hp_loss":0,"event_name":"SensoryStone","floor":40,"gold_loss":0},{"damage_healed":0,"gold_gain":333,"player_choice":"Gave Idol","damage_taken":0,"max_hp_gain":0,"max_hp_loss":0,"event_name":"The Moai Head","floor":44,"relics_lost":["Golden Idol"],"gold_loss":0}],"is_beta":true,"boss_relics":[{"not_picked":["Sozu","Pandora\u0027s Box"],"picked":"Empty Cage"},{"not_picked":["Philosopher\u0027s Stone","Busted Crown"],"picked":"Calling Bell"}],"items_purged_floors":[],"is_endless":false,"potions_floor_spawned":[7,14,16,24,27,33,35,37,38,39,41,42,46,48,55],"ascension_level":20}}