{"host":"tcdxiwht2vajk3tk","time":1610050898,"event":{"mods":["AchievementEnabler","BaseMod","Beaked The Cultist","Conspire","Defuse TimeMaze Blight","Downfall","Halation","Hermit","Hubris","Infinite Spire","Lobotomy","Minty Spire (QoL Compilation)","Replay The Spire","Shop Mod","StSLib","The Cursed","The Disciple","vexMod"],"gold_per_floor":[115,115,133,233,246,280,280,306,306,331,346,363,376,376,376,475,475,494,569,582,497,497,497],"floor_reached":22,"playtime":2615,"items_purged":[],"score":262,"play_id":"903bac55-7cd3-411f-a7fa-95073309cf70","local_time":"20210107152138","is_ascension_mode":true,"campfire_choices":[{"floor":7.0,"key":"REST"},{"floor":15.0,"key":"REST"}],"circlet_count":0,"master_deck":["Strike_Br+1","Strike_Br","Strike_Br","Strike_Br","Defend_Br","Defend_Br","Defend_Br","Defend_Br","SecondHand","PatternShift","CrumblingArmor","Backlash+1","UniverseFragment","Break","BlueStar","LockedCalendar","FairyFestival","WakeUpCall","Echoward","CrunchTime","Porccubus","LockedBlood","Mercenary","DaylightSavings","MHz","Parity","Wellcheers","CrunchTime","BigBird","OracleForm","LittlePrince","Echonomics","Scorched","HandsUpB+1","QueenOfHatred","LockedAnchor"],"relics":["Chronometer","CogitoBucket","BlueBox","vexMod:FocusSash","hubris:ToyBattleship","Toy Ornithopter","BackwardClock","Gremlin Food","vexMod:NewClearReactor","TreeSap","hubris:Teleporter"],"acts_visited":["Exordium","TheCity"],"potions_floor_usage":[],"damage_taken":[{"damage":1.0,"enemies":"Jaw Worm","floor":1.0,"turns":4.0},{"damage":0.0,"enemies":"Cultist","floor":3.0,"turns":5.0},{"damage":0.0,"enemies":"2 Louse","floor":5.0,"turns":2.0},{"damage":28.0,"enemies":"Lagavulin","floor":6.0,"turns":6.0},{"damage":1.0,"enemies":"3 Sentries","floor":8.0,"turns":3.0},{"damage":5.0,"enemies":"Gremlin Nob","floor":10.0,"turns":3.0},{"damage":0.0,"enemies":"Gremlin Gang","floor":11.0,"turns":1.0},{"damage":2.0,"enemies":"Exordium Wildlife","floor":12.0,"turns":3.0},{"damage":20.0,"enemies":"Exordium Thugs","floor":13.0,"turns":4.0},{"damage":43.0,"enemies":"The Guardian","floor":16.0,"turns":8.0},{"damage":0.0,"enemies":"2 Thieves","floor":18.0,"turns":1.0},{"damage":30,"enemies":"conspire:FuzzyDice","floor":20,"turns":3},{"damage":36,"enemies":"3 Cultists","floor":22,"turns":1}],"seed_played":"-7314010521574268879","potions_obtained":[{"floor":6.0,"key":"HastePotion"},{"floor":8.0,"key":"BlessingOfTheForge"},{"floor":10.0,"key":"AttackPotion"},{"floor":11.0,"key":"Adrenaline Potion"}],"is_trial":false,"path_per_floor":["M","?","M","?","M","E","R","E","T","E","M","M","M","T","R","B",null,"M","?","M","?","M"],"character_chosen":"CHRONO_CLASS","items_purchased":[],"campfire_rested":2,"item_purchase_floors":[],"current_hp_per_floor":[64,64,64,64,64,36,55,54,54,49,49,47,34,34,53,19,65,65,59,32,32,0,0],"gold":497,"neow_bonus":"","is_daily":false,"chose_seed":false,"campfire_upgraded":0,"win_rate":0.0,"timestamp":1610050898,"path_taken":["M","?","?","?","M","E","R","E","T","E","?","M","M","?","R","BOSS","M","?","?","?","M"],"items_purchased_type":[],"build_version":"2020-12-22","purchased_purges":0,"victory":false,"max_hp_per_floor":[65,65,65,65,65,65,65,65,65,65,65,65,65,65,65,65,65,65,65,65,65,65,65],"card_choices":[{"not_picked":["BeautyBeast","QueenOfHatred"],"picked":"CrumblingArmor","floor":1.0},{"not_picked":["WakeUpCall","WatchCommand"],"picked":"Backlash","floor":1.0},{"not_picked":["BeautyBeast","SpiderBud"],"picked":"UniverseFragment","floor":3.0},{"not_picked":["VestedLegacy","Parity"],"picked":"Break","floor":3.0},{"not_picked":["Wellcheers","LongBird"],"picked":"BlueStar","floor":5.0},{"not_picked":["Echoward","Recurrance"],"picked":"LockedCalendar","floor":5.0},{"not_picked":["Wellcheers","SpiderBud"],"picked":"FairyFestival","floor":6.0},{"not_picked":["BlueShift","Goo"],"picked":"CrunchTime","floor":6.0},{"not_picked":["Scarecrow","CherryBlossoms","Murderer"],"picked":"Singing Bowl","floor":8.0},{"not_picked":["LittleHelper","WallGazer"],"picked":"Porccubus","floor":8.0},{"not_picked":["TickedOff","HandsUpB"],"picked":"LockedBlood","floor":8.0},{"not_picked":["PunishingBird","SpiderBud"],"picked":"Mercenary","floor":10.0},{"not_picked":["LockedTurtyl","CrunchTime"],"picked":"DaylightSavings","floor":10.0},{"not_picked":["HappyTeddy","WallGazer"],"picked":"MHz","floor":11.0},{"not_picked":["PrimeTime","BiteCommand"],"picked":"Parity","floor":11.0},{"not_picked":["SpiderBud","LongBird"],"picked":"Wellcheers","floor":12.0},{"not_picked":["Echoward","ShortSighted"],"picked":"CrunchTime","floor":12.0},{"not_picked":["Yin","GreedKing"],"picked":"BigBird","floor":13.0},{"not_picked":["ReapSow","LockedScales"],"picked":"OracleForm","floor":13.0},{"not_picked":["VoidDream","DespairKnight"],"picked":"LittlePrince","floor":16.0},{"not_picked":["LockedBell","LockedLightning"],"picked":"Echonomics","floor":16.0},{"not_picked":["LittleHelper","BlackArmy"],"picked":"Scorched","floor":18.0},{"not_picked":["AlternateTimeline","CrunchTime"],"picked":"HandsUpB+1","floor":18.0},{"not_picked":["MeatLantern","Rudolta"],"picked":"QueenOfHatred","floor":20},{"not_picked":["WindUp","AlternateTimeline"],"picked":"LockedAnchor","floor":20}],"player_experience":1508653,"relics_obtained":[{"floor":6.0,"key":"BlueBox"},{"floor":8.0,"key":"vexMod:FocusSash"},{"floor":9.0,"key":"hubris:ToyBattleship"},{"floor":10.0,"key":"Toy Ornithopter"},{"floor":14.0,"key":"Gremlin Food"}],"event_choices":[{"damage_healed":0.0,"max_hp_gain":0.0,"max_hp_loss":0.0,"gold_gain":0.0,"event_name":"Accursed Blacksmith","player_choice":"Forge","floor":2.0,"gold_loss":0.0,"damage_taken":0.0,"cards_upgraded":["Backlash"]},{"damage_healed":0.0,"max_hp_gain":0.0,"max_hp_loss":0.0,"gold_gain":100.0,"event_name":"Golden Shrine","player_choice":"Pray","floor":4.0,"gold_loss":0.0,"damage_taken":0.0},{"damage_healed":0,"gold_gain":75,"player_choice":"Touch","damage_taken":6,"max_hp_gain":0,"max_hp_loss":0,"event_name":"FaceTrader","floor":19,"gold_loss":0},{"damage_healed":0,"gold_gain":0,"player_choice":"Obtained Relic","damage_taken":0,"relics_obtained":["hubris:Teleporter"],"max_hp_gain":0,"max_hp_loss":0,"event_name":"Addict","floor":21,"gold_loss":85}],"is_beta":false,"boss_relics":[{"not_picked":["HangingClock","SacredBark"],"picked":"vexMod:NewClearReactor"}],"items_purged_floors":[],"is_endless":false,"potions_floor_spawned":[6,8,10,11],"killed_by":"3 Cultists","ascension_level":3}}