{"host":"bf9sa99gaumonoeu","time":1610006065,"event":{"mods":["AchievementEnabler","Act Like it!","BaseMod","Better Sensory Stone","Colored Map","Colored Powertips","Downfall","Friendly Minions","Gensokyo","GifTheSpireLib","Hallownest","Hermit","Hubris","Jorbs\u0027s Wanderer Trilogy","KinomotoSakuraMod(????)","Koishi","Lobotomy","Marisa????????","Minty Spire (QoL Compilation)","Rare Cards Sparkle","Reimu??????","Remilia??????","Replay The Spire","Shop Mod","StSLib","The Administrix","The Animator","The Blue Laboratory","The Bug Knight","The Construct","The Cursed","The Disciple","The Hierophant","The Mystic","The Necromancer","The Poker Player","The Runesmith","The Senshi","The Servant 0.9.4"],"gold_per_floor":[122,146,159,184,211,245,264,264,264,23,23,50,50,82,82,195,195,205,4,19,19,19,19,19,19],"floor_reached":24,"playtime":2073,"items_purged":["animator:Strike"],"score":318,"play_id":"301f3e59-14a6-42b8-8319-2783bf50ddff","local_time":"20210107055425","is_ascension_mode":true,"campfire_choices":[{"floor":8,"key":"REST"},{"floor":11,"key":"REST"},{"data":"animator:MetalKnight","floor":13,"key":"SMITH"},{"floor":15,"key":"REST"},{"data":"animator:Patchouli","floor":23,"key":"SMITH"}],"circlet_count":0,"master_deck":["AscendersBane","animator:Strike_OnePunchMan","animator:Defend_OnePunchMan","animator:Defend","animator:Defend","animator:Genos","animator:MumenRider","animator:Mitsurugi","animator:ElricEdward","animator:Caster","animator:Gluttony","animator:SilverFang","animator:Sloth","animator:LeleiLaLalena","animator:IchigoKurosaki","animator:Hitei","animator:MetalKnight+1","animator:DolaRiku","animator:Saitama","animator:Sonic","animator:MetalKnight","animator:Tatsumaki","animator:EmiyaShirou","Gensokyo:ReactiveArmor","Gensokyo:BlemishedSteel","Gensokyo:Shovel","animator:EmiyaShirou+1","animator:Kuroyukihime","animator:Patchouli+1"],"relics":["animator:LivingPicture","animator:TheMissingPiece","Bottled Lightning","Happy Flower","Replay:Rubber Ducky","Lantern","animator:RacePiece","hubris:Towel","Frozen Eye","animator:ShionDessert"],"acts_visited":["Gensokyo:Gensokyo","Gensokyo:Gensokyoer"],"potions_floor_usage":[6,12,18,24],"damage_taken":[{"damage":3,"enemies":"Gensokyo:2_Kodama","floor":1,"turns":3},{"damage":7,"enemies":"Gensokyo:Gryphon","floor":2,"turns":3},{"damage":5,"enemies":"Gensokyo:Python","floor":3,"turns":4},{"damage":7,"enemies":"Gensokyo:2_Rabbits","floor":4,"turns":5},{"damage":8,"enemies":"Gensokyo:Kitsune","floor":5,"turns":3},{"damage":25,"enemies":"Gensokyo:Cirno","floor":6,"turns":7},{"damage":4,"enemies":"Gensokyo:LivingMonolith","floor":7,"turns":4},{"damage":6,"enemies":"Gensokyo:Aya","floor":12,"turns":5},{"damage":11,"enemies":"Gensokyo:Mamizou","floor":14,"turns":7},{"damage":25,"enemies":"Gensokyo:Kokoro","floor":16,"turns":9},{"damage":9,"enemies":"Gensokyo:CosmicMonolith","floor":18,"turns":5},{"damage":17,"enemies":"Gensokyo:AngelMirror","floor":20,"turns":7},{"damage":48,"enemies":"Gensokyo:Koishi","floor":24,"turns":6}],"seed_played":"6137370765287148030","potions_obtained":[{"floor":3,"key":"Fire Potion"},{"floor":4,"key":"Dexterity Potion"},{"floor":6,"key":"blueLaboratory:BottledHope"},{"floor":14,"key":"Milkshake"}],"is_trial":false,"path_per_floor":["M","M","M","M","M","E","M","R","T","$","R","E","R","E","R","B",null,"M","COS","M","?","?","R","E"],"character_chosen":"THE_ANIMATOR","items_purchased":["animator:IchigoKurosaki","animator:Hitei"],"campfire_rested":3,"item_purchase_floors":[10,10],"current_hp_per_floor":[56,49,45,38,34,13,9,29,29,29,49,44,44,37,57,36,60,56,56,43,43,43,43,0,0],"gold":19,"neow_bonus":"THREE_CARDS","is_daily":false,"chose_seed":false,"campfire_upgraded":2,"win_rate":0.0,"timestamp":1610006065,"path_taken":["M","M","M","M","M","E","M","R","T","$","R","E","R","E","R","BOSS","M","COS","M","?","?","R","E"],"items_purchased_type":["Card","Card"],"build_version":"2020-12-22","purchased_purges":1,"victory":false,"max_hp_per_floor":[66,66,67,67,67,67,67,67,67,67,67,68,68,68,68,68,68,69,69,69,69,69,69,69,69],"card_choices":[{"not_picked":["animator:Vanir","animator:Illya"],"picked":"animator:Mitsurugi","floor":0},{"not_picked":["animator:MaesHughes","animator:Mitsurugi"],"picked":"animator:ElricEdward","floor":1},{"not_picked":["animator:FielNirvalen","animator:Tatsumaki"],"picked":"animator:Caster","floor":2},{"not_picked":["animator:Kuribayashi","animator:LeleiLaLalena"],"picked":"animator:Gluttony","floor":3},{"not_picked":["animator:MetalKnight","animator:Geryuganshoop"],"picked":"animator:SilverFang","floor":4},{"not_picked":["animator:MumenRider","animator:DolaRiku"],"picked":"animator:Sloth","floor":5},{"not_picked":["animator:DolaRiku","animator:MumenRider"],"picked":"animator:Eris","floor":6},{"not_picked":["animator:Hitei","animator:Aqua"],"picked":"animator:LeleiLaLalena","floor":7},{"not_picked":["animator:Melzalgald","animator:SilverFang"],"picked":"animator:MetalKnight","floor":12},{"not_picked":["animator:ElricEdward","animator:ZankiKiguchi"],"picked":"animator:DolaRiku","floor":14},{"not_picked":["animator:ItamiYouji","animator:Gilgamesh"],"picked":"animator:Saitama","floor":16},{"not_picked":["animator:TukaLunaMarceau","animator:ZankiKiguchi"],"picked":"animator:EmiyaShirou","floor":18},{"not_picked":["animator:Jibril","animator:Vanir+1"],"picked":"animator:EmiyaShirou+1","floor":20},{"not_picked":["animator:MamizouFutatsuiwa","animator:LimeBell"],"picked":"animator:Kuroyukihime","floor":21},{"not_picked":["animator:Urushihara","animator:Zero"],"picked":"animator:Patchouli","floor":21}],"player_experience":845407,"relics_obtained":[{"floor":6,"key":"Bottled Lightning"},{"floor":9,"key":"Happy Flower"},{"floor":12,"key":"Replay:Rubber Ducky"},{"floor":14,"key":"Lantern"}],"event_choices":[{"damage_healed":0,"gold_gain":2,"player_choice":"1","damage_taken":0,"max_hp_gain":0,"max_hp_loss":0,"event_name":"betterStone:BetterStone","floor":21,"gold_loss":0}],"is_beta":false,"boss_relics":[{"not_picked":["Tiny House","Replay:Ancient Bell"],"picked":"animator:RacePiece"}],"items_purged_floors":[10],"is_endless":false,"potions_floor_spawned":[3,4,6,14],"killed_by":"Gensokyo:Koishi","ascension_level":11}}