{"host":"kig4ty9d1aubg29s","time":1610024969,"event":{"mods":["BaseMod","Minty Spire (QoL Compilation)","READ ME - Guardian Mod","READ ME - Snecko Mod","StSLib","The Cursed","The Gatherer","The Hierophant","The Runesmith"],"gold_per_floor":[112,70,84,100,115,115,115,131,131,166,4,19,19,39,39,39,39],"floor_reached":16,"playtime":400,"items_purged":[],"score":208,"play_id":"cb998664-b993-4e70-a417-ed865ad56dd5","local_time":"20210107220929","is_ascension_mode":true,"campfire_choices":[{"data":"Zap","floor":6,"key":"SMITH"},{"floor":15,"key":"REST"}],"circlet_count":0,"master_deck":["AscendersBane","Strike_B","Strike_B","Strike_B","Strike_B","Defend_B","Defend_B","Defend_B","Defend_B","Zap+1","Dualcast","Melter","Self Repair","Gash","Go for the Eyes","Injury","Beam Cell","Gash","Rebound"],"relics":["Cracked Core","NeowsBlessing","Golden Idol","Singing Bowl","Matryoshka","Boot"],"acts_visited":["Exordium"],"potions_floor_usage":[5,8,16],"damage_taken":[{"damage":0,"enemies":"Cultist","floor":1,"turns":1},{"damage":0,"enemies":"Jaw Worm","floor":3,"turns":1},{"damage":0,"enemies":"2 Louse","floor":4,"turns":1},{"damage":25,"enemies":"Exordium Wildlife","floor":5,"turns":5},{"damage":3,"enemies":"Blue Slaver","floor":8,"turns":3},{"damage":40,"enemies":"3 Sentries","floor":10,"turns":7},{"damage":0,"enemies":"Large Slime","floor":12,"turns":4},{"damage":14,"enemies":"3 Louse","floor":14,"turns":4},{"damage":50,"enemies":"The Guardian","floor":16,"turns":6}],"seed_played":"-4215707304598796863","potions_obtained":[{"floor":1,"key":"Energy Potion"},{"floor":3,"key":"SpeedPotion"},{"floor":5,"key":"Block Potion"},{"floor":12,"key":"Swift Potion"},{"floor":14,"key":"Block Potion"}],"is_trial":false,"path_per_floor":["M","$","M","M","M","R","?","M","T","E","$","M","?","M","R","B"],"character_chosen":"DEFECT","items_purchased":["Self Repair","Boot"],"campfire_rested":1,"item_purchase_floors":[2,11],"current_hp_per_floor":[64,64,71,71,53,53,53,57,57,24,24,33,33,26,47,0,0],"gold":39,"neow_bonus":"THREE_ENEMY_KILL","is_daily":false,"chose_seed":false,"campfire_upgraded":1,"win_rate":0.0,"timestamp":1610024969,"path_taken":["M","?","M","M","?","R","?","M","T","E","?","M","?","M","R","BOSS"],"items_purchased_type":["Card","Relic"],"build_version":"2020-12-22","purchased_purges":0,"victory":false,"max_hp_per_floor":[71,71,71,71,71,71,71,71,71,71,71,73,73,73,73,73,73],"card_choices":[{"not_picked":["Chaos","Leap"],"picked":"Melter","floor":1},{"not_picked":["Streamline","Steam Power"],"picked":"Gash","floor":3},{"not_picked":["Conserve Battery","Steam"],"picked":"Go for the Eyes","floor":4},{"not_picked":["Reinforced Body","Barrage","Meteor Strike"],"picked":"SKIP","floor":5},{"not_picked":["Cold Snap","Redo"],"picked":"Beam Cell","floor":8},{"not_picked":["Go for the Eyes","Loop"],"picked":"Gash","floor":10},{"not_picked":["Hologram","Compile Driver","Force Field"],"picked":"Singing Bowl","floor":12},{"not_picked":["Hologram","Turbo"],"picked":"Rebound","floor":14}],"player_experience":1921605,"relics_obtained":[{"floor":9,"key":"Singing Bowl"},{"floor":10,"key":"Matryoshka"}],"event_choices":[{"damage_healed":0,"gold_gain":0,"player_choice":"Take Wound","damage_taken":0,"relics_obtained":["Golden Idol"],"max_hp_gain":0,"max_hp_loss":0,"event_name":"Golden Idol","floor":7,"gold_loss":0,"cards_obtained":["Injury"]},{"damage_healed":0,"gold_gain":0,"player_choice":"Ignored","damage_taken":0,"max_hp_gain":0,"max_hp_loss":0,"event_name":"Shining Light","floor":13,"gold_loss":0}],"is_beta":false,"boss_relics":[],"items_purged_floors":[],"is_endless":false,"potions_floor_spawned":[1,3,5,12,14],"killed_by":"The Guardian","ascension_level":20}}