{"host":"na09lpbrez4gbfiz","time":1610010519,"event":{"mods":["Act Like it!","BaseMod","BetterRewards","Colored Map","Colored Powertips","DeckTracker","Googly Eyes","Highlight Path","Minty Spire (QoL Compilation)","Quick Restart","Spicy Shops","StSLib","SuperFastMode","Synergy Search"],"gold_per_floor":[116,216,229,245,264,264,280,280,280],"floor_reached":8,"playtime":284,"items_purged":[],"score":75,"play_id":"076ac6b0-9764-4d8c-8bbc-9b7f0bdc6d04","local_time":"20210107100839","is_ascension_mode":true,"campfire_choices":[{"floor":6,"key":"REST"}],"circlet_count":0,"master_deck":["AscendersBane","Strike_G","Strike_G","Strike_G","Strike_G","Strike_G","Defend_G","Defend_G","Defend_G","Defend_G","Defend_G","Survivor","Neutralize","PiercingWail","Terror","Deadly Poison"],"relics":["Black Star"],"acts_visited":["Exordium"],"potions_floor_usage":[8],"damage_taken":[{"damage":0,"enemies":"Jaw Worm","floor":1,"turns":6},{"damage":10,"enemies":"Cultist","floor":3,"turns":5},{"damage":0,"enemies":"Small Slimes","floor":4,"turns":5},{"damage":45,"enemies":"Gremlin Gang","floor":5,"turns":8},{"damage":3,"enemies":"2 Fungi Beasts","floor":7,"turns":5},{"damage":26,"enemies":"Lagavulin","floor":8,"turns":6}],"seed_played":"-4908214907440530232","potions_obtained":[{"floor":3,"key":"SpeedPotion"},{"floor":7,"key":"FearPotion"}],"is_trial":false,"path_per_floor":["M","?","M","M","M","R","M","E"],"character_chosen":"THE_SILENT","items_purchased":[],"campfire_rested":1,"item_purchase_floors":[],"current_hp_per_floor":[63,63,53,53,8,29,26,0,0],"gold":280,"neow_bonus":"BOSS_RELIC","is_daily":false,"chose_seed":false,"campfire_upgraded":0,"win_rate":0.0,"timestamp":1610010519,"path_taken":["M","?","M","M","?","R","M","E"],"items_purchased_type":[],"build_version":"2020-12-22","purchased_purges":0,"victory":false,"max_hp_per_floor":[70,70,70,70,70,70,70,70,70],"card_choices":[{"not_picked":["Dodge and Roll","Reflex","Slice"],"picked":"SKIP","floor":1},{"not_picked":["Backflip","Flying Knee"],"picked":"PiercingWail","floor":3},{"not_picked":["Well Laid Plans","Backflip"],"picked":"Terror","floor":4},{"not_picked":["Unload","Sucker Punch","Blur"],"picked":"SKIP","floor":5},{"not_picked":["Dagger Throw","Acrobatics"],"picked":"Deadly Poison","floor":7}],"player_experience":162344,"relics_obtained":[],"event_choices":[{"damage_healed":0,"gold_gain":100,"player_choice":"Pray","damage_taken":0,"max_hp_gain":0,"max_hp_loss":0,"event_name":"Golden Shrine","floor":2,"gold_loss":0}],"is_beta":false,"boss_relics":[],"items_purged_floors":[],"is_endless":false,"potions_floor_spawned":[3,7],"killed_by":"Lagavulin","ascension_level":10}}