{"host":"0mk07bycsqo1qk03","time":1610041046,"event":{"mods":["BaseMod","Bestiary","Downfall","Hermit","Hubris","Minty Spire (QoL Compilation)","Replay The Spire","StSLib","The Cursed","The Servant 0.9.4"],"gold_per_floor":[114,114,126,126,137,137,172,99,123,149,149,176,191,206,206,303,303,321,246,246,99,99,128,143,143,169,169,118,118,130,145,145,240,240,254,265,25,0,11,11,43,56,56,73,73,89,89,103,103,103],"floor_reached":51,"playtime":3299,"items_purged":["hermit:Strike_Hermit"],"score":920,"play_id":"0e3bddb5-adfe-49aa-a4ca-252b5bb2dbd1","local_time":"20210107183726","is_ascension_mode":true,"campfire_choices":[{"data":"hermit:WideOpen","floor":6,"key":"SMITH"},{"data":"hermit:Snapshot","floor":15,"key":"SMITH"},{"data":"hermit:Determination","floor":25,"key":"SMITH"},{"floor":27,"key":"REST"},{"data":"hermit:Dissolve","floor":32,"key":"SMITH"},{"data":"Pot Of Greed","floor":40,"key":"SMITH"},{"data":"Pot Of Greed","floor":45,"key":"SMITH"},{"data":"Pot Of Greed","floor":47,"key":"SMITH"},{"data":"TheCursedMod:CircleOfAbyss","floor":49,"key":"SMITH"}],"circlet_count":0,"master_deck":["hermit:Strike_Hermit","hermit:Strike_Hermit","hermit:Strike_Hermit","hermit:Defend_Hermit","hermit:Defend_Hermit","hermit:Defend_Hermit","hermit:Defend_Hermit","hermit:Snapshot+1","hermit:Covet","hermit:WideOpen+1","hermit:LuckOfTheDraw","hermit:Combo+1","hermit:BigShot","hermit:Virtue","hermit:HoleUp","hermit:Gambit","hermit:Dissolve+1","Guardian:Planning","hermit:Enervate","hermit:Determination+1","Flash of Steel","TheCursedMod:CircleOfAbyss+1","Conserve Battery+1","Pot Of Greed+1","Pot Of Greed+1","hermit:Determination","Pot Of Greed+1","ReplayTheSpireMod:Brewmster","hexamod:Hexaguard","Replay:Undeath\u0027s Touch","Sword Boomerang+1","MoonPhase+1"],"relics":["hermit:Momento","ReplayTheSpireMod:Ring of Exchange","Ring of Peace","Boot","hermit:Spyglass","Bag of Marbles","hermit:Horseshoe","hubris:TenFootPole","PrismaticShard","Omamori","Gambling Chip","Pen Nib","hubris:BottledHeart","Painkiller Herb","ReplayTheSpireMod:CursedCoin","Grinning Jar","Red Mask","Meat on the Bone","Onion Ring"],"acts_visited":["Exordium","TheCity","TheBeyond"],"potions_floor_usage":[7,16,16,23,23,33,41,41,41,41,41,41,41,41,44,46,46,48,50,50,50,50,50],"damage_taken":[{"damage":2,"enemies":"Jaw Worm","floor":1,"turns":4},{"damage":0,"enemies":"2 Louse","floor":3,"turns":4},{"damage":0,"enemies":"Cultist","floor":5,"turns":4},{"damage":6,"enemies":"Lagavulin","floor":7,"turns":6},{"damage":23,"enemies":"Gremlin Nob","floor":10,"turns":5},{"damage":0,"enemies":"Lagavulin","floor":12,"turns":3},{"damage":0,"enemies":"Blue Slaver","floor":13,"turns":4},{"damage":0,"enemies":"2 Fungi Beasts","floor":14,"turns":5},{"damage":19,"enemies":"Slime Boss","floor":16,"turns":13},{"damage":8,"enemies":"Chosen","floor":18,"turns":6},{"damage":39,"enemies":"Book of Stabbing","floor":23,"turns":7},{"damage":5,"enemies":"3 Byrds","floor":24,"turns":5},{"damage":0,"enemies":"Snake Plant","floor":30,"turns":5},{"damage":0,"enemies":"3 Cultists","floor":31,"turns":6},{"damage":0,"enemies":"Champ","floor":33,"turns":7},{"damage":0,"enemies":"3 Darklings","floor":35,"turns":7},{"damage":0,"enemies":"3 Shapes","floor":36,"turns":7},{"damage":0,"enemies":"Sphere and 2 Shapes","floor":39,"turns":5},{"damage":0,"enemies":"Nemesis","floor":41,"turns":9},{"damage":0,"enemies":"Spire Growth","floor":42,"turns":5},{"damage":0,"enemies":"Maw","floor":44,"turns":5},{"damage":0,"enemies":"Writhing Mass","floor":46,"turns":5},{"damage":0,"enemies":"4 Shapes","floor":48,"turns":5},{"damage":0,"enemies":"Replay:Hell Engine","floor":50,"turns":10}],"seed_played":"1599593156594091452","potions_obtained":[{"floor":5,"key":"Dexterity Potion"},{"floor":7,"key":"Cursed Concoction"},{"floor":10,"key":"Strength Potion"},{"floor":13,"key":"LiquidBronze"},{"floor":18,"key":"DistilledChaos"},{"floor":24,"key":"EssenceOfSteel"},{"floor":35,"key":"Languid Potion"},{"floor":36,"key":"Weak Potion"},{"floor":44,"key":"Swift Potion"},{"floor":48,"key":"FearPotion"}],"is_trial":false,"path_per_floor":["M","?","M","?","M","R","E","$","T","E","?","E","M","M","R","B",null,"M","?","?","$","T","E","M","R","T","R","$","?","M","M","R","B",null,"?","?","T","?","?","T","E","?","T","?","T","?","T","?","T","B",null],"character_chosen":"HERMIT","items_purchased":["hermit:BigShot","hermit:Determination","PowerPotion","ReplayTheSpireMod:CursedCoin","Grinning Jar","hermit:Determination","ReplayTheSpireMod:Brewmster"],"campfire_rested":1,"item_purchase_floors":[8,21,28,37,37,37,37],"current_hp_per_floor":[73,73,73,66,66,66,60,60,60,37,37,37,37,37,37,18,66,58,58,58,58,58,19,14,14,14,38,38,1,1,1,1,1,1,1,1,1,1,1,1,1,1,1,1,1,1,1,1,1,1],"gold":103,"neow_bonus":"TEN_PERCENT_HP_BONUS","is_daily":false,"chose_seed":false,"campfire_upgraded":8,"win_rate":0.0,"timestamp":1610041046,"path_taken":["M","?","M","?","M","R","E","$","T","E","?","E","M","?","R","BOSS","M","?","?","$","?","E","?","R","T","R","$","?","M","M","R","BOSS","?","?","T","?","?","T","E","?","T","?","T","?","T","?","T","BOSS"],"items_purchased_type":["Card","Card","Potion","Relic","Relic","Card","Card"],"build_version":"2020-12-22","purchased_purges":1,"victory":true,"max_hp_per_floor":[82,82,82,82,82,82,82,82,82,82,82,82,82,82,82,82,82,82,82,82,82,82,82,82,82,82,82,82,1,1,1,1,1,1,1,1,1,1,1,1,1,1,1,1,1,1,1,1,1,1],"card_choices":[{"not_picked":["hermit:BodyArmor","hermit:TakeAim"],"picked":"hermit:WideOpen","floor":1},{"not_picked":["hermit:SprayPray","hermit:LuckOfTheDraw","hermit:Feint"],"picked":"SKIP","floor":3},{"not_picked":["hermit:TakeCover","hermit:BodyArmor"],"picked":"hermit:LuckOfTheDraw","floor":5},{"not_picked":["hermit:Dive","hermit:Manifest"],"picked":"hermit:Combo","floor":7},{"not_picked":["hermit:Dissolve","hermit:TrackingShot"],"picked":"hermit:Virtue","floor":10},{"not_picked":["hermit:BodyArmor","hermit:WideOpen","hermit:Quickdraw"],"picked":"SKIP","floor":12},{"not_picked":["hermit:LowProfile","hermit:BodyArmor"],"picked":"hermit:HoleUp","floor":13},{"not_picked":["hermit:TrackingShot","hermit:Coalescence"],"picked":"hermit:Gambit","floor":14},{"not_picked":["hermit:FatalDesire","hermit:Reprieve"],"picked":"hermit:Dissolve","floor":16},{"not_picked":["Barrage","Havoc"],"picked":"Guardian:Planning","floor":18},{"not_picked":["WreathOfFlame","hermit:LowProfile+1"],"picked":"Guardian:Gem_Green","floor":23},{"not_picked":["SashWhip","Slimebound:SplitSpecialist","hexamod:SoulSteal"],"picked":"SKIP","floor":24},{"not_picked":["hermit:WideOpen","champ:BladeFlurry","sneckomod:UnknownWeak"],"picked":"SKIP","floor":30},{"not_picked":["ReplaySort","hubris:TrickCloak"],"picked":"Flash of Steel","floor":31},{"not_picked":["TheCursedMod:ManaCirculation","Thinking Ahead"],"picked":"TheCursedMod:CircleOfAbyss","floor":33},{"not_picked":["Barrage","Guardian:RollAttack+1"],"picked":"Conserve Battery+1","floor":35},{"not_picked":["Bandage Up","Replay:ManipulateFuture","TheCursedMod:CursedArmor"],"picked":"SKIP","floor":36},{"not_picked":["Wild Strike","Alleviate"],"picked":"hexamod:Hexaguard","floor":39},{"not_picked":["Slimebound:ServeAndProtect","Hidden Blade+1","hexamod:HauntingEcho"],"picked":"SKIP","floor":41},{"not_picked":["Sweeping Beam+1","Guardian:SpikerProtocol+1"],"picked":"Replay:Undeath\u0027s Touch","floor":42},{"not_picked":["sneckomod:SoulRoll","Slimebound:LeechLife","Guardian:ShieldCharger+1"],"picked":"SKIP","floor":44},{"not_picked":["Rewind+1","champ:RecklessLeap+1"],"picked":"Sword Boomerang+1","floor":46},{"not_picked":["Guardian:PolyBeam","hermit:Malice"],"picked":"MoonPhase+1","floor":48}],"player_experience":850906,"relics_obtained":[{"floor":2,"key":"ReplayTheSpireMod:Ring of Exchange"},{"floor":2,"key":"Ring of Peace"},{"floor":7,"key":"hermit:Spyglass"},{"floor":9,"key":"Bag of Marbles"},{"floor":10,"key":"hermit:Horseshoe"},{"floor":12,"key":"hubris:TenFootPole"},{"floor":22,"key":"Omamori"},{"floor":23,"key":"Gambling Chip"},{"floor":26,"key":"Pen Nib"},{"floor":41,"key":"Meat on the Bone"},{"floor":43,"key":"Onion Ring"}],"event_choices":[{"damage_healed":0,"gold_gain":0,"player_choice":"Success","damage_taken":7,"relics_obtained":["Boot"],"max_hp_gain":0,"max_hp_loss":0,"event_name":"Scrap Ooze","floor":4,"gold_loss":0},{"damage_healed":0,"gold_gain":0,"player_choice":"Upgraded","damage_taken":0,"max_hp_gain":0,"max_hp_loss":0,"event_name":"Upgrade Shrine","floor":11,"gold_loss":0,"cards_upgraded":["hermit:Combo"]},{"cards_removed":["Voices"],"damage_healed":0,"gold_gain":0,"player_choice":"Gave Gold","damage_taken":0,"max_hp_gain":0,"max_hp_loss":0,"event_name":"Beggar","floor":19,"gold_loss":75},{"damage_healed":0,"gold_gain":0,"player_choice":"Paid","damage_taken":0,"relics_obtained":["Red Mask"],"max_hp_gain":0,"max_hp_loss":0,"event_name":"Tomb of Lord Red Mask","floor":38,"gold_loss":25}],"is_beta":false,"boss_relics":[{"not_picked":["hubris:EmptyBottle","Philosopher\u0027s Stone"],"picked":"PrismaticShard"},{"not_picked":["hermit:ClaspedLocket","Snecko Eye"],"picked":"Painkiller Herb"}],"items_purged_floors":[21],"is_endless":false,"potions_floor_spawned":[5,7,10,13,18,24,35,36,44,48],"ascension_level":9}}