{"host":"3twtdwjpiqhvvn5s","time":1610051664,"event":{"mods":["AchievementEnabler","Act Like it!","BaseMod","BetterRewards","Colored Map","Colored Powertips","Downfall","Duelist Mod","Friendly Minions","GifTheSpireLib","Hallownest","Hermit","Hubris","Infinite Spire","Jorbs\u0027s Wanderer Trilogy","Koishi","KomeijiMod","Marisa????????","Minty Spire (QoL Compilation)","Random Character Mod","Rare Cards Sparkle","Replay The Spire","Shop Mod","StSLib","Td1madao Mod","The Administrix","The Animator","The Bug Knight","The Caster","The Cursed","The Disciple","The Hierophant","The Necromancer","The Poker Player","The Runesmith","The Servant 0.9.4","TheFirefly"],"gold_per_floor":[99,115,132,150,170,170,170],"floor_reached":6,"playtime":3984,"items_purged":[],"score":38,"play_id":"aaf1c4f5-2a17-499f-9d07-6c8fee18051e","local_time":"20210107143424","is_ascension_mode":false,"campfire_choices":[],"circlet_count":0,"master_deck":["hubris:Hubris","Strike_MRS","Strike_MRS","Strike_MRS","Strike_MRS","Defend_MRS","Defend_MRS","Defend_MRS","Defend_MRS","MasterSpark","UpSweep","ReplayTheSpireMod:Calculation Training","Turbo","Barrage","hexamod:FirstSeal"],"relics":["m_SpellCore"],"acts_visited":["Exordium"],"potions_floor_usage":[4,6],"damage_taken":[{"damage":1,"enemies":"Cultist","floor":2,"turns":3},{"damage":8,"enemies":"Jaw Worm","floor":3,"turns":4},{"damage":5,"enemies":"Small Slimes","floor":4,"turns":4},{"damage":10,"enemies":"Looter","floor":5,"turns":3},{"damage":52,"enemies":"HollowMod:MossKnight","floor":6,"turns":8}],"seed_played":"-2220505182379380772","potions_obtained":[{"floor":2,"key":"Adrenaline Potion"},{"floor":5,"key":"StarNLove"}],"is_trial":true,"path_per_floor":["?","M","M","M","M","E"],"character_chosen":"MARISA","items_purchased":[],"campfire_rested":0,"item_purchase_floors":[],"current_hp_per_floor":[75,74,66,61,51,0,0],"gold":170,"neow_bonus":"","is_daily":false,"chose_seed":false,"campfire_upgraded":0,"win_rate":0.0,"timestamp":1610051664,"path_taken":["?","M","M","M","M","E"],"items_purchased_type":[],"build_version":"2020-12-22","purchased_purges":0,"victory":false,"max_hp_per_floor":[75,75,75,75,75,75,75],"card_choices":[{"not_picked":["hexamod:GhostShield","hexamod:Hexaguard"],"picked":"ReplayTheSpireMod:Calculation Training","floor":2},{"not_picked":["hexamod:BacktrackSmack","Streamline"],"picked":"Turbo","floor":3},{"not_picked":["hexamod:HauntingEcho","hexamod:SpectralSpark"],"picked":"Barrage","floor":4},{"not_picked":["hexamod:SwordOfDarkness","Streamline"],"picked":"hexamod:FirstSeal","floor":5}],"player_experience":1362801,"relics_obtained":[],"event_choices":[],"is_beta":false,"boss_relics":[],"items_purged_floors":[],"is_endless":false,"potions_floor_spawned":[2,5],"killed_by":"HollowMod:MossKnight","ascension_level":0}}