{"host":"rolltorest","time":1610061021,"event":{"mods":["BaseMod","Minty Spire (QoL Compilation)","Relic Stats","Robot Space Explorer","Slay the Relics Exporter","StSLib"],"gold_per_floor":[116,41,61,61,61,94,113,128,128,162,177,195,195,227,227,304,304,319,244,294,64,77,112,122,122,122,62,78,90,117,130,130,207,207,227,33,48,48,60,86,100,130,130,130,149,180,192,92,92,92,92,92,29,59,59,59],"floor_reached":55,"playtime":2260,"items_purged":["Injury","RobotSpaceExplorer:Strike","Decay"],"score":1393,"play_id":"7e38806b-6889-4105-8f0f-2871c4722635","local_time":"20210107151021","is_ascension_mode":true,"campfire_choices":[{"data":"RobotSpaceExplorer:Comet","floor":13,"key":"SMITH"},{"data":"RobotSpaceExplorer:FrostMissile","floor":15,"key":"SMITH"},{"floor":25,"key":"REST"},{"floor":32,"key":"REST"},{"floor":44,"key":"REST"},{"floor":49,"key":"RECALL"},{"data":"RobotSpaceExplorer:Explosion","floor":52,"key":"SMITH"}],"circlet_count":0,"master_deck":["AscendersBane","RobotSpaceExplorer:Defend","RobotSpaceExplorer:Defend","RobotSpaceExplorer:Defend","RobotSpaceExplorer:Defend","RobotSpaceExplorer:Scan","RobotSpaceExplorer:MiniLasers","RobotSpaceExplorer:Comet+1","RobotSpaceExplorer:SlimeMissile","RobotSpaceExplorer:SurgingStrike","RobotSpaceExplorer:FrostMissile+1","RobotSpaceExplorer:SurgingShield+1","RobotSpaceExplorer:ShovelStrike","RobotSpaceExplorer:FreezeRay","RobotSpaceExplorer:GearShield","RobotSpaceExplorer:Explosion+1","RobotSpaceExplorer:FrostMissile","RobotSpaceExplorer:Fix+1","RobotSpaceExplorer:Electropulse","RobotSpaceExplorer:Electroshield","RobotSpaceExplorer:Arsenal+1","RobotSpaceExplorer:StunGrenade","RobotSpaceExplorer:Ammunition","RobotSpaceExplorer:HighVoltage","RobotSpaceExplorer:StarLightning","RobotSpaceExplorer:DoubleBlock","RobotSpaceExplorer:Blaster","RobotSpaceExplorer:SelfCleaning","RobotSpaceExplorer:DualCore+1","RobotSpaceExplorer:DoubleFind","RobotSpaceExplorer:Electroshield+1","RobotSpaceExplorer:FranticSearch"],"relics":["RobotSpaceExplorer:RoboCore","Toy Ornithopter","Bottled Flame","The Courier","White Beast Statue","RobotSpaceExplorer:FoglandsKnife","Cursed Key","ClockworkSouvenir","Art of War","StrikeDummy","Dead Branch","SlaversCollar","Chemical X","Lantern","Bag of Marbles","Ice Cream","PreservedInsect","Darkstone Periapt","War Paint"],"acts_visited":["Exordium","TheCity","TheBeyond","TheEnding"],"potions_floor_usage":[10,12,14,18,22,23,24,29,30,31,33,33,35,39,40,40,42,45,47,50,54,54,55,55,55],"damage_taken":[{"damage":0,"enemies":"Jaw Worm","floor":1,"turns":4},{"damage":0,"enemies":"2 Louse","floor":3,"turns":2},{"damage":33,"enemies":"3 Sentries","floor":6,"turns":7},{"damage":0,"enemies":"Cultist","floor":7,"turns":3},{"damage":9,"enemies":"Blue Slaver","floor":8,"turns":4},{"damage":6,"enemies":"Lagavulin","floor":10,"turns":7},{"damage":3,"enemies":"Large Slime","floor":11,"turns":7},{"damage":0,"enemies":"Lots of Slimes","floor":12,"turns":2},{"damage":10,"enemies":"3 Sentries","floor":14,"turns":4},{"damage":30,"enemies":"The Guardian","floor":16,"turns":14},{"damage":0,"enemies":"Shell Parasite","floor":18,"turns":3},{"damage":20,"enemies":"3 Byrds","floor":22,"turns":4},{"damage":36,"enemies":"Book of Stabbing","floor":23,"turns":7},{"damage":12,"enemies":"Centurion and Healer","floor":24,"turns":5},{"damage":1,"enemies":"Snecko","floor":28,"turns":4},{"damage":27,"enemies":"Cultist and Chosen","floor":29,"turns":5},{"damage":28,"enemies":"Slavers","floor":30,"turns":3},{"damage":1,"enemies":"Snake Plant","floor":31,"turns":2},{"damage":53,"enemies":"Automaton","floor":33,"turns":9},{"damage":31,"enemies":"3 Darklings","floor":35,"turns":4},{"damage":16,"enemies":"3 Shapes","floor":37,"turns":7},{"damage":3,"enemies":"Jaw Worm Horde","floor":39,"turns":4},{"damage":43,"enemies":"Giant Head","floor":40,"turns":8},{"damage":0,"enemies":"Spire Growth","floor":41,"turns":5},{"damage":16,"enemies":"Nemesis","floor":42,"turns":5},{"damage":6,"enemies":"4 Shapes","floor":45,"turns":6},{"damage":0,"enemies":"Reptomancer","floor":46,"turns":1},{"damage":1,"enemies":"3 Darklings","floor":47,"turns":4},{"damage":30,"enemies":"Donu and Deca","floor":50,"turns":8},{"damage":40,"enemies":"Shield and Spear","floor":54,"turns":5},{"damage":54,"enemies":"The Heart","floor":55,"turns":5}],"seed_played":"8035056955666025773","potions_obtained":[{"floor":6,"key":"PowerPotion"},{"floor":7,"key":"GamblersBrew"},{"floor":11,"key":"Explosive Potion"},{"floor":12,"key":"FairyPotion"},{"floor":14,"key":"Energy Potion"},{"floor":16,"key":"RobotSpaceExplorer:PlasmaFlask"},{"floor":18,"key":"SpeedPotion"},{"floor":22,"key":"PowerPotion"},{"floor":23,"key":"Explosive Potion"},{"floor":24,"key":"EssenceOfSteel"},{"floor":28,"key":"Regen Potion"},{"floor":29,"key":"Dexterity Potion"},{"floor":30,"key":"ColorlessPotion"},{"floor":31,"key":"Block Potion"},{"floor":33,"key":"Energy Potion"},{"floor":35,"key":"PowerPotion"},{"floor":37,"key":"FearPotion"},{"floor":39,"key":"AttackPotion"},{"floor":40,"key":"DuplicationPotion"},{"floor":41,"key":"AttackPotion"},{"floor":42,"key":"Swift Potion"},{"floor":45,"key":"SmokeBomb"},{"floor":46,"key":"BlessingOfTheForge"},{"floor":47,"key":"DistilledChaos"},{"floor":54,"key":"SpeedPotion"}],"is_trial":false,"path_per_floor":["M","?","M","?","?","E","M","M","T","E","M","M","R","E","R","B",null,"M","?","?","$","M","E","M","R","T","$","M","M","E","M","R","B",null,"M","$","M","?","M","E","M","E","T","R","M","E","M","$","R","B",null,"R","$","E","B"],"character_chosen":"RobotSpaceExplorer","items_purchased":["ClockworkSouvenir","Art of War","Chemical X","AttackPotion","RobotSpaceExplorer:FranticSearch"],"campfire_rested":3,"item_purchase_floors":[21,21,36,53,53],"current_hp_per_floor":[64,64,64,69,69,36,36,27,27,26,23,28,28,23,23,17,61,66,66,59,59,44,19,18,40,40,40,45,38,21,25,47,10,60,34,34,24,24,32,5,11,6,6,28,33,33,37,37,37,18,62,62,62,38,0,0],"gold":59,"neow_bonus":"ONE_RANDOM_RARE_CARD","is_daily":false,"chose_seed":false,"campfire_upgraded":3,"win_rate":0.0,"timestamp":1610061021,"path_taken":["M","?","M","?","?","E","M","M","T","E","?","M","R","E","R","BOSS","M","?","?","$","?","E","?","R","T","$","?","M","E","M","R","BOSS","M","?","M","?","M","E","M","E","T","R","?","E","M","?","R","BOSS","R","$","E","BOSS"],"items_purchased_type":["Relic","Relic","Relic","Potion","Card"],"build_version":"2020-12-18","purchased_purges":3,"victory":false,"max_hp_per_floor":[71,71,71,76,76,76,76,76,76,76,76,76,76,76,76,76,76,76,76,76,76,76,76,76,76,76,76,76,76,76,76,76,76,76,76,76,76,76,76,76,76,76,76,76,76,76,76,76,76,76,76,76,76,76,76,76],"relic_stats":{"Darkstone Periapt":0,"counters":[31,158],"Dead Branch":[136],"PreservedInsect":138,"Art of War":[10],"Chemical X":[12],"War Paint":["RobotSpaceExplorer:SurgingShield","RobotSpaceExplorer:Arsenal"],"Cursed Key":2,"obtain_stats":[{"Ice Cream":42,"Darkstone Periapt":46,"Lantern":40,"Dead Branch":30,"RobotSpaceExplorer:RoboCore":0,"The Courier":9,"PreservedInsect":43,"War Paint":54,"Cursed Key":17,"White Beast Statue":10,"ClockworkSouvenir":21,"RobotSpaceExplorer:FoglandsKnife":14,"SlaversCollar":34,"Bottled Flame":6,"Art of War":21,"Bag of Marbles":40,"Chemical X":36,"StrikeDummy":23,"Toy Ornithopter":6},{"Ice Cream":25,"Darkstone Periapt":27,"Lantern":23,"Dead Branch":17,"RobotSpaceExplorer:RoboCore":0,"The Courier":5,"PreservedInsect":25,"War Paint":30,"Cursed Key":10,"White Beast Statue":6,"ClockworkSouvenir":11,"RobotSpaceExplorer:FoglandsKnife":9,"SlaversCollar":19,"Bottled Flame":3,"Art of War":11,"Bag of Marbles":23,"Chemical X":20,"StrikeDummy":13,"Toy Ornithopter":3},{"Ice Cream":129,"Darkstone Periapt":136,"Lantern":119,"Dead Branch":85,"RobotSpaceExplorer:RoboCore":0,"The Courier":20,"PreservedInsect":129,"War Paint":153,"Cursed Key":54,"White Beast Statue":27,"ClockworkSouvenir":57,"RobotSpaceExplorer:FoglandsKnife":40,"SlaversCollar":96,"Bottled Flame":13,"Art of War":57,"Bag of Marbles":119,"Chemical X":100,"StrikeDummy":68,"Toy Ornithopter":13}],"Toy Ornithopter":125},"card_choices":[{"not_picked":["RobotSpaceExplorer:Counterblock","RobotSpaceExplorer:ShockKick"],"picked":"RobotSpaceExplorer:SlimeMissile","floor":1},{"not_picked":["RobotSpaceExplorer:Reload","RobotSpaceExplorer:ScrapToss"],"picked":"RobotSpaceExplorer:SurgingStrike","floor":3},{"not_picked":["RobotSpaceExplorer:Counterblock","RobotSpaceExplorer:SwiftStep"],"picked":"RobotSpaceExplorer:FrostMissile","floor":6},{"not_picked":["RobotSpaceExplorer:Ammunition","RobotSpaceExplorer:ImprovisedAttack"],"picked":"RobotSpaceExplorer:SurgingShield","floor":7},{"not_picked":["RobotSpaceExplorer:FranticSearch","RobotSpaceExplorer:Scanner","RobotSpaceExplorer:DualCore"],"picked":"SKIP","floor":8},{"not_picked":["RobotSpaceExplorer:ImprovisedAttack","RobotSpaceExplorer:MetalStrike"],"picked":"RobotSpaceExplorer:ShovelStrike","floor":10},{"not_picked":["RobotSpaceExplorer:LaserBurst","RobotSpaceExplorer:FrostMissile"],"picked":"RobotSpaceExplorer:FreezeRay","floor":11},{"not_picked":["RobotSpaceExplorer:Jetpack","RobotSpaceExplorer:ExhaustFan"],"picked":"RobotSpaceExplorer:GearShield","floor":12},{"not_picked":["RobotSpaceExplorer:LuckyStrike","RobotSpaceExplorer:StunGrenade","RobotSpaceExplorer:ScrapMissile"],"picked":"SKIP","floor":14},{"not_picked":["RobotSpaceExplorer:Scanner","RobotSpaceExplorer:Blaster"],"picked":"RobotSpaceExplorer:Explosion","floor":16},{"not_picked":["RobotSpaceExplorer:Pulsar","RobotSpaceExplorer:ImprovisedAttack"],"picked":"RobotSpaceExplorer:FrostMissile","floor":18},{"not_picked":["RobotSpaceExplorer:ExhaustFan","RobotSpaceExplorer:SlimeMissile+1"],"picked":"RobotSpaceExplorer:Fix+1","floor":22},{"not_picked":["RobotSpaceExplorer:Jetpack","RobotSpaceExplorer:ImprovisedAttack"],"picked":"RobotSpaceExplorer:Electropulse","floor":23},{"not_picked":["RobotSpaceExplorer:ShockKick","RobotSpaceExplorer:SurgingShield"],"picked":"RobotSpaceExplorer:Electroshield","floor":24},{"not_picked":["RobotSpaceExplorer:MiniDrones","RobotSpaceExplorer:StunGrenade","RobotSpaceExplorer:Calculate"],"picked":"SKIP","floor":28},{"not_picked":["RobotSpaceExplorer:StunGrenade","RobotSpaceExplorer:ShockKick"],"picked":"RobotSpaceExplorer:Arsenal","floor":29},{"not_picked":["RobotSpaceExplorer:ShockKick","RobotSpaceExplorer:Pulsar"],"picked":"RobotSpaceExplorer:StunGrenade","floor":30},{"not_picked":["RobotSpaceExplorer:ShovelStrike","RobotSpaceExplorer:SurgingStrike"],"picked":"RobotSpaceExplorer:Ammunition","floor":31},{"not_picked":["RobotSpaceExplorer:Multitool","RobotSpaceExplorer:Autoloader"],"picked":"RobotSpaceExplorer:HighVoltage","floor":33},{"not_picked":["RobotSpaceExplorer:Ammunition","RobotSpaceExplorer:FrostMissile","RobotSpaceExplorer:SurgingStrike"],"picked":"SKIP","floor":35},{"not_picked":["RobotSpaceExplorer:ShockKick","RobotSpaceExplorer:Reload+1"],"picked":"RobotSpaceExplorer:StarLightning","floor":37},{"not_picked":["RobotSpaceExplorer:ImprovisedAttack","RobotSpaceExplorer:Pulsar"],"picked":"RobotSpaceExplorer:DoubleBlock","floor":39},{"not_picked":["RobotSpaceExplorer:Counterblock+1","RobotSpaceExplorer:ShockKick"],"picked":"RobotSpaceExplorer:Blaster","floor":40},{"not_picked":["RobotSpaceExplorer:ShovelStrike+1","RobotSpaceExplorer:DoubleBlock","RobotSpaceExplorer:SurgingShield"],"picked":"SKIP","floor":41},{"not_picked":["RobotSpaceExplorer:Reload","RobotSpaceExplorer:MiniDrones"],"picked":"RobotSpaceExplorer:SelfCleaning","floor":42},{"not_picked":["RobotSpaceExplorer:LaserBurst","RobotSpaceExplorer:Calculate"],"picked":"RobotSpaceExplorer:DualCore+1","floor":45},{"not_picked":["RobotSpaceExplorer:ExhaustFan+1","RobotSpaceExplorer:GlueShot"],"picked":"RobotSpaceExplorer:DoubleFind","floor":46},{"not_picked":["RobotSpaceExplorer:FranticSearch","RobotSpaceExplorer:MakeshiftVolley"],"picked":"RobotSpaceExplorer:Electroshield+1","floor":47},{"not_picked":["RobotSpaceExplorer:DualCore","RobotSpaceExplorer:Calculate","RobotSpaceExplorer:Wormhole"],"picked":"SKIP","floor":54}],"player_experience":1778155,"relics_obtained":[{"floor":6,"key":"Toy Ornithopter"},{"floor":6,"key":"Bottled Flame"},{"floor":9,"key":"The Courier"},{"floor":10,"key":"White Beast Statue"},{"floor":14,"key":"RobotSpaceExplorer:FoglandsKnife"},{"floor":23,"key":"StrikeDummy"},{"floor":30,"key":"Dead Branch"},{"floor":40,"key":"Lantern"},{"floor":40,"key":"Bag of Marbles"},{"floor":42,"key":"Ice Cream"},{"floor":43,"key":"PreservedInsect"},{"floor":46,"key":"Darkstone Periapt"},{"floor":54,"key":"War Paint"}],"event_choices":[{"cards_removed":["RobotSpaceExplorer:Strike"],"damage_healed":0,"gold_gain":0,"player_choice":"Card Removal","damage_taken":0,"max_hp_gain":0,"max_hp_loss":0,"event_name":"The Cleric","floor":2,"gold_loss":75},{"damage_healed":0,"gold_gain":0,"player_choice":"Donut","damage_taken":0,"max_hp_gain":5,"max_hp_loss":0,"event_name":"Big Fish","floor":4,"gold_loss":0},{"damage_healed":0,"gold_gain":0,"player_choice":"1 cards matched","damage_taken":0,"max_hp_gain":0,"max_hp_loss":0,"event_name":"Match and Keep!","floor":5,"gold_loss":0,"cards_obtained":["RobotSpaceExplorer:LuckyFind"]},{"cards_removed":["RobotSpaceExplorer:Strike"],"damage_healed":0,"gold_gain":0,"player_choice":"Gave Gold","damage_taken":0,"max_hp_gain":0,"max_hp_loss":0,"event_name":"Beggar","floor":19,"gold_loss":75},{"damage_healed":0,"gold_gain":50,"player_choice":"Touch","damage_taken":7,"max_hp_gain":0,"max_hp_loss":0,"event_name":"FaceTrader","floor":20,"gold_loss":0},{"damage_healed":0,"gold_gain":0,"cards_transformed":["RobotSpaceExplorer:Strike"],"player_choice":"Transformed","damage_taken":0,"max_hp_gain":0,"max_hp_loss":0,"event_name":"Transmorgrifier","floor":38,"gold_loss":0,"cards_obtained":["RobotSpaceExplorer:Exploration"]}],"is_beta":true,"boss_relics":[{"not_picked":["Pandora\u0027s Box","Fusion Hammer"],"picked":"Cursed Key"},{"not_picked":["Astrolabe","Philosopher\u0027s Stone"],"picked":"SlaversCollar"}],"items_purged_floors":[27,36,48],"is_endless":false,"potions_floor_spawned":[6,7,8,11,12,14,16,18,22,23,24,28,29,30,31,33,35,37,39,40,41,42,45,46,47,54],"killed_by":"The Heart","ascension_level":15}}