{"host":"ormi09wwzv7sq47a","time":1610047789,"event":{"mods":["2.2 Compatiblity","AchievementEnabler","Act Like it!","BaseMod","Bestiary","Better Altar","Better Note","Better Sensory Stone","Better Skull","Better Third Choice","Better Vampires","BetterRewards","Block Reminder","Card Forge","Colored Map","Colored Powertips","Curses Come First","DeckTracker","Downfall","Highlight Path","Minty Spire (QoL Compilation)","Permanent Neow","Quick Restart","Rare Cards Sparkle","Relic Stats","Shop Mod","StSLib","The Jungle"],"gold_per_floor":[110,110,72,72,96,96,139,139,139,139,179,197,213,213,213,332,332,353,47,66,90,90,90,131,131,131,170,170,214,214,66,66,185,185,203,203,203,54,117,117,153,153,153,153,78,99,120,134,134,134,134,134,64,98,98,98],"floor_reached":55,"playtime":3690,"items_purged":["Strike_P","Defend_P","Eruption","Defend_P","Defend_P"],"score":1558,"play_id":"c96f7877-7cf1-4a7b-b376-2dd573a90a9a","local_time":"20210107172949","is_ascension_mode":true,"campfire_choices":[{"data":"Vault","floor":6.0,"key":"SMITH"},{"data":"PathToVictory","floor":8.0,"key":"SMITH"},{"data":"Study","floor":10.0,"key":"SMITH"},{"data":"Protect","floor":15.0,"key":"SMITH"},{"data":"PathToVictory","floor":23.0,"key":"SMITH"},{"data":"Vault","floor":25.0,"key":"SMITH"},{"data":"ThirdEye","floor":28.0,"key":"SMITH"},{"data":"Vigilance","floor":30.0,"key":"SMITH"},{"data":"PathToVictory","floor":32.0,"key":"SMITH"},{"data":"DeusExMachina","floor":40.0,"key":"SMITH"},{"data":"Evaluate","floor":42.0,"key":"SMITH"},{"data":"Sanctity","floor":44.0,"key":"SMITH"},{"floor":49,"key":"RECALL"},{"data":"Secret Technique","floor":52,"key":"SMITH"}],"circlet_count":0,"master_deck":["Vigilance+1","PathToVictory+1","Vault+1","Study+1","Evaluate+1","Protect+1","Vault+1","ThirdEye+1","PathToVictory+1","Sanctity+1","LikeWater+1","PathToVictory+1","DeusExMachina+1","Nirvana+1","TalkToTheHand+1","Weave+1","InnerPeace+1","Secret Technique+1","InnerPeace+1","Vault+1"],"relics":["PureWater","Hammer of Thor","Seething Fire","Anvil of the Gods","Membership Card","CloakClasp","Strawberry","Yang","Philosopher\u0027s Stone","Bag of Preparation","Ice Cream","Omamori","Mummified Hand","Melange","GoldenEye","Unceasing Top","Singing Bowl","Gremlin Horn","MerchantsRug","DollysMirror","TeardropLocket","Oddly Smooth Stone"],"acts_visited":["Exordium","TheCity","TheBeyond","TheEnding"],"potions_floor_usage":[48,50,54,54,55,55],"damage_taken":[{"damage":0.0,"enemies":"Cultist","floor":1.0,"turns":2.0},{"damage":0.0,"enemies":"Jaw Worm","floor":5.0,"turns":2.0},{"damage":13.0,"enemies":"Lagavulin","floor":7.0,"turns":5.0},{"damage":11.0,"enemies":"3 Sentries","floor":11.0,"turns":13.0},{"damage":0.0,"enemies":"Small Slimes","floor":12.0,"turns":3.0},{"damage":0.0,"enemies":"Exordium Thugs","floor":13.0,"turns":4.0},{"damage":7.0,"enemies":"Hexaghost","floor":16.0,"turns":8.0},{"damage":0.0,"enemies":"2 Thieves","floor":18.0,"turns":5.0},{"damage":3.0,"enemies":"3 Byrds","floor":20.0,"turns":5.0},{"damage":4.0,"enemies":"Centurion and Healer","floor":21.0,"turns":5.0},{"damage":8.0,"enemies":"Slavers","floor":24.0,"turns":7.0},{"damage":0.0,"enemies":"Gremlin Leader","floor":27.0,"turns":4.0},{"damage":15.0,"enemies":"Slavers","floor":29.0,"turns":6.0},{"damage":8.0,"enemies":"Automaton","floor":33.0,"turns":7.0},{"damage":0.0,"enemies":"Orb Walker","floor":35.0,"turns":3.0},{"damage":0.0,"enemies":"Mind Bloom Boss Battle","floor":39.0,"turns":3.0},{"damage":0.0,"enemies":"Giant Head","floor":41.0,"turns":4.0},{"damage":0,"enemies":"3 Darklings","floor":46,"turns":3},{"damage":0,"enemies":"Spire Growth","floor":47,"turns":4},{"damage":2,"enemies":"Writhing Mass","floor":48,"turns":3},{"damage":0,"enemies":"Awakened One","floor":50,"turns":6},{"damage":0,"enemies":"Shield and Spear","floor":54,"turns":5},{"damage":85,"enemies":"The Heart","floor":55,"turns":7}],"seed_played":"2944725760974473989","potions_obtained":[{"floor":7.0,"key":"LiquidBronze"},{"floor":13.0,"key":"PowerPotion"},{"floor":16.0,"key":"Block Potion"},{"floor":20.0,"key":"Energy Potion"},{"floor":24.0,"key":"Block Potion"},{"floor":29.0,"key":"Block Potion"},{"floor":35.0,"key":"ColorlessPotion"},{"floor":46,"key":"BottledMiracle"},{"floor":48,"key":"ColorlessPotion"},{"floor":54,"key":"Fire Potion"}],"is_trial":false,"path_per_floor":["M","?","$","?","M","R","E","R","T","R","E","M","M","?","R","B",null,"M","$","M","M","?","R","E","R","T","E","R","E","R","$","R","B",null,"M","?","?","$","?","R","E","R","T","R","$","M","M","M","R","B",null,"R","$","E","B"],"character_chosen":"WATCHER","items_purchased":["Membership Card","Bag of Preparation","PathToVictory","Ice Cream","PathToVictory","Melange","GoldenEye","MerchantsRug","DollysMirror","TeardropLocket","Block Potion"],"campfire_rested":0,"item_purchase_floors":[0,19,19,19,31,31,38,53,53,53,53],"current_hp_per_floor":[51,51,51,56,56,56,50,50,50,50,39,39,39,39,39,32,67,67,67,64,60,60,60,52,52,52,52,52,37,37,37,37,29,67,67,67,67,67,67,67,69,69,69,69,69,71,73,73,73,73,81,81,81,83,0,0],"gold":98,"neow_bonus":"","is_daily":false,"chose_seed":false,"campfire_upgraded":13,"win_rate":0.0,"timestamp":1610047789,"path_taken":["M","?","$","?","M","R","E","R","T","R","E","M","M","?","R","BOSS","M","$","M","M","?","R","E","R","T","E","R","E","R","$","R","BOSS","M","?","?","$","?","R","E","R","T","R","$","M","M","M","R","BOSS","R","$","E","BOSS"],"items_purchased_type":["Relic","Relic","Card","Relic","Card","Relic","Relic","Relic","Relic","Relic","Potion"],"build_version":"2020-12-22","purchased_purges":5,"victory":false,"max_hp_per_floor":[72,67,67,72,72,72,79,79,79,79,79,79,79,79,79,79,79,79,79,79,79,79,79,79,79,79,79,79,79,79,79,79,79,79,79,75,75,75,75,75,77,77,77,77,77,79,81,83,83,83,83,83,83,85,85,85],"relic_stats":{"Singing Bowl":10,"Gremlin Horn":[5,5],"counters":[191,889],"Mummified Hand":[37],"Melange":[75],"Yang":[85],"CloakClasp":[411],"Bag of Preparation":[84],"GoldenEye":[42],"obtain_stats":[{"Ice Cream":37,"Gremlin Horn":43,"Hammer of Thor":0,"Ginger":54,"Whetstone":54,"Bottled Tornado":44,"Boot":9,"Guardian:PickAxe":3,"Blood Vial":43,"Sozu":17,"Lizard Tail":46,"DollysMirror":53,"Strawberry":26,"Philosopher\u0027s Stone":17,"MealTicket":41,"Kunai":23,"Guardian:BottledStasis":41,"MerchantsRug":53,"Happy Flower":54,"Astrolabe":17,"Guardian:ModeShifter":0,"Oddly Smooth Stone":42,"Eternal Feather":26,"Pen Nib":54,"Guardian:PocketSentry":8,"War Paint":0,"Akabeko":44,"Du-Vu Doll":46,"Bottled Flame":54,"Anvil of the Gods":0,"Shuriken":12,"Bird Faced Urn":0,"Bronze Scales":23,"Pandora\u0027s Box":17,"Black Star":17,"Nloth\u0027s Gift":19,"StrikeDummy":48,"Unceasing Top":43,"Meat on the Bone":29,"Pocketwatch":0,"Darkstone Periapt":25,"Lantern":31,"Guardian:ModeShifterPlus":34,"Singing Bowl":41,"Melange":31,"Guardian:StasisCodex":9,"Mango":0,"Yang":9,"Incense Burner":36,"Bag of Preparation":20,"Juzu Bracelet":29,"CloakClasp":0,"TeardropLocket":53,"Ancient Tea Set":9,"Smiling Mask":24,"ClockworkSouvenir":0,"Dream Catcher":27,"Matryoshka":20,"Mummified Hand":37,"WingedGreaves":7,"Red Mask":47,"Potion Belt":7,"Golden Idol":2,"Thread and Needle":0,"PreservedInsect":43,"The Courier":40,"Omamori":7,"Seething Fire":0,"Orichalcum":44,"Odd Mushroom":10,"MawBank":45,"GoldenEye":38,"White Beast Statue":14,"Peace Pipe":0,"Guardian:StasisUpgradeRelic":0,"CaptainsWheel":44,"Anchor":46,"Ornamental Fan":7,"Art of War":40,"Coffee Dripper":34,"Membership Card":20,"Bottled Lightning":20,"PureWater":0,"FossilizedHelix":0,"TungstenRod":30},{"Ice Cream":108,"Gremlin Horn":185,"Hammer of Thor":0,"Ginger":60,"Whetstone":87,"Bottled Tornado":21,"Boot":92,"Guardian:PickAxe":2,"Blood Vial":54,"Sozu":149,"Lizard Tail":57,"DollysMirror":189,"Strawberry":129,"Philosopher\u0027s Stone":7,"MealTicket":54,"Kunai":12,"Guardian:BottledStasis":20,"MerchantsRug":86,"Happy Flower":167,"Astrolabe":69,"Guardian:ModeShifter":0,"Oddly Smooth Stone":21,"Eternal Feather":48,"Pen Nib":60,"Guardian:PocketSentry":3,"War Paint":26,"Akabeko":55,"Du-Vu Doll":57,"Bottled Flame":25,"Anvil of the Gods":0,"Shuriken":94,"Bird Faced Urn":0,"Bronze Scales":101,"Pandora\u0027s Box":124,"Black Star":44,"Nloth\u0027s Gift":125,"StrikeDummy":23,"Unceasing Top":111,"Meat on the Bone":104,"Pocketwatch":168,"Darkstone Periapt":102,"Lantern":16,"Guardian:ModeShifterPlus":17,"Singing Bowl":185,"Melange":181,"Guardian:StasisCodex":3,"Mango":26,"Yang":171,"Incense Burner":19,"Bag of Preparation":46,"Juzu Bracelet":49,"CloakClasp":168,"TeardropLocket":189,"Ancient Tea Set":39,"Smiling Mask":48,"ClockworkSouvenir":61,"Dream Catcher":103,"Matryoshka":46,"Mummified Hand":134,"WingedGreaves":30,"Red Mask":22,"Potion Belt":92,"Golden Idol":169,"Thread and Needle":61,"PreservedInsect":21,"The Courier":110,"Omamori":39,"Seething Fire":0,"Orichalcum":112,"Odd Mushroom":147,"MawBank":137,"GoldenEye":183,"White Beast Statue":68,"Peace Pipe":88,"Guardian:StasisUpgradeRelic":34,"CaptainsWheel":55,"Anchor":114,"Ornamental Fan":120,"Art of War":54,"Coffee Dripper":78,"Membership Card":71,"Bottled Lightning":99,"PureWater":0,"FossilizedHelix":88,"TungstenRod":131},{"Ice Cream":532,"Gremlin Horn":861,"Hammer of Thor":0,"Ginger":315,"Whetstone":428,"Bottled Tornado":118,"Boot":452,"Guardian:PickAxe":6,"Blood Vial":291,"Sozu":700,"Lizard Tail":303,"DollysMirror":877,"Strawberry":609,"Philosopher\u0027s Stone":33,"MealTicket":291,"Kunai":60,"Guardian:BottledStasis":111,"MerchantsRug":424,"Happy Flower":769,"Astrolabe":360,"Guardian:ModeShifter":0,"Oddly Smooth Stone":118,"Eternal Feather":265,"Pen Nib":315,"Guardian:PocketSentry":9,"War Paint":157,"Akabeko":294,"Du-Vu Doll":303,"Bottled Flame":152,"Anvil of the Gods":0,"Shuriken":464,"Bird Faced Urn":0,"Bronze Scales":497,"Pandora\u0027s Box":588,"Black Star":252,"Nloth\u0027s Gift":593,"StrikeDummy":135,"Unceasing Top":544,"Meat on the Bone":511,"Pocketwatch":775,"Darkstone Periapt":502,"Lantern":84,"Guardian:ModeShifterPlus":96,"Singing Bowl":861,"Melange":844,"Guardian:StasisCodex":9,"Mango":157,"Yang":784,"Incense Burner":108,"Bag of Preparation":258,"Juzu Bracelet":269,"CloakClasp":775,"TeardropLocket":877,"Ancient Tea Set":232,"Smiling Mask":265,"ClockworkSouvenir":323,"Dream Catcher":506,"Matryoshka":258,"Mummified Hand":634,"WingedGreaves":172,"Red Mask":126,"Potion Belt":452,"Golden Idol":777,"Thread and Needle":323,"PreservedInsect":118,"The Courier":540,"Omamori":232,"Seething Fire":0,"Orichalcum":549,"Odd Mushroom":693,"MawBank":646,"GoldenEye":854,"White Beast Statue":347,"Peace Pipe":437,"Guardian:StasisUpgradeRelic":201,"CaptainsWheel":294,"Anchor":555,"Ornamental Fan":575,"Art of War":291,"Coffee Dripper":393,"Membership Card":368,"Bottled Lightning":488,"PureWater":0,"FossilizedHelix":437,"TungstenRod":618}],"Unceasing Top":[1]},"card_choices":[{"not_picked":["EmptyBody","FollowUp"],"picked":"PathToVictory","floor":1.0},{"not_picked":["Nirvana","EmptyFist"],"picked":"Vault","floor":5.0},{"not_picked":["Wallop","Worship"],"picked":"Study","floor":7.0},{"not_picked":["MentalFortress","FlurryOfBlows","EmptyFist"],"picked":"SKIP","floor":11.0},{"not_picked":["CutThroughFate","Wireheading"],"picked":"Evaluate","floor":12.0},{"not_picked":["FearNoEvil","SashWhip"],"picked":"Protect","floor":13.0},{"not_picked":["Brilliance","Devotion"],"picked":"Vault","floor":16.0},{"not_picked":["CutThroughFate","Crescendo"],"picked":"ThirdEye","floor":18.0},{"not_picked":["Conclude","Crescendo"],"picked":"Sanctity","floor":20.0},{"not_picked":["SashWhip","Consecrate","Meditate"],"picked":"SKIP","floor":21.0},{"not_picked":["Prostrate","Worship","FlyingSleeves"],"picked":"SKIP","floor":24.0},{"not_picked":["EmptyFist","Vengeance"],"picked":"LikeWater+1","floor":27.0},{"not_picked":["ForeignInfluence","EmptyFist","Crescendo"],"picked":"SKIP","floor":29.0},{"not_picked":["Brilliance","Omniscience"],"picked":"DeusExMachina","floor":33.0},{"not_picked":["ClearTheMind","FlurryOfBlows"],"picked":"InnerPeace+1","floor":35.0},{"not_picked":["Secret Weapon","expansioncontent:SlimeTackle"],"picked":"Secret Technique","floor":37.0},{"not_picked":["JustLucky+1","BowlingBash+1"],"picked":"InnerPeace+1","floor":39.0},{"not_picked":["Nirvana+1","LessonLearned","Pray"],"picked":"Singing Bowl","floor":41.0},{"not_picked":["Wireheading","ClearTheMind","EmptyFist"],"picked":"Singing Bowl","floor":46},{"not_picked":["Collect+1","JustLucky","Vengeance+1"],"picked":"Singing Bowl","floor":47},{"not_picked":["EmptyFist","Prostrate","CarveReality"],"picked":"Singing Bowl","floor":48},{"not_picked":["Protect+1","Weave+1","SashWhip"],"picked":"Singing Bowl","floor":54}],"player_experience":918927,"relics_obtained":[{"floor":7.0,"key":"Strawberry"},{"floor":9.0,"key":"Yang"},{"floor":11.0,"key":"Du-Vu Doll"},{"floor":27.0,"key":"Omamori"},{"floor":29.0,"key":"Mummified Hand"},{"floor":39.0,"key":"Unceasing Top"},{"floor":41.0,"key":"Singing Bowl"},{"floor":43.0,"key":"Gremlin Horn"},{"floor":54,"key":"Oddly Smooth Stone"}],"event_choices":[{"damage_healed":0.0,"max_hp_gain":0.0,"max_hp_loss":5.0,"gold_gain":0.0,"event_name":"Golden Idol","player_choice":"Lose Max HP","floor":2.0,"gold_loss":0.0,"damage_taken":0.0,"relics_obtained":["Golden Idol"]},{"damage_healed":0.0,"max_hp_gain":5.0,"max_hp_loss":0.0,"gold_gain":0.0,"event_name":"Big Fish","player_choice":"Donut","floor":4.0,"gold_loss":0.0,"damage_taken":0.0},{"cards_removed":["Defend_P"],"damage_healed":0.0,"max_hp_gain":0.0,"max_hp_loss":0.0,"gold_gain":0.0,"event_name":"Living Wall","player_choice":"Forget","floor":14.0,"gold_loss":0.0,"damage_taken":0.0},{"damage_healed":0.0,"max_hp_gain":0.0,"max_hp_loss":0.0,"gold_gain":0.0,"event_name":"betterNote:BetterNote","player_choice":"Ignored","floor":22.0,"gold_loss":0.0,"damage_taken":0.0,"cards_obtained":["Demon Form"]},{"damage_healed":0.0,"max_hp_gain":0.0,"max_hp_loss":4.0,"gold_gain":0.0,"event_name":"Winding Halls","player_choice":"Max HP","floor":36.0,"gold_loss":0.0,"damage_taken":0.0},{"damage_healed":0.0,"max_hp_gain":0.0,"max_hp_loss":0.0,"gold_gain":3.0,"event_name":"betterStone:BetterStone","player_choice":"1","floor":37.0,"gold_loss":0.0,"damage_taken":0.0},{"damage_healed":0.0,"max_hp_gain":0.0,"max_hp_loss":0.0,"gold_gain":0.0,"event_name":"MindBloom","player_choice":"Fight","floor":39.0,"gold_loss":0.0,"damage_taken":0.0}],"is_beta":false,"boss_relics":[{"not_picked":["Fusion Hammer","SacredBark"],"picked":"Philosopher\u0027s Stone"},{"not_picked":["Pandora\u0027s Box","Velvet Choker"],"picked":"Astrolabe"}],"items_purged_floors":[3,19,31,45,53],"is_endless":false,"potions_floor_spawned":[7,13,16,20,21,24,29,35,46,48,54],"killed_by":"The Heart","ascension_level":9}}