{"host":"3i0tc1zs9k2bo7un","time":1610036694,"event":{"mods":["Act Like it!","Aspiration","BaseMod","Better Synergies","Communication Mod","Gensokyo","Minty Spire (QoL Compilation)","MostiFishMod","Quick Restart","Replay The Spire","StSLib","TestMod","[IsaacMod]ÒÔÈö¼âËþ","¡¾ÒÅÎï¿¨ÅÆ¡¿REMEMod"],"gold_per_floor":[116,134,19,19,13,13,41,441,441,471,471,483,511,725,725,802,802,822,779,793,806,820,820,854,866,878,918,223,235,235],"floor_reached":29,"playtime":993,"items_purged":["Strike_G"],"score":653,"play_id":"a39adbe6-21c8-4ed1-b01d-71e949c22585","local_time":"20210108002454","is_ascension_mode":true,"campfire_choices":[{"data":"Flechettes","floor":6.0,"key":"SMITH"},{"data":"Blade Dance","floor":11.0,"key":"SMITH"},{"data":"Offering","floor":15.0,"key":"SMITH"},{"data":"Strike_G","floor":23.0,"key":"PURGE"},{"data":"Strike_G","floor":25.0,"key":"PURGE"}],"circlet_count":0,"master_deck":["AscendersBane","Strike_G","Strike_G","Defend_G","Defend_G","Defend_G","Defend_G","Defend_G","Survivor","Offering+1","Flechettes+1","Blade Dance+1","Backflip","Acrobatics","MostiFishMod:Dislodge","Burst","Gensokyo:LockedMedkit","Gensokyo:Shovel"],"relics":["Ring of the Snake","DaveBox","testmod-TestBox","REME_ComplimentaryCards","ShadowXiaoBlade","NeowsBlessing","SynthV:TestCard","Chaos","Happy Flower","aspiration:DSix","Magic Flower","testmod-DragonStarHat","Peace Pipe","BlankCard","BloodDonationBag","MawBank","aspiration:Nostalgia","Replay:M_StaffOfTheSnake","Runic Capacitor","xbg","Golden Egg"],"acts_visited":["Gensokyo:Gensokyo","Gensokyo:Gensokyoer"],"potions_floor_usage":[27],"damage_taken":[{"damage":0.0,"enemies":"Gensokyo:Python","floor":1.0,"turns":1.0},{"damage":0.0,"enemies":"Gensokyo:3_Fairies","floor":2.0,"turns":1.0},{"damage":0.0,"enemies":"Gensokyo:Aya","floor":7.0,"turns":1.0},{"damage":13.0,"enemies":"Gensokyo:Cirno","floor":10.0,"turns":6.0},{"damage":6.0,"enemies":"Gensokyo:2_Kodama","floor":12.0,"turns":1.0},{"damage":0.0,"enemies":"Gensokyo:Mamizou","floor":13.0,"turns":6.0},{"damage":0.0,"enemies":"Gensokyo:Kitsune","floor":14.0,"turns":2.0},{"damage":7.0,"enemies":"Gensokyo:Reimu","floor":16.0,"turns":5.0},{"damage":0.0,"enemies":"Gensokyo:CosmicMonolith","floor":18.0,"turns":2.0},{"damage":6.0,"enemies":"Gensokyo:2_Gloops","floor":20.0,"turns":2.0},{"damage":11.0,"enemies":"Gensokyo:Wraith","floor":21.0,"turns":3.0},{"damage":6.0,"enemies":"Gensokyo:3_Gloops","floor":22.0,"turns":3.0},{"damage":6.0,"enemies":"Gensokyo:Tenshi","floor":24.0,"turns":1.0},{"damage":19,"enemies":"Gensokyo:Koishi","floor":27,"turns":4},{"damage":0,"enemies":"Gensokyo:Tenshi","floor":29,"turns":1}],"seed_played":"3384302450797350881","potions_obtained":[{"floor":2.0,"key":"AttackPotion"},{"floor":7.0,"key":"Energy Potion"},{"floor":10.0,"key":"Explosive Potion"},{"floor":18.0,"key":"Reflective Coating"},{"floor":24.0,"key":"Regen Potion"}],"is_trial":false,"path_per_floor":["M","M","COS","?","$","R","E","?","T","E","R","M","E","M","R","B",null,"M","$","M","M","M","R","E","R","T","E","COS","E"],"character_chosen":"THE_SILENT","items_purchased":["Flechettes"],"campfire_rested":0,"item_purchase_floors":[5],"current_hp_per_floor":[59,59,37,37,30,30,30,30,30,17,17,11,11,11,11,4,51,51,41,35,24,18,18,12,12,12,7,7,7,7],"gold":235,"neow_bonus":"THREE_ENEMY_KILL","is_daily":false,"chose_seed":false,"campfire_upgraded":3,"win_rate":0.0,"timestamp":1610036694,"path_taken":["M","M","COS","?","?","R","E","?","T","E","R","?","E","M","R","BOSS","M","$","M","M","M","R","E","R","T","E","COS","E"],"items_purchased_type":["Card"],"build_version":"2020-12-22","purchased_purges":1,"victory":false,"max_hp_per_floor":[66,66,66,66,66,66,66,66,66,66,66,66,66,66,66,66,66,66,66,66,66,66,66,66,66,66,66,66,66,66],"card_choices":[{"not_picked":["MostiFishMod:ThornCasing","MostiFishMod:PreservedThorns","Quick Slash"],"picked":"SKIP","floor":1.0},{"not_picked":["Infinite Blades","Dodge and Roll","Underhanded Strike","ReplayTheSpireMod:Tripwire","Prepared"],"picked":"SKIP","floor":2.0},{"not_picked":["Dodge and Roll","Eviscerate","REME_ShadowStrike","Storm of Steel","All Out Attack"],"picked":"SKIP","floor":7.0},{"not_picked":["Prepared","Leg Sweep","Backflip","Cloak And Dagger"],"picked":"Blade Dance","floor":10.0},{"not_picked":["Poisoned Stab","Flying Knee","Hidden Blade","Leg Sweep","Expertise"],"picked":"SKIP","floor":12.0},{"not_picked":["Dodge and Roll","Distraction","Escape Plan","MostiFishMod:Confrontation"],"picked":"Backflip","floor":13.0},{"not_picked":["Dodge and Roll","Predator","Dagger Spray","Night Terror"],"picked":"Acrobatics","floor":14.0},{"not_picked":["Malaise","Storm of Steel","ReplayTheSpireMod:From All Sides","Night Terror"],"picked":"MostiFishMod:Dislodge","floor":16.0},{"not_picked":["REME_ShadowStrike","ReplayTheSpireMod:Scrap Shanks","Backflip","Replay:Poison Smokescreen","Slice"],"picked":"SKIP","floor":18.0},{"not_picked":["Outmaneuver","Hidden Blade","Dodge and Roll","Masterful Stab","Dagger Spray"],"picked":"SKIP","floor":20.0},{"not_picked":["PiercingWail","Outmaneuver","Storm of Steel","Dagger Throw","Dodge and Roll"],"picked":"SKIP","floor":21.0},{"not_picked":["PiercingWail+1","MostiFishMod:GrandStart","Bane","Backflip","Quick Slash+1"],"picked":"SKIP","floor":22.0},{"not_picked":["Tactician","Deadly Poison","Blade Dance","Expertise","Skewer"],"picked":"SKIP","floor":24.0},{"not_picked":["Choke","Bane","Hidden Blade","Slice"],"picked":"Burst","floor":27}],"player_experience":674734,"relics_obtained":[{"floor":1.0,"key":"SynthV:TestCard"},{"floor":7.0,"key":"aspiration:DSix"},{"floor":10.0,"key":"Magic Flower"},{"floor":13.0,"key":"testmod-DragonStarHat"},{"floor":24.0,"key":"MawBank"},{"floor":26,"key":"aspiration:Nostalgia"},{"floor":27,"key":"Runic Capacitor"}],"event_choices":[{"damage_healed":0.0,"max_hp_gain":0.0,"max_hp_loss":0.0,"gold_gain":400.0,"event_name":"¶÷ÂåË¹µÄÅÌ×Ó","player_choice":"Sell","floor":8.0,"relics_lost":["HushsDoor"],"gold_loss":0.0,"damage_taken":0.0}],"is_beta":false,"boss_relics":[{"not_picked":["Velvet Choker","HowToJump"],"picked":"BlankCard"}],"items_purged_floors":[19],"is_endless":false,"potions_floor_spawned":[2,7,10,14,18,20,24],"killed_by":"Gensokyo:Tenshi","ascension_level":19}}