{"host":"baymyijz6sxaqj5s","time":1610022145,"event":{"mods":["AchievementEnabler","BaseMod","Colored Map","Colored Powertips","DeckTracker","Highlight Path","KOR Keyword Fix","Keyboard Shortcuts","Minty Spire (QoL Compilation)","Quick Restart","StSLib","SuperFastMode"],"gold_per_floor":[109,119,119,132,132,132,149,149,149,149,149,169,184,197,197,292,592,608,708,222,21,21,21,38,48,48,66,82,82,82,98,98,201,201,218,218,122,122,122],"floor_reached":38,"playtime":1044,"items_purged":[],"score":448,"play_id":"f6d2bda8-6dc1-4824-9521-6034067e61bf","local_time":"20210107212225","is_ascension_mode":true,"campfire_choices":[{"data":"Whirlwind","floor":6,"key":"SMITH"},{"data":"Shrug It Off","floor":11,"key":"SMITH"},{"data":"Body Slam","floor":15,"key":"SMITH"},{"data":"Limit Break","floor":23,"key":"SMITH"},{"floor":29,"key":"REST"},{"floor":32,"key":"REST"}],"circlet_count":0,"master_deck":["Defend_R","Defend_R","Defend_R","Defend_R","Bash","Entrench+1","Whirlwind+1","Shrug It Off+1","Body Slam+1","Heavy Blade+1","Limit Break+1","CurseOfTheBell","Spot Weakness","Enlightenment","Armaments+1","Inflame","Shrug It Off+1","Demon Form","Offering+1","Flex+1","Bloodletting+1","Shrug It Off+1","Sword Boomerang"],"relics":["Burning Blood","Self Forming Clay","Calling Bell","Nunchaku","Gremlin Horn","Old Coin","Bag of Marbles","Toxic Egg 2","Strawberry","Eternal Feather","Astrolabe"],"acts_visited":["Exordium","TheCity","TheBeyond"],"potions_floor_usage":[16,16,25,31,38,38],"damage_taken":[{"damage":0,"enemies":"2 Louse","floor":1,"turns":3},{"damage":15,"enemies":"Jaw Worm","floor":2,"turns":5},{"damage":10,"enemies":"Small Slimes","floor":4,"turns":4},{"damage":0,"enemies":"2 Fungi Beasts","floor":7,"turns":2},{"damage":0,"enemies":"3 Louse","floor":12,"turns":1},{"damage":20,"enemies":"Exordium Thugs","floor":13,"turns":4},{"damage":1,"enemies":"2 Fungi Beasts","floor":14,"turns":4},{"damage":48,"enemies":"Slime Boss","floor":16,"turns":9},{"damage":23,"enemies":"Shell Parasite","floor":18,"turns":10},{"damage":25,"enemies":"3 Byrds","floor":24,"turns":3},{"damage":7,"enemies":"Centurion and Healer","floor":25,"turns":6},{"damage":27,"enemies":"Snake Plant","floor":27,"turns":3},{"damage":12,"enemies":"Chosen and Byrds","floor":28,"turns":6},{"damage":23,"enemies":"3 Cultists","floor":31,"turns":4},{"damage":116,"enemies":"Automaton","floor":33,"turns":11},{"damage":20,"enemies":"Orb Walker","floor":35,"turns":4},{"damage":93,"enemies":"2 Orb Walkers","floor":38,"turns":6}],"seed_played":"3220939551751072702","potions_obtained":[{"floor":4,"key":"FearPotion"},{"floor":12,"key":"Explosive Potion"},{"floor":13,"key":"Strength Potion"},{"floor":18,"key":"Dexterity Potion"},{"floor":24,"key":"BlessingOfTheForge"},{"floor":27,"key":"FairyPotion"},{"floor":28,"key":"SkillPotion"},{"floor":35,"key":"Explosive Potion"}],"is_trial":false,"path_per_floor":["M","M","?","M","?","R","M","?","T","?","R","M","M","M","R","B",null,"M","?","$","$","?","R","M","M","T","M","M","R","?","M","R","B",null,"M","?","$","?"],"character_chosen":"IRONCLAD","items_purchased":["Bag of Marbles","Enlightenment","Toxic Egg 2","Strawberry","Armaments+1","Shrug It Off+1","Sword Boomerang"],"campfire_rested":2,"item_purchase_floors":[20,20,20,21,21,37,37],"current_hp_per_floor":[88,79,84,80,73,73,79,79,79,79,79,85,71,76,76,34,93,76,76,76,83,83,83,64,63,63,42,36,78,78,61,100,20,100,86,86,86,0,0],"gold":122,"neow_bonus":"TEN_PERCENT_HP_BONUS","is_daily":false,"chose_seed":false,"campfire_upgraded":4,"win_rate":0.0,"timestamp":1610022145,"path_taken":["M","M","?","M","?","R","M","?","T","?","R","M","M","M","R","BOSS","M","?","?","$","?","R","M","M","T","?","M","R","?","M","R","BOSS","M","?","?","?"],"items_purchased_type":["Relic","Card","Relic","Relic","Card","Card","Card"],"build_version":"2020-12-22","purchased_purges":0,"victory":false,"max_hp_per_floor":[88,88,93,93,93,93,93,93,93,93,93,93,93,93,93,93,93,93,93,93,100,100,100,100,100,100,100,100,100,100,100,100,100,100,100,100,100,100,100],"card_choices":[{"not_picked":["Pommel Strike","Perfected Strike","Iron Wave"],"picked":"SKIP","floor":1},{"not_picked":["Armaments","Perfected Strike"],"picked":"Entrench","floor":2},{"not_picked":["Havoc","Dropkick"],"picked":"Whirlwind","floor":4},{"not_picked":["Sword Boomerang","Rupture"],"picked":"Shrug It Off","floor":7},{"not_picked":["Disarm","Iron Wave"],"picked":"Body Slam","floor":12},{"not_picked":["Brutality","Clash","Havoc"],"picked":"SKIP","floor":13},{"not_picked":["Clothesline","Metallicize"],"picked":"Heavy Blade","floor":14},{"not_picked":["Reaper","Bludgeon"],"picked":"Limit Break","floor":16},{"not_picked":["Ghostly Armor+1","Pommel Strike"],"picked":"Spot Weakness","floor":18},{"not_picked":["Headbutt","Sentinel+1","Iron Wave"],"picked":"SKIP","floor":24},{"not_picked":["Clothesline","Shockwave+1","Entrench+1"],"picked":"SKIP","floor":25},{"not_picked":["Iron Wave+1","Fiend Fire","Cleave"],"picked":"SKIP","floor":27},{"not_picked":["Sever Soul","Armaments+1"],"picked":"Inflame","floor":28},{"not_picked":["Heavy Blade+1","Dropkick+1"],"picked":"Shrug It Off+1","floor":31},{"not_picked":["Bludgeon","Limit Break+1"],"picked":"Demon Form","floor":33},{"not_picked":["Wild Strike+1","Inflame+1","Disarm+1"],"picked":"SKIP","floor":35}],"player_experience":81207,"relics_obtained":[{"floor":9,"key":"Self Forming Clay"},{"floor":17,"key":"Nunchaku"},{"floor":17,"key":"Gremlin Horn"},{"floor":17,"key":"Old Coin"},{"floor":26,"key":"Eternal Feather"}],"event_choices":[{"damage_healed":0,"gold_gain":0,"player_choice":"Donut","damage_taken":0,"max_hp_gain":5,"max_hp_loss":0,"event_name":"Big Fish","floor":3,"gold_loss":0},{"cards_removed":["Strike_R"],"damage_healed":0,"gold_gain":0,"player_choice":"Card Removal","damage_taken":7,"max_hp_gain":0,"max_hp_loss":0,"event_name":"Golden Wing","floor":5,"gold_loss":0},{"damage_healed":0,"gold_gain":0,"player_choice":"Ignored","damage_taken":0,"max_hp_gain":0,"max_hp_loss":0,"event_name":"Golden Idol","floor":8,"gold_loss":0},{"damage_healed":0,"gold_gain":0,"player_choice":"Grow","damage_taken":0,"max_hp_gain":0,"max_hp_loss":0,"event_name":"Living Wall","floor":10,"gold_loss":0,"cards_upgraded":["Entrench"]},{"damage_healed":0,"gold_gain":100,"player_choice":"Pray","damage_taken":0,"max_hp_gain":0,"max_hp_loss":0,"event_name":"Golden Shrine","floor":19,"gold_loss":0},{"damage_healed":0,"gold_gain":0,"player_choice":"Upgraded","damage_taken":0,"max_hp_gain":0,"max_hp_loss":0,"event_name":"Upgrade Shrine","floor":22,"gold_loss":0,"cards_upgraded":["Heavy Blade"]},{"cards_removed":["Strike_R"],"damage_healed":0,"gold_gain":0,"player_choice":"Offered Basic","damage_taken":0,"max_hp_gain":0,"max_hp_loss":0,"event_name":"Bonfire Elementals","floor":36,"gold_loss":0},{"damage_healed":0,"gold_gain":0,"player_choice":"Fight","damage_taken":0,"max_hp_gain":0,"max_hp_loss":0,"event_name":"Mysterious Sphere","floor":38,"gold_loss":0}],"is_beta":false,"boss_relics":[{"not_picked":["Pandora\u0027s Box","Cursed Key"],"picked":"Calling Bell"},{"not_picked":["Coffee Dripper","Runic Dome"],"picked":"Astrolabe"}],"items_purged_floors":[],"is_endless":false,"potions_floor_spawned":[4,12,13,14,18,24,27,28,35],"killed_by":"2 Orb Walkers","ascension_level":3}}