{"host":"0tiuc76yumknr6qf","time":1610004104,"event":{"mods":["BaseMod","Downfall","Highlight Path","Minty Spire (QoL Compilation)","StSLib"],"gold_per_floor":[99,118,134,146,146,159,459,559,577,452,452,465,415,432,451,553,553,503,522,533,546,371,321,321,336,286,300,250,260,275,300,312,416,416,366,378,391,403,503,529,529,563,577,597,614,633,205,215,231,231],"floor_reached":51,"playtime":4090,"items_purged":["Slimebound:Split","Slimebound:Defend_Slimebound"],"score":960,"play_id":"eae910a0-08fa-4306-83a5-3a299f324fb8","local_time":"20210107012144","is_ascension_mode":false,"campfire_choices":[{"floor":1.0,"key":"RECALL"},{"data":"Slimebound:MassFeed","floor":10.0,"key":"SMITH"},{"data":"Slimebound:SamplingLick","floor":13.0,"key":"SMITH"},{"data":"Slimebound:Recycling","floor":18.0,"key":"SMITH"},{"data":"Slimebound:SplitBruiser","floor":23.0,"key":"SMITH"},{"data":"Slimebound:GrowthPunch","floor":26.0,"key":"SMITH"},{"data":"Slimebound:CorrosiveSpit","floor":28,"key":"SMITH"},{"data":"Slimebound:Tackle","floor":35,"key":"PURGE"}],"circlet_count":0,"master_deck":["Slimebound:Strike_Slimebound","Slimebound:Strike_Slimebound","Slimebound:Strike_Slimebound","Slimebound:Defend_Slimebound","Slimebound:Defend_Slimebound","Slimebound:Defend_Slimebound","Slimebound:CorrosiveSpit+1","Slimebound:SplitMire+1","Slimebound:SamplingLick+1","Slimebound:SlimeSpikes","Slimebound:LeechingTouch","Slimebound:MassFeed+1","Slimebound:GrowthPunch+1","Slimebound:SlimeSpikes","Slimebound:Recycling+1","Slimebound:LevelUp","Slimebound:AcidTongue","Slimebound:LivingWall","Slimebound:SplitBruiser+1","Slimebound:LeadByExample","Slimebound:OozeBath","Slimebound:GrowthPunch+1","Slimebound:SlimeSpikes+1","Slimebound:SpikyOuterGoop+1","Slimebound:LeadByExample","Sadistic Nature","Slimebound:Recycling"],"relics":["Slimebound:AbsorbEndCombat","TungstenRod","Slimebound:GreedOozeRelic","Old Coin","downfall:HeartBlessingRed","Sozu","Pear","Peace Pipe","Slimebound:TarBlob","Question Card","Bird Faced Urn","Centennial Puzzle"],"acts_visited":["Exordium","TheCity","TheBeyond"],"potions_floor_usage":[40,42],"damage_taken":[{"damage":7.0,"enemies":"Small Slimes","floor":2.0,"turns":3.0},{"damage":6.0,"enemies":"Jaw Worm","floor":3.0,"turns":3.0},{"damage":8.0,"enemies":"2 Louse","floor":4.0,"turns":3.0},{"damage":21.0,"enemies":"Exordium Thugs","floor":6.0,"turns":4.0},{"damage":16.0,"enemies":"Lots of Slimes","floor":9.0,"turns":3.0},{"damage":3.0,"enemies":"Red Slaver","floor":12.0,"turns":4.0},{"damage":7.0,"enemies":"Gremlin Gang","floor":14.0,"turns":2.0},{"damage":10.0,"enemies":"Large Slime","floor":15.0,"turns":6.0},{"damage":28.0,"enemies":"downfall:Ironclad","floor":16.0,"turns":9.0},{"damage":10.0,"enemies":"Shell Parasite","floor":19.0,"turns":7.0},{"damage":8.0,"enemies":"3 Byrds","floor":20.0,"turns":4.0},{"damage":17.0,"enemies":"Snake Plant","floor":21.0,"turns":4.0},{"damage":6.0,"enemies":"downfall:FleeingMerchant","floor":22.0,"turns":4.0},{"damage":6.0,"enemies":"Centurion and Healer","floor":25.0,"turns":5.0},{"damage":3.0,"enemies":"Snecko","floor":27.0,"turns":4.0},{"damage":16,"enemies":"Shelled Parasite and Fungi","floor":29,"turns":5},{"damage":17,"enemies":"Centurion and Healer","floor":30,"turns":5},{"damage":37,"enemies":"Gremlin Leader","floor":31,"turns":7},{"damage":6,"enemies":"Chosen and Byrds","floor":32,"turns":4},{"damage":9,"enemies":"downfall:Defect","floor":33,"turns":7},{"damage":37,"enemies":"3 Darklings","floor":36,"turns":7},{"damage":18,"enemies":"3 Shapes","floor":37,"turns":4},{"damage":54,"enemies":"Jaw Worm Horde","floor":38,"turns":4},{"damage":54,"enemies":"Nemesis","floor":40,"turns":7},{"damage":40,"enemies":"Giant Head","floor":42,"turns":11},{"damage":13,"enemies":"4 Shapes","floor":43,"turns":4},{"damage":26,"enemies":"Writhing Mass","floor":44,"turns":6},{"damage":14,"enemies":"Transient","floor":45,"turns":5},{"damage":25,"enemies":"3 Darklings","floor":46,"turns":5},{"damage":10,"enemies":"downfall:FleeingMerchant","floor":47,"turns":4},{"damage":46,"enemies":"Jaw Worm Horde","floor":48,"turns":5},{"damage":10,"enemies":"Maw","floor":49,"turns":5},{"damage":57,"enemies":"downfall:Silent","floor":50,"turns":8}],"seed_played":"531949216503422426","potions_obtained":[{"floor":2.0,"key":"BlessingOfTheForge"},{"floor":12.0,"key":"Slimebound:SpawnSlimePotion"},{"floor":14.0,"key":"SkillPotion"}],"is_trial":false,"path_per_floor":["R","M","M","M","?","M","T","?","M","R","?","M","R","M","M","B",null,"R","M","M","M","$","R","T","M","R","M","R","M","M","E","M","B",null,"R","M","M","M","?","E","T","E","M","M","M","M","$","M","M","B",null],"character_chosen":"SLIMEBOUND","items_purchased":["Slimebound:LivingWall","Slimebound:SplitBruiser","Sadistic Nature","Centennial Puzzle"],"campfire_rested":0,"item_purchase_floors":[22,22,47,47],"current_hp_per_floor":[42,41,47,51,51,42,42,42,38,38,38,47,47,60,70,64,84,84,88,96,87,95,95,105,114,114,114,114,110,111,94,106,121,126,126,113,117,89,89,65,65,55,78,82,102,111,129,109,141,126],"gold":231,"neow_bonus":"ONE_RARE_RELIC","is_daily":false,"chose_seed":false,"campfire_upgraded":6,"win_rate":0.0,"timestamp":1610004104,"path_taken":["R","M","M","M","?","M","T","?","M","R","?","M","R","?","M","BOSS","R","M","M","?","$","R","T","M","R","M","R","M","M","E","M","BOSS","R","M","M","M","?","E","T","E","?","M","M","M","$","?","M","BOSS"],"items_purchased_type":["Card","Card","Card","Relic"],"build_version":"2020-12-22","purchased_purges":2,"victory":true,"max_hp_per_floor":[60,60,60,60,60,60,60,60,60,60,60,64,64,76,84,84,84,84,88,96,96,96,96,106,114,114,114,114,114,118,118,122,126,126,126,130,138,142,142,146,146,146,154,154,154,154,154,154,158,158],"card_choices":[{"not_picked":["Slimebound:Prepare","Slimebound:RollThrough"],"picked":"Slimebound:SplitMire","floor":2.0},{"not_picked":["Slimebound:SplitMire","Slimebound:LeechEnergy"],"picked":"Slimebound:SamplingLick","floor":3.0},{"not_picked":["Slimebound:ViciousTackle","Slimebound:LeechEnergy"],"picked":"Slimebound:SlimeSpikes","floor":4.0},{"not_picked":["Slimebound:RollThrough","Slimebound:ComboTackle"],"picked":"Slimebound:LeechingTouch","floor":6.0},{"not_picked":["Slimebound:HungryTackle","Slimebound:SplitLeeching"],"picked":"Slimebound:MassFeed","floor":9.0},{"not_picked":["Slimebound:LeechingTouch","Slimebound:LeechEnergy"],"picked":"Slimebound:GrowthPunch","floor":12.0},{"not_picked":["Slimebound:SplitBruiser","Slimebound:SlimeTap"],"picked":"Slimebound:SlimeSpikes","floor":14.0},{"not_picked":["Slimebound:GoopSpray","Slimebound:MegaLick","Slimebound:CheckThePlaybook"],"picked":"SKIP","floor":15.0},{"not_picked":["Slimebound:MassRepurpose","Slimebound:Overexert"],"picked":"Slimebound:Recycling","floor":16.0},{"not_picked":["Slimebound:ViciousTackle","Slimebound:PressTheAttack"],"picked":"Slimebound:LevelUp","floor":19.0},{"not_picked":["Slimebound:ProtectTheBoss+1","Slimebound:Schlurp"],"picked":"Slimebound:AcidTongue","floor":20.0},{"not_picked":["Slimebound:Repurpose","Slimebound:GoopTackle","Slimebound:ViciousTackle"],"picked":"SKIP","floor":21.0},{"not_picked":["Slimebound:HungryTackle","Slimebound:GoopSpray+1","Slimebound:RallyTheTroops"],"picked":"SKIP","floor":22.0},{"not_picked":["Slimebound:LeechEnergy+1","Slimebound:ComboTackle","Slimebound:SlimeSpikes"],"picked":"SKIP","floor":25.0},{"not_picked":["Slimebound:FormOfPuddle","Slimebound:SplitLeeching","Slimebound:RejuvenatingLick"],"picked":"SKIP","floor":27},{"not_picked":["Slimebound:ComboTackle","Slimebound:LeechingTouch"],"picked":"Slimebound:LeadByExample","floor":29},{"not_picked":["Slimebound:GoopSpray","Slimebound:Replication","Slimebound:SamplingLick"],"picked":"SKIP","floor":30},{"not_picked":["Slimebound:SplitLeeching","Slimebound:Overexert","Slimebound:Dissolve"],"picked":"SKIP","floor":31},{"not_picked":["Slimebound:Replication","Slimebound:LeechEnergy","Slimebound:RollThrough"],"picked":"SKIP","floor":32},{"not_picked":["Slimebound:OneTwoCombo","Slimebound:PrepareCrush"],"picked":"Slimebound:OozeBath","floor":33},{"not_picked":["Slimebound:FinishingTackle+1","Slimebound:SplitBruiser+1","Slimebound:LeechEnergy+1"],"picked":"SKIP","floor":36},{"not_picked":["Slimebound:Nibble","Slimebound:RollThrough+1"],"picked":"Slimebound:GrowthPunch+1","floor":37},{"not_picked":["Slimebound:SplitMire+1","Slimebound:SlimeSpikes","Slimebound:PressTheAttack+1"],"picked":"SKIP","floor":38},{"not_picked":["Slimebound:ComboTackle","Slimebound:LeechingTouch+1"],"picked":"Slimebound:SlimeSpikes+1","floor":40},{"not_picked":["Slimebound:SlimeSpikes+1","Slimebound:CheckThePlaybook","Slimebound:GoopSpray+1"],"picked":"Slimebound:SpikyOuterGoop+1","floor":42},{"not_picked":["Slimebound:GoopTackle","Slimebound:Grow","Slimebound:ViciousTackle","Slimebound:LeechEnergy+1"],"picked":"SKIP","floor":43},{"not_picked":["Slimebound:BestDefense+1","Slimebound:SplitAcid","Slimebound:FinishingTackle"],"picked":"Slimebound:LeadByExample","floor":44},{"not_picked":["Slimebound:LeechingTouch","Slimebound:SplitMire+1","Slimebound:MassFeed","Slimebound:GoopSpray+1"],"picked":"SKIP","floor":45},{"not_picked":["Slimebound:SlimeTap+1","Slimebound:PressTheAttack+1","Slimebound:SlimeSpikes+1","Slimebound:SplitBruiser+1"],"picked":"SKIP","floor":46},{"not_picked":["Slimebound:SplitLeeching+1","Slimebound:FormOfPuddle+1","Slimebound:SplitBruiser","Slimebound:HauntingLick"],"picked":"SKIP","floor":47},{"not_picked":["Slimebound:Schlurp","Slimebound:SplitLeeching+1","Slimebound:ViciousTackle+1"],"picked":"Slimebound:Recycling","floor":48},{"not_picked":["Slimebound:ViciousTackle","Slimebound:RollThrough","Slimebound:Grow+1","Slimebound:SlimeSpikes+1"],"picked":"SKIP","floor":49}],"player_experience":1945915,"relics_obtained":[{"floor":7.0,"key":"Old Coin"},{"floor":24.0,"key":"Pear"},{"floor":31,"key":"Peace Pipe"},{"floor":40,"key":"Question Card"},{"floor":42,"key":"Bird Faced Urn"}],"event_choices":[{"damage_healed":0.0,"max_hp_gain":0.0,"max_hp_loss":0.0,"gold_gain":0.0,"event_name":"Accursed Blacksmith","player_choice":"Forge","floor":11.0,"gold_loss":0.0,"damage_taken":0.0,"cards_upgraded":["Slimebound:SplitMire"]}],"is_beta":false,"boss_relics":[{"not_picked":["SacredBark","Tiny House"],"picked":"Sozu"},{"not_picked":["Slimebound:AbsorbEndCombatUpgraded","Black Star"],"picked":"Slimebound:TarBlob"}],"items_purged_floors":[22,47],"is_endless":false,"potions_floor_spawned":[2,12,14,27,30,32,33,36,40,42,44,45],"ascension_level":0}}