{"host":"hig4mmxcip4vq5ai","time":1610054372,"event":{"mods":["BaseMod","Colored Powertips","Energized Spire","Halation","Infinite Spire","Lobotomy","LobotomyExtend","Minty Spire (QoL Compilation)","Replay The Spire","Small Relic Pack","StSLib"],"gold_per_floor":[112,129,129,129,144,178,178,203,203,203,203,203,216,216,216,337,337,352,346,360,300,300,300,318,318,318,318,334,207,207,220,220,339,339,358,371,371,371,371,371,25,38,38,38,110,131,154,154,154,154,154],"floor_reached":50,"playtime":3020,"items_purged":["Looming Evil","SilentOrchestra"],"score":519,"play_id":"02d5d7da-b5c2-4144-8a99-f9828bf76282","local_time":"20210108001932","is_ascension_mode":false,"campfire_choices":[{"data":"Searing Blow","floor":7,"key":"SMITH"},{"data":"Armaments","floor":10,"key":"SMITH"},{"data":"Searing Blow+1","floor":12,"key":"SMITH"},{"floor":15,"key":"REST"},{"data":"Inflame","floor":23,"key":"SMITH"},{"data":"Inflame","floor":25,"key":"SMITH"},{"data":"Searing Blow+2","floor":27,"key":"SMITH"},{"data":"Searing Blow+3","floor":30,"key":"SMITH"},{"floor":32,"key":"REST"},{"data":"Rupture","floor":40,"key":"SMITH"},{"floor":44,"key":"REST"},{"floor":49,"key":"REST"}],"circlet_count":0,"master_deck":["Strike_R","Strike_R","Strike_R","Strike_R","Strike_R","Defend_R","Defend_R","Defend_R","Defend_R","Bash","Clash","QueenOfHatred","Bloodletting","Burning Pact","LittleHelper","Searing Blow+4","OSAHOGD","Porccubus","Armaments+1","Mercenary","Inflame+1","GreedKing","Eclipse","Defy Death","HeroicMonk","Warcry+1","BlackSwan","Clash","Inflame+1","Alriune","Defy Death","BodiesMountain","Exhume","CherryBlossoms","Rupture+1","Body Slam+1","True Grit+1","ReplayTheSpireMod:Splinters","Hallucinations","Yin","Warcry+1","Havoc+1","Shockwave+1"],"relics":["Burning Blood","CogitoBucket","LetterFromLob","Golden Idol","King of Hearts","Nunchaku","LuminousBracelet","halation:WeightlessCrab","energizedSpire:NeverEndingSparkler","Ring of Fury","Ring of Searing","AspirationHeart","Replay:Bottled Steam","Cursed Key","AtMidnight","relicPack:OneForAll","ReplayTheSpireMod:Ninjato","Sundial","infinitespire:ShieldingShard","Yang_Lob"],"acts_visited":["Exordium","TheCity","TheBeyond"],"potions_floor_usage":[6,16,16,28,31,50],"damage_taken":[{"damage":1,"enemies":"Cultist","floor":1,"turns":3},{"damage":1,"enemies":"Jaw Worm","floor":2,"turns":4},{"damage":5,"enemies":"Small Slimes","floor":5,"turns":4},{"damage":33,"enemies":"Gremlin Nob","floor":6,"turns":3},{"damage":24,"enemies":"3 Louse","floor":8,"turns":3},{"damage":17,"enemies":"Exordium Thugs","floor":13,"turns":3},{"damage":82,"enemies":"The Guardian","floor":16,"turns":14},{"damage":15,"enemies":"Chosen","floor":18,"turns":6},{"damage":26,"enemies":"2 Thieves","floor":19,"turns":5},{"damage":57,"enemies":"3 Cultists","floor":20,"turns":5},{"damage":15,"enemies":"Snake Plant","floor":24,"turns":4},{"damage":34,"enemies":"Centurion and Healer","floor":28,"turns":3},{"damage":28,"enemies":"Shelled Parasite and Fungi","floor":31,"turns":3},{"damage":79,"enemies":"Champ","floor":33,"turns":6},{"damage":20,"enemies":"Orb Walker","floor":35,"turns":2},{"damage":67,"enemies":"3 Darklings","floor":36,"turns":6},{"damage":62,"enemies":"Maw","floor":42,"turns":3},{"damage":2,"enemies":"Jaw Worm Horde","floor":46,"turns":1},{"damage":49,"enemies":"4 Shapes","floor":47,"turns":3},{"damage":4,"enemies":"Writhing Mass","floor":48,"turns":2},{"damage":111,"enemies":"Time Eater","floor":50,"turns":3}],"seed_played":"-2456873213301813405","potions_obtained":[{"floor":5,"key":"LiquidBronze"},{"floor":8,"key":"PowerPotion"},{"floor":13,"key":"Explosive Potion"},{"floor":19,"key":"Languid Potion"},{"floor":24,"key":"SmokeBomb"},{"floor":28,"key":"SneckoOil"},{"floor":33,"key":"SteroidPotion"},{"floor":46,"key":"Swift Potion"}],"is_trial":false,"path_per_floor":["M","M","?","?","M","E","R","M","T","R","M","R","M","T","R","B",null,"M","M","M","?","?","R","M","R","T","R","M","$","R","M","R","B",null,"M","M","?","?","?","R","$","M","T","R","T","M","M","M","R","B"],"character_chosen":"IRONCLAD","items_purchased":["BlessingOfTheForge","ReplayTheSpireMod:Ninjato"],"campfire_rested":4,"item_purchase_floors":[29,41],"current_hp_per_floor":[80,80,60,60,67,46,46,34,34,34,34,34,44,44,72,54,95,94,91,63,63,63,63,78,78,78,78,57,57,57,44,75,30,105,94,69,69,69,69,69,69,26,26,57,57,68,39,59,91,0,0],"gold":154,"neow_bonus":"","is_daily":false,"chose_seed":false,"campfire_upgraded":8,"win_rate":0.0,"timestamp":1610054372,"path_taken":["M","M","?","?","M","E","R","M","T","R","M","R","?","?","R","BOSS","M","M","M","?","?","R","M","R","T","R","M","$","R","M","R","BOSS","M","M","?","?","?","R","$","M","T","R","?","?","M","M","R","BOSS"],"items_purchased_type":["Potion","Relic"],"build_version":"2020-12-22","purchased_purges":2,"victory":false,"max_hp_per_floor":[80,80,80,80,80,80,80,80,80,80,80,80,95,95,95,95,95,95,95,95,95,95,95,105,105,105,105,105,105,105,105,105,105,105,105,105,105,105,105,105,105,105,105,105,105,105,105,108,108,108,108],"card_choices":[{"not_picked":["MHz","BigBird"],"picked":"FairyFestival","floor":1},{"not_picked":["Heavy Blade","Iron Wave"],"picked":"Clash","floor":1},{"not_picked":["VoidDream","Variant","SpiderBud"],"picked":"Singing Bowl","floor":2},{"not_picked":["Woodsman","Freischutz"],"picked":"QueenOfHatred","floor":2},{"not_picked":["True Grit","Body Slam"],"picked":"Bloodletting","floor":2},{"not_picked":["BeautyBeast","Bloodbath"],"picked":"LittleHelper","floor":5},{"not_picked":["Burning Pact","Massacre"],"picked":"Searing Blow","floor":5},{"not_picked":["FairyFestival","SingingMachine","OldLady"],"picked":"Singing Bowl","floor":6},{"not_picked":["SpiderBud","WallGazer"],"picked":"OSAHOGD","floor":6},{"not_picked":["Thunderclap","Wild Strike","Headbutt"],"picked":"SKIP","floor":6},{"not_picked":["MHz","WhiteNight"],"picked":"Porccubus","floor":8},{"not_picked":["Twin Strike","Battle Trance"],"picked":"Armaments","floor":8},{"not_picked":["CrumblingArmor","Variant"],"picked":"Mercenary","floor":13},{"not_picked":["Heavy Blade","Massacre"],"picked":"Inflame","floor":13},{"not_picked":["BeautyBeast","MHz"],"picked":"GreedKing","floor":16},{"not_picked":["Immolate","Brutality"],"picked":"Eclipse","floor":16},{"not_picked":["BigBird","Variant"],"picked":"SilentOrchestra","floor":18},{"not_picked":["Seeing Red","Armaments"],"picked":"Defy Death","floor":18},{"not_picked":["BigBird","HappyTeddy"],"picked":"HeroicMonk","floor":19},{"not_picked":["Power Through","Armaments"],"picked":"Warcry+1","floor":19},{"not_picked":["GalaxyChild","MHz"],"picked":"BlackSwan","floor":20},{"not_picked":["Dark Embrace","Armaments"],"picked":"Clash","floor":20},{"not_picked":["HappyTeddy","Funeral","BigBird"],"picked":"Singing Bowl","floor":24},{"not_picked":["Demon Form","Power Through"],"picked":"Inflame","floor":24},{"not_picked":["Laetitia","MeltingLove"],"picked":"Alriune","floor":28},{"not_picked":["Pummel","Clothesline+1","Fire Breathing"],"picked":"SKIP","floor":28},{"not_picked":["SingingMachine","Bloodbath","OldLady"],"picked":"Singing Bowl","floor":31},{"not_picked":["Bloodletting","Rage+1"],"picked":"Defy Death","floor":31},{"not_picked":["Funeral","SpiderBud"],"picked":"BodiesMountain","floor":33},{"not_picked":["Barricade","Replay:Many Hands"],"picked":"Exhume","floor":33},{"not_picked":["LaLuna","WhitesApple","DreamingCurrent"],"picked":"Singing Bowl","floor":35},{"not_picked":["PunishingBird","CENSORED"],"picked":"CherryBlossoms","floor":35},{"not_picked":["Armaments+1","Run Through"],"picked":"Rupture","floor":35},{"not_picked":["LongBird","WhiteNight","OldLady"],"picked":"Singing Bowl","floor":36},{"not_picked":["Warcry+1","Fire Breathing"],"picked":"Body Slam+1","floor":36},{"not_picked":["GalaxyChild","SingingMachine","PunishingBird"],"picked":"Singing Bowl","floor":42},{"not_picked":["Clash+1","infinitespire:OneForAll+1"],"picked":"True Grit+1","floor":42},{"not_picked":["LaLuna","WhiteNight"],"picked":"Yin","floor":46},{"not_picked":["Cleave","Evolve"],"picked":"Warcry+1","floor":46},{"not_picked":["Warcry","Armaments+1"],"picked":"Havoc+1","floor":47},{"not_picked":["Dark Embrace+1","Massacre"],"picked":"Shockwave+1","floor":48}],"player_experience":419685,"relics_obtained":[{"floor":1,"key":"LetterFromLob"},{"floor":6,"key":"King of Hearts"},{"floor":9,"key":"Nunchaku"},{"floor":14,"key":"halation:WeightlessCrab"},{"floor":22,"key":"Ring of Fury"},{"floor":22,"key":"Ring of Searing"},{"floor":26,"key":"Replay:Bottled Steam"},{"floor":36,"key":"AtMidnight"},{"floor":43,"key":"Sundial"},{"floor":45,"key":"infinitespire:ShieldingShard"}],"event_choices":[{"damage_healed":0,"gold_gain":0,"player_choice":"Take Damage","damage_taken":20,"relics_obtained":["Golden Idol"],"max_hp_gain":0,"max_hp_loss":0,"event_name":"Golden Idol","floor":3,"gold_loss":0},{"damage_healed":0,"gold_gain":0,"cards_transformed":["FairyFestival"],"player_choice":"Transformed","damage_taken":0,"max_hp_gain":0,"max_hp_loss":0,"event_name":"Transmorgrifier","floor":4,"gold_loss":0,"cards_obtained":["Burning Pact"]}],"is_beta":false,"boss_relics":[{"not_picked":["Replay:Drink Me","Ooze Armor"],"picked":"energizedSpire:NeverEndingSparkler"},{"not_picked":["Tiny House","Sozu"],"picked":"Cursed Key"}],"items_purged_floors":[29,41],"is_endless":false,"potions_floor_spawned":[5,8,13,19,24,28,33,46],"killed_by":"Time Eater","ascension_level":0}}