{"host":"o7j6aatxjwpw1421","time":1610030967,"event":{"mods":["2.2 Compatiblity","AchievementEnabler","BaseMod","Colored Map","DeckTracker","Highlight Path","Keyboard Shortcuts","Minty Spire (QoL Compilation)","Permanent Neow","Quick Restart","StSLib","SuperFastMode","everything is the same but u backflip on backflip"],"gold_per_floor":[110,126,144,157,171,171,197,197,224,236,252,45,45,73,73,144,144,157,157,157,168,168,168,168],"floor_reached":23,"playtime":847,"items_purged":["Strike_R"],"score":485,"play_id":"3bb5b49d-e05c-48d3-8f97-0bc2654ee467","local_time":"20210107234927","is_ascension_mode":true,"campfire_choices":[{"data":"Whirlwind","floor":6.0,"key":"SMITH"},{"data":"Apotheosis","floor":15.0,"key":"SMITH"}],"circlet_count":0,"master_deck":["AscendersBane","Strike_R","Strike_R","Strike_R","Defend_R","Defend_R","Defend_R","Defend_R","Bash","Finesse","Whirlwind+1","Feel No Pain","Pommel Strike","Second Wind","Double Tap","Apotheosis+1","Barricade","Body Slam","Power Through"],"relics":["Burning Blood","The Courier","Bronze Scales","Oddly Smooth Stone","Bag of Marbles","Black Star","Nilry\u0027s Codex"],"acts_visited":["Exordium","TheCity"],"potions_floor_usage":[],"damage_taken":[{"damage":6.0,"enemies":"Small Slimes","floor":1.0,"turns":4.0},{"damage":4.0,"enemies":"Cultist","floor":2.0,"turns":3.0},{"damage":15.0,"enemies":"Jaw Worm","floor":3.0,"turns":4.0},{"damage":27.0,"enemies":"Exordium Thugs","floor":4.0,"turns":5.0},{"damage":16.0,"enemies":"Red Slaver","floor":5.0,"turns":5.0},{"damage":0.0,"enemies":"Gremlin Nob","floor":7.0,"turns":2.0},{"damage":4.0,"enemies":"Blue Slaver","floor":10.0,"turns":4.0},{"damage":4.0,"enemies":"2 Fungi Beasts","floor":11.0,"turns":4.0},{"damage":0.0,"enemies":"Lagavulin","floor":14.0,"turns":7.0},{"damage":8.0,"enemies":"Slime Boss","floor":16.0,"turns":9.0},{"damage":21.0,"enemies":"2 Thieves","floor":18.0,"turns":4.0},{"damage":14.0,"enemies":"Shell Parasite","floor":21.0,"turns":4.0},{"damage":0.0,"enemies":"Sentry and Sphere","floor":22.0,"turns":1.0},{"damage":33,"enemies":"Slavers","floor":23,"turns":3}],"seed_played":"2647538736113885104","potions_obtained":[{"floor":2.0,"key":"DuplicationPotion"},{"floor":3.0,"key":"ElixirPotion"},{"floor":4.0,"key":"Explosive Potion"},{"floor":11.0,"key":"BloodPotion"},{"floor":16.0,"key":"BlessingOfTheForge"},{"floor":20.0,"key":"Swift Potion"},{"floor":20.0,"key":"Ancient Potion"},{"floor":21.0,"key":"SmokeBomb"}],"is_trial":false,"path_per_floor":["M","M","M","M","M","R","E","?","T","M","M","$","?","E","R","B",null,"M","?","?","M","M","E"],"character_chosen":"IRONCLAD","items_purchased":["Apotheosis"],"campfire_rested":0,"item_purchase_floors":[12],"current_hp_per_floor":[68,70,61,40,30,30,36,36,36,38,40,40,33,39,39,37,66,51,30,45,37,43,10,10],"gold":168,"neow_bonus":"RANDOM_COLORLESS","is_daily":false,"chose_seed":false,"campfire_upgraded":2,"win_rate":0.0,"timestamp":1610030967,"path_taken":["M","M","M","M","M","R","E","?","T","M","?","$","?","E","R","BOSS","M","?","?","M","M","E"],"items_purchased_type":["Card"],"build_version":"2020-12-22","purchased_purges":1,"victory":false,"max_hp_per_floor":[75,75,75,75,75,75,75,75,75,75,75,75,75,75,75,75,75,75,75,75,75,75,75,75],"card_choices":[{"not_picked":["Panacea","Dark Shackles"],"picked":"Finesse","floor":0.0},{"not_picked":["True Grit","Anger"],"picked":"Whirlwind","floor":1.0},{"not_picked":["Heavy Blade","Blood for Blood","Bloodletting"],"picked":"SKIP","floor":2.0},{"not_picked":["Iron Wave","Whirlwind"],"picked":"Feel No Pain","floor":3.0},{"not_picked":["Pummel","Heavy Blade"],"picked":"Pommel Strike","floor":4.0},{"not_picked":["Pommel Strike","True Grit"],"picked":"Second Wind","floor":5.0},{"not_picked":["Exhume","Blood for Blood"],"picked":"Double Tap","floor":7.0},{"not_picked":["Sword Boomerang","Thunderclap","Flex"],"picked":"SKIP","floor":10.0},{"not_picked":["Dropkick","Warcry","Iron Wave"],"picked":"SKIP","floor":11.0},{"not_picked":["Infernal Blade","Warcry","Thunderclap"],"picked":"SKIP","floor":14.0},{"not_picked":["Berserk","Corruption"],"picked":"Barricade","floor":16.0},{"not_picked":["Rupture","Cleave"],"picked":"Body Slam","floor":18.0},{"not_picked":["Thunderclap+1","Twin Strike"],"picked":"Power Through","floor":21.0}],"player_experience":436647,"relics_obtained":[{"floor":7.0,"key":"The Courier"},{"floor":9.0,"key":"Oddly Smooth Stone"},{"floor":14.0,"key":"Bag of Marbles"},{"floor":19.0,"key":"Nilry\u0027s Codex"}],"event_choices":[{"damage_healed":0.0,"max_hp_gain":0.0,"max_hp_loss":0.0,"gold_gain":0.0,"event_name":"WeMeetAgain","player_choice":"Gave Potion","floor":8.0,"gold_loss":0.0,"damage_taken":0.0,"relics_obtained":["Bronze Scales"]},{"cards_removed":["Strike_R"],"damage_healed":0.0,"max_hp_gain":0.0,"max_hp_loss":0.0,"gold_gain":0.0,"event_name":"Golden Wing","player_choice":"Card Removal","floor":13.0,"gold_loss":0.0,"damage_taken":7.0},{"damage_healed":0.0,"max_hp_gain":0.0,"max_hp_loss":0.0,"gold_gain":0.0,"event_name":"Cursed Tome","player_choice":"Obtained Book","floor":19.0,"gold_loss":0.0,"damage_taken":21.0},{"damage_healed":0.0,"max_hp_gain":0.0,"max_hp_loss":0.0,"gold_gain":0.0,"event_name":"Lab","player_choice":"Got Potions","floor":20.0,"gold_loss":0.0,"damage_taken":0.0}],"is_beta":false,"boss_relics":[{"not_picked":["Tiny House","Sozu"],"picked":"Black Star"}],"items_purged_floors":[12],"is_endless":false,"potions_floor_spawned":[2,3,4,11,16,21],"killed_by":"Slavers","ascension_level":18}}