{"host":"y4sghvfd0ewtcchd","time":1610049874,"event":{"mods":["Aspiration","BaseMod","Better Debug","Better Note","Better Third Choice","BetterRewards","Block Reminder","Colored Map","Colored Powertips","Downfall","Highlight Path","Hubris","Infinite Spire","Minty Spire (QoL Compilation)","Relic Sorter","Relic Stats","Replay The Spire","Shop Mod","StSLib","The Jungle","The Saiyan"],"gold_per_floor":[93,106,126,139,114,114,144,144,144,171,64,214,214,227,227,301,301,312,324,341,353,353,353,366,394,419,445,445,457,457,473,473,550,550,560,573,398,415,415,458,481,493,505,517,558,570,582,611,623,635,647,659,671,419,452,452],"floor_reached":57,"playtime":5960,"items_purged":["Doubt","Saiyan:SAIYA_Strike"],"score":3203,"play_id":"231afcf8-6892-427f-b6d5-e4eda38386e1","local_time":"20210107230434","is_ascension_mode":true,"campfire_choices":[{"data":"Saiyan:RuthlessBlow","floor":6,"key":"SMITH"},{"floor":8,"key":"REST"},{"data":"Saiyan:PlotArmor","floor":13,"key":"SMITH"},{"floor":15,"key":"RECALL"},{"data":"Saiyan:PowerStance","floor":23,"key":"SMITH"},{"data":"Saiyan:Makankosappo","floor":32,"key":"SMITH"},{"data":"Saiyan:SuperSaiyanForm","floor":42,"key":"SMITH"},{"data":"infinitespire:NeuralNetwork","floor":47,"key":"SMITH"},{"data":"ReplayTheSpireMod:Chaos Vortex","floor":49,"key":"SMITH"},{"data":"expansioncontent:Flail","floor":53,"key":"SMITH"}],"circlet_count":0,"master_deck":["AscendersBane","Saiyan:SAIYA_Strike","Saiyan:SAIYA_Strike","Saiyan:SAIYA_Strike","Saiyan:SAIYA_Defend","Saiyan:SAIYA_Defend","Saiyan:SAIYA_Defend","Saiyan:SAIYA_Defend","Saiyan:EnergyBlast","Saiyan:KaioKen","Saiyan:RuthlessBlow+1","Saiyan:Furor+1","Saiyan:PlotArmor+1","Dramatic Entrance+1","Saiyan:TurtleShell","Saiyan:Makankosappo+1","Saiyan:Flurry+1","Saiyan:TurtleShell","Saiyan:PlotArmor+1","Saiyan:CCCapsule+1","Saiyan:TransfigurationBeam+1","Saiyan:Momentum+1","Saiyan:LastResort+1","Saiyan:SuperSaiyanForm+1","Saiyan:PowerStance+1","Saiyan:Taunt","hubris:DuctTapeCard","Saiyan:WarmUp","Saiyan:HyperTimeChamber+1","Hallucinations","Saiyan:HyperTimeChamber+1","expansioncontent:Flail+1","ReplayTheSpireMod:Chaos Vortex+1","Saiyan:WarmUp","Saiyan:Flurry","Saiyan:SuperSaiyanForm+1","Saiyan:SuperSaiyanForm+1","infinitespire:NeuralNetwork+1","Saiyan:SuperSaiyanForm+1","Saiyan:LastResort+1","Replay:SS_fish_3+1","expansioncontent:Corrupt+1"],"relics":["SaiyanSoul","SaiyanHeart","Golden Egg","Membership Card","Bag of Preparation","infinitespire:Satchel","Singing Bowl","Replay:Fungal Core","hubris:DuctTape","aspiration:FetidBarrel","aspiration:FrozenJewel","ReplayTheSpireMod:SealedPack","Garlic","MawBank","Replay:Bottled Snecko","Juzu Bracelet","hubris:Towel","Ornamental Fan","infinitespire:Lucky Rock","CaptainsWheel","aspiration:Nostalgia","m_IronCrown","hubris:NiceRug","Kunai"],"acts_visited":["Exordium","TheCity","TheBeyond","TheEnding"],"potions_floor_usage":[7,7,20,21,24,24,27,29,41,56],"damage_taken":[{"damage":0,"enemies":"Cultist","floor":1,"turns":4},{"damage":0,"enemies":"2 Louse","floor":2,"turns":2},{"damage":0,"enemies":"Small Slimes","floor":3,"turns":2},{"damage":5,"enemies":"Blue Slaver","floor":4,"turns":2},{"damage":1,"enemies":"Gremlin Nob","floor":7,"turns":3},{"damage":0,"enemies":"Lagavulin","floor":10,"turns":4},{"damage":0,"enemies":"Lots of Slimes","floor":14,"turns":2},{"damage":2,"enemies":"Hexaghost","floor":16,"turns":6},{"damage":2,"enemies":"3 Byrds","floor":18,"turns":6},{"damage":7,"enemies":"Shell Parasite","floor":19,"turns":3},{"damage":0,"enemies":"Sentry and Sphere","floor":20,"turns":4},{"damage":0,"enemies":"Centurion and Healer","floor":21,"turns":5},{"damage":3,"enemies":"3 Cultists","floor":24,"turns":5},{"damage":8,"enemies":"Book of Stabbing","floor":25,"turns":4},{"damage":0,"enemies":"Slavers","floor":27,"turns":3},{"damage":0,"enemies":"Shelled Parasite and Fungi","floor":29,"turns":2},{"damage":4,"enemies":"Snecko","floor":31,"turns":3},{"damage":20,"enemies":"hubris:MusketHawk","floor":33,"turns":6},{"damage":0,"enemies":"Orb Walker","floor":35,"turns":4},{"damage":4,"enemies":"3 Darklings","floor":36,"turns":8},{"damage":0,"enemies":"Jaw Worm Horde","floor":38,"turns":4},{"damage":0,"enemies":"Nemesis","floor":40,"turns":6},{"damage":0,"enemies":"4 Shapes","floor":41,"turns":5},{"damage":0,"enemies":"Giant Head","floor":45,"turns":8},{"damage":0,"enemies":"Writhing Mass","floor":48,"turns":7},{"damage":0,"enemies":"Donu and Deca","floor":50,"turns":8},{"damage":0,"enemies":"Time Eater","floor":51,"turns":8},{"damage":4,"enemies":"hubris:Merchant","floor":54,"turns":6},{"damage":0,"enemies":"Shield and Spear","floor":55,"turns":8},{"damage":2,"enemies":"The Heart","floor":56,"turns":9}],"seed_played":"9093042281946658909","potions_obtained":[{"floor":1,"key":"Weak Potion"},{"floor":4,"key":"Strength Potion"},{"floor":16,"key":"SteroidPotion"},{"floor":19,"key":"SteroidPotion"},{"floor":24,"key":"Energy Potion"},{"floor":33,"key":"Ancient Potion"},{"floor":40,"key":"Energy Potion"},{"floor":41,"key":"GamblersBrew"},{"floor":55,"key":"Energy Potion"}],"is_trial":false,"path_per_floor":["M","M","M","M","$","R","E","R","T","E","$","?","R","M","R","B",null,"M","M","M","M","?","R","M","E","T","E","?","M","AVR","M","R","B",null,"M","M","$","M","?","E","M","R","T","?","E","?","R","M","R","B","B",null,"R","$","E","B",null],"character_chosen":"SAIYAJIN","items_purchased":["Saiyan:PlotArmor","Golden Egg","Saiyan:Furor","Membership Card","Saiyan:PlotArmor","Dramatic Entrance","Saiyan:Flurry","Saiyan:PlotArmor","Saiyan:CCCapsule","Saiyan:TransfigurationBeam","Saiyan:SuperSaiyanForm","Garlic","Saiyan:LastResort","Replay:SS_fish_3","infinitespire:Lucky Rock","CaptainsWheel","aspiration:Nostalgia","expansioncontent:Corrupt"],"campfire_rested":1,"item_purchase_floors":[0,0,0,0,0,0,5,11,11,11,37,37,54,54,54,54,54,54],"current_hp_per_floor":[25,25,25,21,21,21,22,39,39,41,41,41,41,44,44,43,60,62,58,61,67,67,67,67,63,63,66,66,71,71,71,71,53,92,94,92,92,95,95,97,101,101,101,101,104,75,75,77,77,78,79,113,113,123,132,139],"gold":452,"neow_bonus":"","is_daily":false,"chose_seed":false,"campfire_upgraded":8,"win_rate":0.0,"timestamp":1610049874,"path_taken":["M","?","?","M","?","R","E","R","T","E","$","?","R","M","R","BOSS","M","M","M","M","?","R","M","E","T","E","?","?","AVR","M","R","BOSS","M","?","$","M","?","E","M","R","T","?","E","?","R","M","R","BOSS","BOSS","R","$","E","BOSS"],"items_purchased_type":["Card","Relic","Card","Relic","Card","Card","Card","Card","Card","Card","Card","Relic","Card","Card","Relic","Relic","Relic","Card"],"build_version":"2020-12-22","purchased_purges":2,"victory":true,"max_hp_per_floor":[56,56,56,57,57,57,59,59,59,61,61,61,61,64,64,65,65,69,72,75,81,81,81,84,88,88,91,91,96,96,100,100,102,104,106,108,108,111,111,113,117,117,117,117,120,120,120,122,122,123,124,124,124,132,135,139],"relic_stats":{"Singing Bowl":28,"counters":[31,150],"Ornamental Fan":[28],"Bag of Preparation":[50],"Juzu Bracelet":1,"Kunai":[4],"MawBank":180,"obtain_stats":[{"Golden Egg":0,"Singing Bowl":10,"m_IronCrown":54,"Bag of Preparation":7,"Juzu Bracelet":43,"Replay:Rubber Ducky":0,"Replay:Bottled Snecko":40,"Kunai":55,"Replay:Fungal Core":17,"hubris:DuctTape":25,"aspiration:FetidBarrel":27,"aspiration:Nostalgia":54,"ReplayTheSpireMod:SealedPack":34,"SaiyanHeart":0,"infinitespire:Lucky Rock":54,"hubris:Towel":44,"MawBank":39,"aspiration:FrozenJewel":30,"CaptainsWheel":54,"ReplayTheSpireMod:Shallot":0,"Ornamental Fan":45,"infinitespire:Satchel":9,"SaiyanSoul":0,"Bag of Marbles":0,"Garlic":37,"Membership Card":0,"ReplayTheSpireMod:ShopPack":0,"hubris:NiceRug":54},{"Golden Egg":1,"Singing Bowl":7,"m_IronCrown":28,"Bag of Preparation":6,"Juzu Bracelet":24,"Replay:Rubber Ducky":1,"Replay:Bottled Snecko":23,"Kunai":30,"Replay:Fungal Core":9,"hubris:DuctTape":15,"aspiration:FetidBarrel":16,"aspiration:Nostalgia":28,"ReplayTheSpireMod:SealedPack":19,"SaiyanHeart":0,"infinitespire:Lucky Rock":28,"hubris:Towel":24,"MawBank":22,"aspiration:FrozenJewel":17,"CaptainsWheel":28,"ReplayTheSpireMod:Shallot":0,"Ornamental Fan":25,"infinitespire:Satchel":6,"SaiyanSoul":0,"Bag of Marbles":0,"Garlic":21,"Membership Card":1,"ReplayTheSpireMod:ShopPack":1,"hubris:NiceRug":29},{"Golden Egg":3,"Singing Bowl":20,"m_IronCrown":127,"Bag of Preparation":16,"Juzu Bracelet":96,"Replay:Rubber Ducky":3,"Replay:Bottled Snecko":91,"Kunai":141,"Replay:Fungal Core":28,"hubris:DuctTape":55,"aspiration:FetidBarrel":58,"aspiration:Nostalgia":127,"ReplayTheSpireMod:SealedPack":69,"SaiyanHeart":0,"infinitespire:Lucky Rock":127,"hubris:Towel":96,"MawBank":85,"aspiration:FrozenJewel":60,"CaptainsWheel":127,"ReplayTheSpireMod:Shallot":0,"Ornamental Fan":104,"infinitespire:Satchel":16,"SaiyanSoul":0,"Bag of Marbles":0,"Garlic":81,"Membership Card":3,"ReplayTheSpireMod:ShopPack":3,"hubris:NiceRug":133}]},"card_choices":[{"not_picked":["Saiyan:ExpandingShockwave","Saiyan:KiExplosion"],"picked":"Saiyan:TurtleShell","floor":1},{"not_picked":["Saiyan:Pacing","Saiyan:FingerParry"],"picked":"Saiyan:Makankosappo","floor":2},{"not_picked":["Saiyan:WarmUp","Saiyan:TurtleShell"],"picked":"Saiyan:SuperSaiyanThree","floor":3},{"not_picked":["Saiyan:Planning","Saiyan:Endure","Saiyan:PressOn"],"picked":"SKIP","floor":4},{"not_picked":["Saiyan:KiExplosion","Saiyan:Planning","Saiyan:ExpandingShockwave"],"picked":"SKIP","floor":7},{"not_picked":["Saiyan:SaiyanHubris","Saiyan:ExpandingShockwave"],"picked":"Saiyan:TurtleShell","floor":10},{"not_picked":["Saiyan:PowerUp","Saiyan:AugmentedBlast","Saiyan:DragonFist"],"picked":"Singing Bowl","floor":14},{"not_picked":["Saiyan:TheBomb","Saiyan:Rekindle"],"picked":"Saiyan:Momentum","floor":16},{"not_picked":["Saiyan:FingerParry","Saiyan:PowerUp","Saiyan:TurtleShell"],"picked":"Singing Bowl","floor":18},{"not_picked":["Saiyan:CCCapsule","Saiyan:Quickening"],"picked":"Saiyan:LastResort","floor":19},{"not_picked":["Saiyan:PlotArmor+1","Saiyan:KiExplosion+1"],"picked":"Saiyan:SuperSaiyanForm+1","floor":20},{"not_picked":["Saiyan:DoubleMasenko","Saiyan:Endure"],"picked":"Saiyan:PowerStance","floor":21},{"not_picked":["Saiyan:BackAttack","Saiyan:PressOn","Saiyan:Planning"],"picked":"Singing Bowl","floor":24},{"not_picked":["Saiyan:Scouter","Saiyan:Fly"],"picked":"Saiyan:Taunt","floor":25},{"not_picked":["Saiyan:MeteorDash","Saiyan:Taunt+1"],"picked":"Saiyan:WarmUp","floor":27},{"not_picked":["Saiyan:Overexert","Saiyan:TransfigurationBeam","Saiyan:MeteorDash"],"picked":"Singing Bowl","floor":29},{"not_picked":["Saiyan:DoubleMasenko","Saiyan:BigBangAttack","Saiyan:Taunt"],"picked":"Singing Bowl","floor":31},{"not_picked":["Saiyan:Momentum","Saiyan:MindBoom"],"picked":"Saiyan:HyperTimeChamber","floor":33},{"not_picked":["Saiyan:EnergyBlast","champ:Execute","Eruption"],"picked":"Singing Bowl","floor":34},{"not_picked":["Saiyan:SolarFlare","Saiyan:TransfigurationBeam"],"picked":"Saiyan:HyperTimeChamber","floor":34},{"not_picked":["Specialist","Replay:SS_forest_2"],"picked":"expansioncontent:Flail","floor":34},{"not_picked":["ReplayTheSpireMod:Book of Names","hubris:InfiniteBlow+7"],"picked":"ReplayTheSpireMod:Chaos Vortex","floor":34},{"not_picked":["Saiyan:BackAttack+1","Saiyan:ExpandingShockwave"],"picked":"Saiyan:WarmUp","floor":35},{"not_picked":["Saiyan:SaiyanHubris","Saiyan:Planning"],"picked":"Saiyan:Flurry","floor":36},{"not_picked":["Saiyan:SolarFlare","Saiyan:AugmentedBlast+1","Saiyan:FingerParry"],"picked":"Singing Bowl","floor":38},{"not_picked":["Saiyan:BackAttack","Saiyan:KameHameHa"],"picked":"Saiyan:SuperSaiyanForm","floor":40},{"not_picked":["Saiyan:SaiyanHubris","Saiyan:Afterimage","Saiyan:BackAttack"],"picked":"Singing Bowl","floor":41},{"not_picked":["Saiyan:ThirstForFight","Saiyan:Expend","Saiyan:AugmentedBlast"],"picked":"Singing Bowl","floor":45},{"not_picked":["ReplayTheSpireMod:Haul","infinitespire:Collect"],"picked":"infinitespire:NeuralNetwork","floor":46},{"not_picked":["Saiyan:PowerStance","Saiyan:KameHameHa"],"picked":"Saiyan:SuperSaiyanForm+1","floor":48},{"not_picked":["Saiyan:KameHameHa"],"picked":"Singing Bowl","floor":54},{"not_picked":["Saiyan:SpiritSword"],"picked":"Singing Bowl","floor":54},{"not_picked":["Saiyan:Pacing"],"picked":"Singing Bowl","floor":54},{"not_picked":["Saiyan:TurtleShell"],"picked":"Singing Bowl","floor":54},{"not_picked":["champ:AdrenalArmor","Saiyan:DrainingStrike+1","Saiyan:ExpandingShockwave"],"picked":"Singing Bowl","floor":55}],"player_experience":485430,"relics_obtained":[{"floor":7,"key":"Bag of Preparation"},{"floor":9,"key":"infinitespire:Satchel"},{"floor":10,"key":"Singing Bowl"},{"floor":25,"key":"hubris:DuctTape"},{"floor":27,"key":"aspiration:FetidBarrel"},{"floor":40,"key":"Replay:Bottled Snecko"},{"floor":43,"key":"Juzu Bracelet"},{"floor":45,"key":"Ornamental Fan"},{"floor":55,"key":"Kunai"}],"event_choices":[{"damage_healed":0,"gold_gain":150,"player_choice":"AGREE","damage_taken":64,"max_hp_gain":0,"max_hp_loss":0,"event_name":"betterThird:BetterSerpent","floor":12,"gold_loss":0},{"damage_healed":0,"gold_gain":0,"player_choice":"Forge","damage_taken":0,"max_hp_gain":0,"max_hp_loss":0,"event_name":"Accursed Blacksmith","floor":28,"gold_loss":0,"cards_upgraded":["Saiyan:LastResort"]},{"damage_healed":0,"gold_gain":0,"player_choice":"Gave Potion","damage_taken":0,"relics_obtained":["MawBank"],"max_hp_gain":0,"max_hp_loss":0,"event_name":"WeMeetAgain","floor":39,"gold_loss":0}],"is_beta":false,"boss_relics":[{"not_picked":["Painkiller Herb","Snecko Eye"],"picked":"Replay:Fungal Core"},{"not_picked":["hubris:RunicObelisk","hubris:Stopwatch"],"picked":"ReplayTheSpireMod:SealedPack"}],"items_purged_floors":[30,54],"is_endless":false,"potions_floor_spawned":[1,4,16,19,20,24,25,27,33,35,40,41,55],"ascension_level":20}}