{"host":"gndxudri6ebovps6","time":1610004734,"event":{"mods":["AchievementEnabler","Act Like it!","Aspiration","BaseMod","Better Altar","Better Match","Better Note","Better Sensory Stone","Better Skull","Better Vampires","BetterRewards","Block Reminder","GifTheSpireLib","Hubris","Infinite Spire","Marked Mod","Minty Spire (QoL Compilation)","Pale of the Ancients","Quick Restart","Replay The Spire","Shop Mod","Spicy Shops","Spikes Relics","StSLib","Stuff the Spire","The Cursed","The Judge","The Necromancer","everything is the same but u backflip on backflip","vexMod"],"gold_per_floor":[117,136,148,165,165,193,193,193,243,85,145,145,145,156,156,253,253,266,266,266,342,116,116,128,128,152,172,202,202,222,222,222,318,318,332,332,232,246,262,262,42,42,42,42,249,326,326,349,349,349,359,374,374,374,374,391,391,61,61,61,61],"floor_reached":60,"playtime":2579,"items_purged":[],"score":1130,"play_id":"4276d9e1-ce96-42bc-a919-03ed14604bb4","local_time":"20210107053214","is_ascension_mode":false,"campfire_choices":[{"data":"Mayhem","floor":7.0,"key":"SMITH"},{"data":"Cloudkill","floor":15.0,"key":"SMITH"},{"data":"Strike_from_Beyond","floor":23.0,"key":"SMITH"},{"data":"Uncharnel","floor":25.0,"key":"SMITH"},{"data":"Summon_Undead","floor":32.0,"key":"SMITH"},{"data":"Siphon_Strength","floor":40.0,"key":"SMITH"},{"data":"Summon_Death_Knight","floor":42.0,"key":"SMITH"},{"data":"Negative_Energy_Burst","floor":44.0,"key":"SMITH"},{"data":"Cloudkill","floor":47.0,"key":"SMITH"},{"data":"Necrotic_Claws","floor":49.0,"key":"SMITH"},{"data":"Grasp_Heart","floor":55,"key":"SMITH"},{"floor":57,"key":"REST"}],"circlet_count":0,"master_deck":["Strike_W+1","Strike_W+1","Strike_W+1","Defend_W+1","Defend_W+1","Defend_W+1","Negative_Energy_Arrows","Bone_Wall","Mayhem+1","PlatinumSkin","Bones_to_Steel","Toxic_Smoke_Screen","Negative_Energy_Burst+1","Siphon_Strength+1","Necrotic_Claws+1","Cloudkill+1","Uncharnel+1","Plague_Bolt","Summon_Death_Knight+1","Uncharnel+1","Summon_Undead+1","Strike_from_Beyond","Bone_Armor","Uncharnel","Life_Drain","Grasp_Heart+1","Bone_Spikes","Negative_Energy_Shield+1","Spectral_Walk+1","Cloudkill+1","Negative_Energy_Javelin","Strike_from_Beyond+1","Toxic_Smoke_Screen","Violent_Necrosis","Summon_Undead"],"relics":["Vampire_Amulet","SpikesRelics:DaevaFist","CaptainsWheel","infinitespire:Broken Mirror","MiniBlackHole","hubris:OldNail","aspiration:VileToxins","GiantMaggot","StuffTheSpire:Mouthbags","hubris:SlimyHat","Bottled Lightning","Omamori","Oddly Smooth Stone","hubris:Backtick","Snake Skull","Juzu Bracelet","StuffTheSpire:Saxophone","aspiration:HiddenCompartment","Iron Hammer","Ancient Tea Set","paleoftheancients:Timepiece","paleoftheancients:KeyRelic","Ice Cream","Bronze Scales","paleoftheancients:SoulOfTheShowman","Garlic","Shuriken"],"acts_visited":["Exordium","TheCity","TheBeyond","paleoftheancients:PaleOfTheAncients"],"potions_floor_usage":[56,60],"damage_taken":[{"damage":0.0,"enemies":"Cultist","floor":1.0,"turns":4.0},{"damage":6.0,"enemies":"Jaw Worm","floor":2.0,"turns":4.0},{"damage":0.0,"enemies":"2 Louse","floor":3.0,"turns":3.0},{"damage":4.0,"enemies":"Looter","floor":4.0,"turns":4.0},{"damage":4.0,"enemies":"Lagavulin","floor":6.0,"turns":8.0},{"damage":8.0,"enemies":"Gremlin Nob","floor":11.0,"turns":3.0},{"damage":4.0,"enemies":"3 Louse","floor":14.0,"turns":2.0},{"damage":2.0,"enemies":"Fading Forest","floor":16.0,"turns":11.0},{"damage":23.0,"enemies":"2 Thieves","floor":18.0,"turns":4.0},{"damage":2.0,"enemies":"Chosen","floor":24.0,"turns":3.0},{"damage":3.0,"enemies":"3 Cultists","floor":27.0,"turns":3.0},{"damage":17.0,"enemies":"Gremlin Leader","floor":28.0,"turns":5.0},{"damage":19.0,"enemies":"Cultist and Chosen","floor":30.0,"turns":5.0},{"damage":44.0,"enemies":"hubris:MusketHawk","floor":33.0,"turns":7.0},{"damage":6.0,"enemies":"3 Darklings","floor":35.0,"turns":5.0},{"damage":7.0,"enemies":"3 Shapes","floor":38.0,"turns":2.0},{"damage":7.0,"enemies":"Sphere and 2 Shapes","floor":39.0,"turns":4.0},{"damage":50.0,"enemies":"infinitespire:MassOfShapes","floor":50.0,"turns":7.0},{"damage":0.0,"enemies":"infinitespire:MassOfShapes","floor":51.0,"turns":6.0},{"damage":13,"enemies":"infinitespire:MassOfShapes","floor":52,"turns":5},{"damage":54,"enemies":"infinitespire:MassOfShapes","floor":56,"turns":5},{"damage":151,"enemies":"paleoftheancients:N","floor":60,"turns":9}],"seed_played":"6171162687666196498","potions_obtained":[{"floor":2.0,"key":"BlessingOfTheForge"},{"floor":6.0,"key":"SkillPotion"},{"floor":11.0,"key":"PowerPotion"},{"floor":14.0,"key":"Adrenaline Potion"},{"floor":16.0,"key":"Elixir"},{"floor":24.0,"key":"SteroidPotion"},{"floor":27.0,"key":"Dexterity Potion"},{"floor":30.0,"key":"Swift Potion"},{"floor":35.0,"key":"LiquidBronze"},{"floor":52,"key":"ColorlessPotion"}],"is_trial":false,"path_per_floor":["M","M","M","M","T","E","R","AVR","T","$","?","?","$","M","R","B",null,"M","?","?","T","$","R","M","R","T","M","E","AVR","M","?","R","B",null,"M","?","NS","M","M","R","$","R","T","R","?","T","R","T","R","B","M","M","?","T","R","M","R","$","?","B"],"character_chosen":"NECROMANCER","items_purchased":["SpikesRelics:DaevaFist","Strike_from_Beyond","Mayhem","Cloudkill","StuffTheSpire:Mouthbags","Summon_Undead","Juzu Bracelet","StuffTheSpire:Saxophone","Shuriken","Summon_Undead"],"campfire_rested":1,"item_purchase_floors":[0,0,0,10,22,22,41,41,58,58],"current_hp_per_floor":[55,51,55,53,53,51,51,51,51,51,45,45,45,47,47,75,75,56,56,56,56,56,56,56,56,56,59,50,50,47,47,47,11,75,75,75,75,74,72,72,72,72,72,72,72,72,72,72,72,75,75,64,64,64,64,18,40,40,40,0,0],"gold":61,"neow_bonus":"","is_daily":false,"chose_seed":false,"campfire_upgraded":11,"win_rate":0.0,"timestamp":1610004734,"path_taken":["M","?","M","?","?","E","R","AVR","T","?","?","?","$","M","R","BOSS","M","?","?","?","$","R","?","R","T","M","E","AVR","M","?","R","BOSS","M","?","NS","M","M","R","$","R","T","R","?","?","R","?","R","BOSS","M","M","?","T","R","M","R","$","?","BOSS"],"items_purchased_type":["Relic","Card","Card","Card","Relic","Card","Relic","Relic","Relic","Card"],"build_version":"2020-12-22","purchased_purges":0,"victory":false,"max_hp_per_floor":[75,75,75,75,75,75,75,75,75,75,75,75,75,75,75,75,75,75,75,75,75,75,75,75,75,75,75,75,75,75,75,75,75,75,75,75,75,75,75,75,75,75,75,75,75,75,75,75,75,75,75,75,75,75,75,75,75,75,75,75,75],"card_choices":[{"not_picked":["Consume_Illness","Blood_for_Blood"],"picked":"Bones_to_Steel","floor":1.0},{"not_picked":["Summon_Lich","Death_Coil"],"picked":"Toxic_Smoke_Screen","floor":2.0},{"not_picked":["Chill_Blood","Blood_Whip"],"picked":"Negative_Energy_Burst","floor":3.0},{"not_picked":["Death_Coil","Blood_Whip"],"picked":"Siphon_Strength","floor":4.0},{"not_picked":["Epidemic","Finger_Of_Death"],"picked":"Necrotic_Claws","floor":6.0},{"not_picked":["Vampiric_Strike","Bone_Shift"],"picked":"Uncharnel","floor":11.0},{"not_picked":["Negative_Energy_Mist","Grasp_Heart"],"picked":"Plague_Bolt","floor":14.0},{"not_picked":["Summon_Vampire_Lady","Requiem"],"picked":"Summon_Death_Knight","floor":16.0},{"not_picked":["Bone_Armor","Negative_Energy_Shield+1"],"picked":"Uncharnel","floor":18.0},{"not_picked":["Bones_to_Steel+1","Bone_Spikes"],"picked":"Strike_from_Beyond","floor":24.0},{"not_picked":["Shackles_Of_Pain","Vampiric_Strike"],"picked":"Bone_Armor","floor":27.0},{"not_picked":["Death_March_Dance","Shade_Step"],"picked":"Uncharnel","floor":28.0},{"not_picked":["Bones_to_Steel+1","Plague_Bolt"],"picked":"Life_Drain","floor":30.0},{"not_picked":["Reap_The_Weak","Skeleton_Dragon"],"picked":"Grasp_Heart","floor":33.0},{"not_picked":["Flesh_Made_Foul","Shackles_Of_Pain+1"],"picked":"Bone_Spikes","floor":35.0},{"not_picked":["Finger_Of_Death","Death_Coil+1"],"picked":"Negative_Energy_Shield+1","floor":38.0},{"not_picked":["Bone_Shift","Spectral_Armor"],"picked":"Spectral_Walk+1","floor":39.0},{"not_picked":["Toxic_Smoke_Screen","Bones_to_Steel"],"picked":"Cloudkill","floor":45.0},{"not_picked":["Shackles_Of_Pain","Bone_Spikes"],"picked":"Negative_Energy_Javelin","floor":51.0},{"not_picked":["Bone_Bullets+1","Negative_Energy_Burst+1"],"picked":"Toxic_Smoke_Screen","floor":52},{"not_picked":["Scare+1","Blood_Shield+1"],"picked":"Violent_Necrosis","floor":56}],"player_experience":479756,"relics_obtained":[{"floor":5.0,"key":"CaptainsWheel"},{"floor":6.0,"key":"infinitespire:Broken Mirror"},{"floor":9.0,"key":"hubris:OldNail"},{"floor":11.0,"key":"aspiration:VileToxins"},{"floor":21.0,"key":"GiantMaggot"},{"floor":26.0,"key":"hubris:SlimyHat"},{"floor":28.0,"key":"Bottled Lightning"},{"floor":43.0,"key":"aspiration:HiddenCompartment"},{"floor":46.0,"key":"Iron Hammer"},{"floor":48.0,"key":"Ancient Tea Set"},{"floor":51.0,"key":"paleoftheancients:SoulOfTheShowman"},{"floor":52,"key":"paleoftheancients:SoulOfTheIroncluck"},{"floor":54,"key":"Garlic"},{"floor":56,"key":"paleoftheancients:SoulOfTheDefect"}],"event_choices":[{"damage_healed":0.0,"max_hp_gain":0.0,"max_hp_loss":0.0,"gold_gain":0.0,"event_name":"Dead Adventurer","player_choice":"Searched \u00271\u0027 times","floor":11.0,"gold_loss":0.0,"damage_taken":0.0},{"damage_healed":0.0,"max_hp_gain":0.0,"max_hp_loss":0.0,"gold_gain":0.0,"event_name":"Living Wall","player_choice":"Grow","floor":12.0,"gold_loss":0.0,"damage_taken":0.0,"cards_upgraded":["Uncharnel"]},{"damage_healed":0.0,"max_hp_gain":0.0,"max_hp_loss":0.0,"gold_gain":0.0,"event_name":"betterNote:BetterNote","player_choice":"Ignored","floor":19.0,"gold_loss":0.0,"damage_taken":0.0,"cards_obtained":["Doubt"]},{"damage_healed":0.0,"max_hp_gain":0.0,"max_hp_loss":0.0,"gold_gain":0.0,"event_name":"Back to Basics","player_choice":"Simplicity","floor":20.0,"gold_loss":0.0,"damage_taken":0.0,"cards_upgraded":["Strike_W","Strike_W","Strike_W","Strike_W","Defend_W","Defend_W","Defend_W","Defend_W"]},{"damage_healed":0.0,"max_hp_gain":0.0,"max_hp_loss":0.0,"gold_gain":0.0,"event_name":"The Mausoleum","player_choice":"Opened","floor":31.0,"gold_loss":0.0,"damage_taken":0.0,"relics_obtained":["Oddly Smooth Stone"],"cards_obtained":["Writhe"]},{"damage_healed":0.0,"max_hp_gain":0.0,"max_hp_loss":0.0,"gold_gain":0.0,"event_name":"Transmorgrifier","player_choice":"Ignored","floor":36.0,"gold_loss":0.0,"damage_taken":0.0}],"is_beta":false,"boss_relics":[{"not_picked":["vexMod:FluxCapacitor","hubris:BlackHole","Runic Dome"]},{"not_picked":["Philosopher\u0027s Stone","Honey Jar"],"picked":"hubris:Backtick"}],"items_purged_floors":[],"is_endless":false,"potions_floor_spawned":[2,6,11,14,16,24,27,30,35,52],"killed_by":"paleoftheancients:N","ascension_level":0}}