{"host":"minw3mmpo4s8ujtp","time":1610003858,"event":{"mods":["A Magickal Journey","BaseMod","Bestiary","ChefMod","Hermit","Minty Spire (QoL Compilation)","Quick Restart","Relic Stats","Shade Mod","StSLib","The Necromancer","The Runesmith","TheHero","Treasure Hunter"],"gold_per_floor":[113,113,131,22,41,71,84,84,111,111,21,21,21,37,37,142,142,153,153,40,40,50,50,50,50,50,50,67,144,162,174,174,174,174],"floor_reached":33,"playtime":3870,"items_purged":[],"score":245,"play_id":"a84e9fd6-ffc0-4cb3-b01f-5b1cad5e6066","local_time":"20210107021738","is_ascension_mode":false,"campfire_choices":[{"data":"Runesmith:Firestorm","floor":8,"key":"SMITH"},{"floor":13,"key":"REST"},{"data":"Runesmith:LithiumIon","floor":15,"key":"SMITH"},{"data":"Runesmith:RunicBlueprint","floor":23,"key":"SMITH"},{"floor":25,"key":"REST"},{"data":"Runesmith:RunicBlueprint","floor":32,"key":"SMITH"}],"circlet_count":0,"master_deck":["Runesmith:Strike_RS+1","Runesmith:Strike_RS+1","Runesmith:Strike_RS+1","Runesmith:Strike_RS+1","Runesmith:Defend_RS+1","Runesmith:Defend_RS+1","Runesmith:Defend_RS+1","Runesmith:Defend_RS+1","Runesmith:CraftFirestone+1","Runesmith:Fortify","Runesmith:RuneHurl","Runesmith:RuneHurl","Runesmith:Firestorm+1","Runesmith:Discharge","Runesmith:ChiselStab","Runesmith:CraftReservo","Runesmith:Fortify","Runesmith:LithiumIon+1","Runesmith:RuneHurl","Runesmith:CraftProtectio","Runesmith:FissionHammer","Runesmith:ChargedHammer","Runesmith:PerfectChisel","Runesmith:RunicBlueprint+1","Runesmith:RunicBlueprint+1","Runesmith:LithiumIon","Runesmith:HeatedChisel+1","Runesmith:Accelerate","Runesmith:Attraction","Runesmith:CraftMagma"],"relics":["Runesmith:BrokenRuby","Tiny Chest","Smiling Mask","Nunchaku","The Courier","Runic Pyramid","Shuriken","Darkstone Periapt"],"acts_visited":["Exordium","TheCity"],"potions_floor_usage":[16,22,22,30,31],"damage_taken":[{"damage":2.0,"enemies":"Jaw Worm","floor":1.0,"turns":3.0},{"damage":0.0,"enemies":"Cultist","floor":3.0,"turns":3.0},{"damage":0,"enemies":"Small Slimes","floor":5,"turns":2},{"damage":2,"enemies":"Lagavulin","floor":6,"turns":5},{"damage":3,"enemies":"Looter","floor":7,"turns":2},{"damage":16,"enemies":"Large Slime","floor":14,"turns":4},{"damage":11,"enemies":"The Guardian","floor":16,"turns":14},{"damage":20,"enemies":"Spheric Guardian","floor":18,"turns":6},{"damage":13,"enemies":"3 Byrds","floor":22,"turns":6},{"damage":13,"enemies":"3 Cultists","floor":28,"turns":6},{"damage":22,"enemies":"Snake Plant","floor":30,"turns":4},{"damage":6,"enemies":"Shelled Parasite and Fungi","floor":31,"turns":4},{"damage":21,"enemies":"Champ","floor":33,"turns":15}],"seed_played":"3641188903153037888","potions_obtained":[{"floor":6,"key":"DistilledChaos"},{"floor":14,"key":"Energy Potion"},{"floor":16,"key":"DistilledChaos"},{"floor":28,"key":"CultistPotion"},{"floor":30,"key":"Block Potion"}],"is_trial":false,"path_per_floor":["M","?","M","$","M","E","M","R","T","?","$","T","R","M","R","B",null,"M","?","$","?","M","R","$","R","T","?","M","T","M","M","R","B"],"character_chosen":"RUNESMITH_CLASS","items_purchased":["Runesmith:Firestorm","Runesmith:Discharge","Runesmith:LithiumIon","Runesmith:RuneHurl","Runesmith:RunicBlueprint","Runesmith:LithiumIon"],"campfire_rested":2,"item_purchase_floors":[4,4,11,11,20,20],"current_hp_per_floor":[68,68,68,68,68,66,63,63,63,63,63,63,70,54,54,43,70,50,50,50,50,37,37,37,58,58,58,45,45,23,17,17,0,0],"gold":174,"neow_bonus":"RANDOM_COMMON_RELIC","is_daily":false,"chose_seed":false,"campfire_upgraded":4,"win_rate":0.0,"timestamp":1610003858,"path_taken":["M","?","M","$","?","E","M","R","T","?","$","?","R","M","R","BOSS","M","?","$","?","M","R","$","R","T","?","M","?","M","M","R","BOSS"],"items_purchased_type":["Card","Card","Card","Card","Card","Card"],"build_version":"2020-12-22","purchased_purges":0,"victory":false,"max_hp_per_floor":[70,70,70,70,70,70,70,70,70,70,70,70,70,70,70,70,70,70,70,70,70,70,70,70,70,70,70,70,70,70,70,70,70,70],"relic_stats":{"Darkstone Periapt":0,"Nunchaku":[11],"counters":[13,74],"Shuriken":[8],"Tiny Chest":2,"Smiling Mask":0,"obtain_stats":[{"Darkstone Periapt":29,"Runesmith:BrokenRuby":0,"Nunchaku":9,"Shuriken":26,"Tiny Chest":0,"The Courier":12,"Smiling Mask":6,"Runic Pyramid":17},{"Darkstone Periapt":10,"Runesmith:BrokenRuby":0,"Nunchaku":5,"Shuriken":9,"Tiny Chest":0,"The Courier":5,"Smiling Mask":4,"Runic Pyramid":7},{"Darkstone Periapt":51,"Runesmith:BrokenRuby":0,"Nunchaku":15,"Shuriken":45,"Tiny Chest":0,"The Courier":15,"Smiling Mask":13,"Runic Pyramid":33}]},"card_choices":[{"not_picked":["Runesmith:Overpower","Runesmith:CraftProtectio"],"picked":"Runesmith:RuneHurl","floor":1.0},{"not_picked":["Runesmith:UnstableHammer","Runesmith:Overpower"],"picked":"Runesmith:RuneHurl","floor":3.0},{"not_picked":["Runesmith:BackupBattery","Runesmith:Overpower"],"picked":"Runesmith:ChiselStab","floor":5},{"not_picked":["Runesmith:BackupBattery","Runesmith:Empowerment"],"picked":"Runesmith:OneForEveryone","floor":6},{"not_picked":["TH:TreasureMap","TH:Mimic"],"picked":"SKIP","floor":6},{"not_picked":["Runesmith:UnstableHammer","Runesmith:Duplicate"],"picked":"Runesmith:CraftReservo","floor":7},{"not_picked":["TH:EnergyPotion","TH:ElvenBoots"],"picked":"SKIP","floor":9},{"not_picked":["TH:TreasureMap","TH:Mimic"],"picked":"SKIP","floor":12},{"not_picked":["Runesmith:ChaoticBlast","Runesmith:HeatExchange"],"picked":"Runesmith:CraftProtectio","floor":14},{"not_picked":["Runesmith:MetallurgicalResearch","Runesmith:CraftMedicinae"],"picked":"Runesmith:FissionHammer","floor":16},{"not_picked":["Runesmith:Permafrost","Runesmith:ChiselStab"],"picked":"Runesmith:ChargedHammer","floor":18},{"not_picked":["Runesmith:HeatExchange","Runesmith:ChiselStab"],"picked":"Runesmith:HeatedChisel+1","floor":22},{"not_picked":["TH:EnergyPotion","TH:CursedSword"],"picked":"SKIP","floor":26},{"not_picked":["Runesmith:Overpower","Runesmith:StaticCage"],"picked":"Runesmith:Accelerate","floor":28},{"not_picked":["TH:PixieDust","TH:CursedSword"],"picked":"SKIP","floor":29},{"not_picked":["Runesmith:HammerThrow+1","Runesmith:LastStand"],"picked":"Runesmith:Attraction","floor":30},{"not_picked":["Runesmith:MakeshiftArmor","Runesmith:CraftObretio+1"],"picked":"Runesmith:CraftMagma","floor":31}],"player_experience":216543,"relics_obtained":[{"floor":6,"key":"Smiling Mask"},{"floor":9,"key":"Nunchaku"},{"floor":12,"key":"The Courier"},{"floor":26,"key":"Shuriken"},{"floor":29,"key":"Darkstone Periapt"}],"event_choices":[{"damage_healed":0.0,"max_hp_gain":0.0,"max_hp_loss":0.0,"gold_gain":0.0,"event_name":"Accursed Blacksmith","player_choice":"Forge","floor":2.0,"gold_loss":0.0,"damage_taken":0.0,"cards_upgraded":["Runesmith:CraftFirestone"]},{"damage_healed":0,"gold_gain":0,"player_choice":"2 cards matched","damage_taken":0,"max_hp_gain":0,"max_hp_loss":0,"event_name":"Match and Keep!","floor":10,"gold_loss":0,"cards_obtained":["Runesmith:Fortify","Runesmith:FieryHammer"]},{"damage_healed":0,"gold_gain":0,"cards_transformed":["Runesmith:FieryHammer","Runesmith:OneForEveryone"],"player_choice":"Became Test Subject","damage_taken":0,"max_hp_gain":0,"max_hp_loss":0,"event_name":"Drug Dealer","floor":19,"gold_loss":0,"cards_obtained":["Runesmith:PerfectChisel","Runesmith:RunicBlueprint"]},{"damage_healed":0,"gold_gain":0,"player_choice":"Ignored","damage_taken":0,"max_hp_gain":0,"max_hp_loss":0,"event_name":"Ghosts","floor":21,"gold_loss":0},{"damage_healed":0,"gold_gain":0,"player_choice":"Simplicity","damage_taken":0,"max_hp_gain":0,"max_hp_loss":0,"event_name":"Back to Basics","floor":27,"gold_loss":0,"cards_upgraded":["Runesmith:Strike_RS","Runesmith:Strike_RS","Runesmith:Strike_RS","Runesmith:Strike_RS","Runesmith:Defend_RS","Runesmith:Defend_RS","Runesmith:Defend_RS","Runesmith:Defend_RS"]}],"is_beta":false,"boss_relics":[{"not_picked":["SlaversCollar","Tiny House"],"picked":"Runic Pyramid"}],"items_purged_floors":[],"is_endless":false,"potions_floor_spawned":[6,14,16,28,30],"killed_by":"Champ","ascension_level":0}}