{"host":"tw7a6rmo9h75ssrt","time":1610021542,"event":{"mods":["AchievementEnabler","Act Like it!","BaseMod","Colored Map","Highlight Path","Minty Spire (QoL Compilation)","Permanent Neow","Quick Restart","Relic Stats","SuperFastMode"],"gold_per_floor":[111,36,36,36,52,52,87,87,87,99,124,136,148,171,183,290,302,302],"floor_reached":17,"playtime":673,"items_purged":["Strike_R"],"score":285,"play_id":"b02ff25e-2e78-423c-84a7-2ecc5bdff5d1","local_time":"20210107201222","is_ascension_mode":true,"campfire_choices":[{"data":"Bash","floor":6,"key":"SMITH"},{"data":"Cleave","floor":8,"key":"SMITH"},{"data":"Sword Boomerang","floor":10,"key":"SMITH"},{"data":"Searing Blow","floor":13,"key":"SMITH"},{"data":"Searing Blow+1","floor":15,"key":"SMITH"}],"circlet_count":0,"master_deck":["AscendersBane","Strike_R","Strike_R","Strike_R","Strike_R","Defend_R","Defend_R","Defend_R","Defend_R","Bash+1","Cleave+1","Sword Boomerang+1","Searing Blow+2","Brutality"],"relics":["Burning Blood","NeowsBlessing","Blood Vial","MawBank","Ectoplasm"],"acts_visited":["Exordium","TheCity"],"potions_floor_usage":[16],"damage_taken":[{"damage":0.0,"enemies":"Small Slimes","floor":1.0,"turns":1.0},{"damage":0,"enemies":"Jaw Worm","floor":5,"turns":1},{"damage":0,"enemies":"3 Sentries","floor":7,"turns":1},{"damage":9,"enemies":"2 Louse","floor":11,"turns":3},{"damage":22,"enemies":"Lots of Slimes","floor":14,"turns":3},{"damage":76,"enemies":"The Guardian","floor":16,"turns":11}],"seed_played":"8779304414716608905","potions_obtained":[{"floor":1.0,"key":"Regen Potion"},{"floor":16,"key":"SteroidPotion"}],"is_trial":false,"path_per_floor":["M","$","?","?","M","R","E","R","T","R","M","?","R","M","R","B",null],"character_chosen":"IRONCLAD","items_purchased":[],"campfire_rested":0,"item_purchase_floors":[],"current_hp_per_floor":[78,78,78,78,80,80,80,80,80,80,77,82,82,68,68,15,68,68],"gold":302,"neow_bonus":"THREE_ENEMY_KILL","is_daily":false,"chose_seed":false,"campfire_upgraded":5,"win_rate":0.0,"timestamp":1610021542,"path_taken":["M","$","?","?","M","R","E","R","T","R","M","?","R","M","R","BOSS"],"items_purchased_type":[],"build_version":"2020-12-22","purchased_purges":1,"victory":false,"max_hp_per_floor":[80,80,80,80,80,80,80,80,80,80,80,85,85,85,85,85,85,85],"relic_stats":{"Blood Vial":4,"counters":[6,20],"Ectoplasm":0,"MawBank":96,"obtain_stats":[{"Blood Vial":7,"NeowsBlessing":0,"Ectoplasm":17,"MawBank":9,"Burning Blood":0},{"Blood Vial":3,"NeowsBlessing":0,"Ectoplasm":6,"MawBank":3,"Burning Blood":0},{"Blood Vial":3,"NeowsBlessing":0,"Ectoplasm":20,"MawBank":3,"Burning Blood":0}],"Burning Blood":26},"card_choices":[{"not_picked":["Whirlwind","Flex"],"picked":"Cleave","floor":1.0},{"not_picked":["Anger","Dark Embrace"],"picked":"Sword Boomerang","floor":5},{"not_picked":["Wild Strike","Dark Embrace","Clothesline"],"picked":"SKIP","floor":7},{"not_picked":["Anger","Wild Strike"],"picked":"Searing Blow","floor":11},{"not_picked":["Spot Weakness","Carnage","Shrug It Off"],"picked":"SKIP","floor":14},{"not_picked":["Bludgeon","Berserk"],"picked":"Brutality","floor":16}],"player_experience":81006,"relics_obtained":[{"floor":7,"key":"Blood Vial"},{"floor":9,"key":"MawBank"}],"event_choices":[{"damage_healed":0.0,"max_hp_gain":0.0,"max_hp_loss":0.0,"gold_gain":0.0,"event_name":"Liars Game","player_choice":"Ignored","floor":3.0,"gold_loss":0.0,"damage_taken":0.0},{"damage_healed":0,"gold_gain":0,"player_choice":"Ignored","damage_taken":0,"max_hp_gain":0,"max_hp_loss":0,"event_name":"Shining Light","floor":4,"gold_loss":0},{"damage_healed":0,"gold_gain":0,"player_choice":"Donut","damage_taken":0,"max_hp_gain":5,"max_hp_loss":0,"event_name":"Big Fish","floor":12,"gold_loss":0}],"is_beta":false,"boss_relics":[{"not_picked":["Snecko Eye","Black Star"],"picked":"Ectoplasm"}],"items_purged_floors":[2],"is_endless":false,"potions_floor_spawned":[1,16],"ascension_level":12}}