{"host":"yiit85oc4oi3nqs8","time":1610034396,"event":{"mods":["AchievementEnabler","BaseMod","Better Third Choice","Block Reminder","DeckTracker","Highlight Path","Keyboard Shortcuts","Minty Spire (QoL Compilation)","MonsterHotkey","Quick Restart","Random Character Button","Relic Stats","StSLib"],"gold_per_floor":[112,287,212,29,29,29,29,29,55,55,5,35,47,59,71,110,122,134,158,170,182,46,46,74,74,100,100,100,100,199,199,217,229,229,144,144,144,81,6,6,339,339,365,378,402,402,435,197,97,115,40,67,67,98,98,98,200,200,218,218,229,245,245,245,263,263,263,298,298,298,298,298,327,94,94,94,94,114,114,114,114,114,114,114,114,39,39,68,68],"floor_reached":90,"playtime":4167,"items_purged":["Doubt","Strike_P","Strike_P","Strike_P","Defend_P","Eruption+1","Defend_P+1"],"score":2702,"play_id":"d12f8d7f-aabb-4a04-aae9-68fe9e97354a","local_time":"20210108004636","is_ascension_mode":true,"campfire_choices":[{"data":"PathToVictory","floor":8,"key":"SMITH"},{"data":"PathToVictory","floor":10,"key":"SMITH"},{"data":"PathToVictory","floor":13,"key":"SMITH"},{"data":"Vigilance","floor":14,"key":"SMITH"},{"data":"Eruption","floor":17,"key":"SMITH"},{"data":"Defend_P","floor":18,"key":"SMITH"},{"data":"Perseverance","floor":27,"key":"SMITH"},{"data":"SpiritShield","floor":28,"key":"SMITH"},{"data":"Defend_P","floor":29,"key":"SMITH"},{"data":"DevaForm","floor":40,"key":"SMITH"},{"data":"LikeWater","floor":42,"key":"SMITH"},{"data":"FlurryOfBlows","floor":55,"key":"SMITH"},{"floor":56,"key":"RECALL"},{"data":"Madness","floor":66,"key":"SMITH"},{"data":"Madness","floor":67,"key":"SMITH"},{"data":"1","floor":69,"key":"LIFT"},{"floor":70,"key":"REST"},{"data":"2","floor":76,"key":"LIFT"},{"data":"3","floor":77,"key":"LIFT"},{"floor":81,"key":"REST"},{"floor":82,"key":"REST"},{"floor":85,"key":"REST"}],"circlet_count":0,"master_deck":["Defend_P+1","Vigilance+1","PathToVictory+1","PathToVictory+1","PathToVictory+1","Perseverance+1","SpiritShield+1","DevaForm+1","LikeWater+1","EmptyMind+1","Sanctity+1","Madness+1","Madness+1"],"relics":["PureWater","NeowsBlessing","Medical Kit","Lantern","MawBank","Ornamental Fan","Vajra","Membership Card","Letter Opener","MealTicket","HornCleat","Centennial Puzzle","VioletLotus","Nilry\u0027s Codex","Pocketwatch","Old Coin","Toy Ornithopter","Pen Nib","Anchor","Girya","TungstenRod","Gambling Chip","Yang","Snecko Eye","Bag of Marbles","Bottled Lightning","Mummified Hand","Eternal Feather","Blue Candle","Art of War","Ginger"],"acts_visited":["Exordium","TheCity","TheBeyond","TheEnding"],"potions_floor_usage":[32,43,54,88,89],"damage_taken":[{"damage":0,"enemies":"Cultist","floor":1,"turns":1},{"damage":0,"enemies":"3 Sentries","floor":9,"turns":2},{"damage":0,"enemies":"Gremlin Nob","floor":12,"turns":1},{"damage":0,"enemies":"Small Slimes","floor":19,"turns":3},{"damage":8,"enemies":"Lagavulin","floor":24,"turns":4},{"damage":0,"enemies":"3 Sentries","floor":26,"turns":6},{"damage":0,"enemies":"Slime Boss","floor":30,"turns":7},{"damage":0,"enemies":"2 Thieves","floor":32,"turns":4},{"damage":4,"enemies":"3 Byrds","floor":33,"turns":4},{"damage":6,"enemies":"Book of Stabbing","floor":41,"turns":5},{"damage":17,"enemies":"Slavers","floor":43,"turns":5},{"damage":0,"enemies":"Cultist and Chosen","floor":44,"turns":6},{"damage":0,"enemies":"Gremlin Leader","floor":47,"turns":6},{"damage":0,"enemies":"Snecko","floor":50,"turns":4},{"damage":0,"enemies":"Slavers","floor":52,"turns":5},{"damage":0,"enemies":"Gremlin Leader","floor":54,"turns":4},{"damage":0,"enemies":"Automaton","floor":57,"turns":7},{"damage":0,"enemies":"3 Shapes","floor":59,"turns":3},{"damage":0,"enemies":"Orb Walker","floor":61,"turns":3},{"damage":0,"enemies":"Writhing Mass","floor":62,"turns":2},{"damage":0,"enemies":"Spire Growth","floor":65,"turns":3},{"damage":0,"enemies":"Giant Head","floor":68,"turns":6},{"damage":0,"enemies":"Nemesis","floor":73,"turns":3},{"damage":0,"enemies":"Sphere and 2 Shapes","floor":78,"turns":3},{"damage":0,"enemies":"Time Eater","floor":83,"turns":5},{"damage":0,"enemies":"Shield and Spear","floor":88,"turns":3},{"damage":35,"enemies":"The Heart","floor":89,"turns":5}],"seed_played":"5090694698191067586","potions_obtained":[{"floor":1,"key":"EssenceOfSteel"},{"floor":26,"key":"Regen Potion"},{"floor":30,"key":"Fire Potion"},{"floor":32,"key":"Energy Potion"},{"floor":44,"key":"SteroidPotion"},{"floor":54,"key":"AttackPotion"},{"floor":73,"key":"Swift Potion"},{"floor":78,"key":"Energy Potion"}],"is_trial":false,"path_per_floor":["M","?","$","$","?","$","$","R","E","R","$","E","R","R","T","T","R","R","M","?","?","$","T","E","?","E","R","R","R","B",null,"M","M","?","$","?","?","$","$","R","E","R","E","M","T","T","E","$","$","M","?","E","?","E","R","R","B",null,"M","?","M","M","?","?","M","R","R","E","R","R","T","T","E","$","?","R","R","M","$","$","R","R","B",null,"R","$","$","E","B",null],"character_chosen":"WATCHER","items_purchased":["PathToVictory","Medical Kit","PathToVictory","Membership Card","LikeWater","TungstenRod","Blue Candle","Art of War"],"campfire_rested":4,"item_purchase_floors":[4,4,11,22,35,48,74,86],"current_hp_per_floor":[65,65,65,65,58,58,58,58,58,58,58,58,58,58,58,58,58,58,58,58,58,58,58,50,50,50,50,50,50,50,67,67,63,63,72,56,56,71,72,72,66,66,63,63,63,63,63,72,72,72,72,72,72,72,72,72,72,72,72,72,72,72,64,64,64,64,64,64,64,72,72,72,72,72,72,72,72,72,72,72,72,72,72,72,72,72,72,72,37],"gold":68,"neow_bonus":"THREE_ENEMY_KILL","is_daily":false,"chose_seed":false,"campfire_upgraded":14,"win_rate":0.0,"timestamp":1610034396,"path_taken":["M","?","$","$","?","$","$","R","E","R","?","E","R","R","T","T","R","R","?","?","?","?","?","E","?","E","R","R","R","BOSS","M","M","?","$","?","?","$","$","R","E","R","E","M","T","T","E","$","$","M","?","E","?","E","R","R","BOSS","M","?","M","M","?","?","M","R","R","E","R","R","T","T","E","?","?","R","R","M","$","$","R","R","BOSS","R","$","$","E","BOSS"],"items_purchased_type":["Card","Relic","Card","Relic","Card","Relic","Relic","Relic"],"build_version":"2020-12-22","purchased_purges":7,"victory":true,"max_hp_per_floor":[72,72,72,72,72,72,72,72,72,72,72,72,72,72,72,72,72,72,72,72,72,72,72,72,72,72,72,72,72,72,72,72,72,72,72,72,72,72,72,72,72,72,72,72,72,72,72,72,72,72,72,72,72,72,72,72,72,72,72,72,72,72,72,72,72,72,72,72,72,72,72,72,72,72,72,72,72,72,72,72,72,72,72,72,72,72,72,72,72],"relic_stats":{"counters":[27,110],"Blue Candle":[0],"Yang":[6],"Eternal Feather":0,"Pen Nib":[1],"Letter Opener":[603],"Ginger":[2],"Medical Kit":[22],"MawBank":120,"Centennial Puzzle":[12],"Ornamental Fan":[4],"Mummified Hand":[14],"Gambling Chip":[27],"Snecko Eye":[91,91,90,82],"MealTicket":34,"VioletLotus":[19],"Art of War":[6],"obtain_stats":[{"Lantern":9,"Nilry\u0027s Codex":36,"Vajra":21,"Yang":54,"Ginger":88,"Old Coin":41,"Centennial Puzzle":26,"HornCleat":25,"Mummified Hand":72,"Gambling Chip":52,"MealTicket":24,"VioletLotus":31,"Girya":47,"NeowsBlessing":0,"Blue Candle":74,"Eternal Feather":73,"Pen Nib":45,"Letter Opener":23,"Medical Kit":4,"MawBank":12,"Anchor":46,"Ornamental Fan":15,"Snecko Eye":58,"Bag of Marbles":68,"Art of War":86,"Membership Card":22,"Bottled Lightning":71,"PureWater":0,"Toy Ornithopter":43,"TungstenRod":48,"Pocketwatch":37},{"Lantern":2,"Nilry\u0027s Codex":9,"Vajra":4,"Yang":16,"Ginger":26,"Old Coin":10,"Centennial Puzzle":6,"HornCleat":5,"Mummified Hand":22,"Gambling Chip":15,"MealTicket":5,"VioletLotus":7,"Girya":13,"NeowsBlessing":0,"Blue Candle":23,"Eternal Feather":23,"Pen Nib":12,"Letter Opener":4,"Medical Kit":1,"MawBank":3,"Anchor":12,"Ornamental Fan":3,"Snecko Eye":17,"Bag of Marbles":22,"Art of War":25,"Membership Card":4,"Bottled Lightning":22,"PureWater":0,"Toy Ornithopter":11,"TungstenRod":13,"Pocketwatch":9},{"Lantern":3,"Nilry\u0027s Codex":32,"Vajra":7,"Yang":67,"Ginger":105,"Old Coin":37,"Centennial Puzzle":17,"HornCleat":11,"Mummified Hand":91,"Gambling Chip":63,"MealTicket":11,"VioletLotus":24,"Girya":54,"NeowsBlessing":0,"Blue Candle":94,"Eternal Feather":94,"Pen Nib":48,"Letter Opener":7,"Medical Kit":1,"MawBank":4,"Anchor":48,"Ornamental Fan":4,"Snecko Eye":74,"Bag of Marbles":91,"Art of War":102,"Membership Card":7,"Bottled Lightning":91,"PureWater":0,"Toy Ornithopter":42,"TungstenRod":54,"Pocketwatch":32}],"Toy Ornithopter":0,"TungstenRod":2,"Pocketwatch":[27]},"card_choices":[{"not_picked":["Collect","FollowUp"],"picked":"FlurryOfBlows","floor":1},{"not_picked":["ThirdEye","BowlingBash"],"picked":"PathToVictory","floor":9},{"not_picked":["ConjureBlade","ClearTheMind","JustLucky"],"picked":"SKIP","floor":12},{"not_picked":["DeceiveReality","EmptyBody"],"picked":"Perseverance","floor":19},{"not_picked":["Nirvana","CrushJoints","Protect"],"picked":"SKIP","floor":24},{"not_picked":["JustLucky","EmptyBody"],"picked":"SpiritShield","floor":26},{"not_picked":["Alpha","MasterReality"],"picked":"DevaForm","floor":30},{"not_picked":["Crescendo+1","Nirvana","ClearTheMind"],"picked":"SKIP","floor":32},{"not_picked":["Adaptation","EmptyFist","FollowUp"],"picked":"SKIP","floor":33},{"not_picked":["Halt","JustLucky","Devotion"],"picked":"SKIP","floor":41},{"not_picked":["Evaluate","PathToVictory+1"],"picked":"EmptyMind+1","floor":43},{"not_picked":["PathToVictory","Crescendo"],"picked":"Sanctity+1","floor":44},{"not_picked":["LessonLearned","MentalFortress","Evaluate"],"picked":"SKIP","floor":47},{"not_picked":["EmptyBody","CutThroughFate","Crescendo"],"picked":"SKIP","floor":50},{"not_picked":["Crescendo","Collect","Conclude"],"picked":"SKIP","floor":52},{"not_picked":["Halt+1","CrushJoints","PathToVictory"],"picked":"SKIP","floor":54},{"not_picked":["FlyingSleeves","EmptyBody","CutThroughFate"],"picked":"SKIP","floor":59},{"not_picked":["Halt","CrushJoints","Prostrate"],"picked":"SKIP","floor":61},{"not_picked":["FlyingSleeves+1","BowlingBash","Pray+1"],"picked":"SKIP","floor":62},{"not_picked":["BowlingBash+1","ThirdEye+1","PathToVictory+1"],"picked":"SKIP","floor":65},{"not_picked":["FollowUp+1","WreathOfFlame+1","Halt+1"],"picked":"SKIP","floor":68},{"not_picked":["DeceiveReality+1","Protect","Adaptation"],"picked":"SKIP","floor":73},{"not_picked":["FlyingSleeves+1","SpiritShield","Evaluate"],"picked":"SKIP","floor":78},{"not_picked":["EmptyFist","FlyingSleeves+1","WreathOfFlame+1"],"picked":"SKIP","floor":88}],"player_experience":504773,"relics_obtained":[{"floor":9,"key":"Lantern"},{"floor":12,"key":"MawBank"},{"floor":15,"key":"Ornamental Fan"},{"floor":23,"key":"Letter Opener"},{"floor":24,"key":"MealTicket"},{"floor":25,"key":"HornCleat"},{"floor":26,"key":"Centennial Puzzle"},{"floor":36,"key":"Nilry\u0027s Codex"},{"floor":41,"key":"Old Coin"},{"floor":43,"key":"Toy Ornithopter"},{"floor":45,"key":"Pen Nib"},{"floor":46,"key":"Anchor"},{"floor":47,"key":"Girya"},{"floor":52,"key":"Gambling Chip"},{"floor":54,"key":"Yang"},{"floor":68,"key":"Bag of Marbles"},{"floor":71,"key":"Bottled Lightning"},{"floor":72,"key":"Mummified Hand"},{"floor":73,"key":"Eternal Feather"},{"floor":88,"key":"Ginger"}],"event_choices":[{"damage_healed":0,"gold_gain":175,"player_choice":"AGREE","damage_taken":112,"max_hp_gain":0,"max_hp_loss":0,"event_name":"betterThird:BetterSerpent","floor":2,"gold_loss":0},{"cards_removed":["Strike_P"],"damage_healed":0,"gold_gain":0,"player_choice":"Card Removal","damage_taken":7,"max_hp_gain":0,"max_hp_loss":0,"event_name":"Golden Wing","floor":5,"gold_loss":0},{"damage_healed":0,"gold_gain":0,"player_choice":"Searched \u00272\u0027 times","damage_taken":0,"relics_obtained":["Vajra"],"max_hp_gain":0,"max_hp_loss":0,"event_name":"Dead Adventurer","floor":21,"gold_loss":0},{"damage_healed":0,"gold_gain":0,"player_choice":"Ignored","damage_taken":0,"max_hp_gain":0,"max_hp_loss":0,"event_name":"Vampires","floor":34,"gold_loss":0},{"damage_healed":0,"gold_gain":0,"player_choice":"Obtained Book","damage_taken":16,"max_hp_gain":0,"max_hp_loss":0,"event_name":"Cursed Tome","floor":36,"gold_loss":0},{"damage_healed":0,"gold_gain":0,"player_choice":"Opened","damage_taken":0,"relics_obtained":["Pocketwatch"],"max_hp_gain":0,"max_hp_loss":0,"event_name":"The Mausoleum","floor":37,"gold_loss":0},{"cards_removed":["Defend_P"],"damage_healed":0,"gold_gain":0,"player_choice":"Gave Gold","damage_taken":0,"max_hp_gain":0,"max_hp_loss":0,"event_name":"Beggar","floor":51,"gold_loss":75},{"damage_healed":0,"gold_gain":0,"player_choice":"Ignored","damage_taken":0,"max_hp_gain":0,"max_hp_loss":0,"event_name":"Ghosts","floor":53,"gold_loss":0},{"cards_removed":["FlurryOfBlows"],"damage_healed":0,"gold_gain":0,"player_choice":"Removed Attack","damage_taken":0,"max_hp_gain":0,"max_hp_loss":0,"event_name":"Falling","floor":60,"gold_loss":0},{"damage_healed":0,"gold_gain":0,"player_choice":"Embrace Madness","damage_taken":9,"max_hp_gain":0,"max_hp_loss":0,"event_name":"Winding Halls","floor":63,"gold_loss":0,"cards_obtained":["Madness","Madness"]},{"damage_healed":0,"gold_gain":0,"player_choice":"Memory 1","damage_taken":0,"max_hp_gain":0,"max_hp_loss":0,"event_name":"SensoryStone","floor":64,"gold_loss":0}],"is_beta":false,"boss_relics":[{"not_picked":["Calling Bell","Ectoplasm"],"picked":"VioletLotus"},{"not_picked":["Busted Crown","Black Star"],"picked":"Snecko Eye"}],"items_purged_floors":[3,35,38,39,48,49,74],"is_endless":false,"potions_floor_spawned":[1,26,30,32,33,44,52,54,59,73,78],"ascension_level":9}}