{"host":"3ykswgue17e1ycc2","time":1610033512,"event":{"mods":["BaseMod","Colored Powertips","Dark Map","Minty Spire (QoL Compilation)","Quick Restart","Rare Cards Sparkle","StSLib"],"gold_per_floor":[115,125,139,150,164,164,191,191,218,243,258,258,258,219,219,320,320,332,100,100,115,142,142,42,72,152,172,199,74,87,98,98,195,195,205,205,257,257,257,257,288,306,377,83,93,105,155,175,175,175,175,175,0,26,26,26],"floor_reached":55,"playtime":2775,"items_purged":["Strike_R","Normality","Decay","Decay","Injury"],"score":1036,"play_id":"a090c0c4-1376-4621-868b-cce65aa935e4","local_time":"20210107223152","is_ascension_mode":true,"campfire_choices":[{"data":"Bash","floor":6,"key":"SMITH"},{"data":"Limit Break","floor":12,"key":"SMITH"},{"floor":15,"key":"REST"},{"data":"Offering","floor":23,"key":"SMITH"},{"data":"Sword Boomerang","floor":32,"key":"SMITH"},{"data":"Flame Barrier","floor":40,"key":"SMITH"},{"floor":49,"key":"RECALL"},{"floor":52,"key":"REST"}],"circlet_count":0,"master_deck":["Strike_R+1","Strike_R","Strike_R","Defend_R","Defend_R","Defend_R","Defend_R","Bash+1","Sword Boomerang","Impervious","Iron Wave","Flame Barrier+1","Limit Break+1","Carnage","Flex+1","Offering+1","Thunderclap","Combust","Sword Boomerang+1","Berserk","Demon Form","Sword Boomerang+1","Spot Weakness"],"relics":["Burning Blood","Happy Flower","Lantern","Tiny Chest","Cursed Key","OrangePellets","Centennial Puzzle","Blood Vial","Singing Bowl","Boot","Busted Crown","WingedGreaves","Mummified Hand","Ornamental Fan","Art of War","Ginger","Akabeko"],"acts_visited":["Exordium","TheCity","TheBeyond","TheEnding"],"potions_floor_usage":[10,10,16,16,25,25,28,37,41,47,47,50,50,55],"damage_taken":[{"damage":2,"enemies":"Jaw Worm","floor":1,"turns":3},{"damage":3,"enemies":"2 Louse","floor":2,"turns":3},{"damage":8,"enemies":"Small Slimes","floor":3,"turns":4},{"damage":1,"enemies":"2 Fungi Beasts","floor":4,"turns":4},{"damage":11,"enemies":"Lots of Slimes","floor":5,"turns":6},{"damage":43,"enemies":"3 Sentries","floor":7,"turns":12},{"damage":41,"enemies":"Gremlin Nob","floor":10,"turns":5},{"damage":6,"enemies":"Looter","floor":11,"turns":2},{"damage":1,"enemies":"Slime Boss","floor":16,"turns":6},{"damage":0,"enemies":"Chosen","floor":18,"turns":4},{"damage":6,"enemies":"3 Byrds","floor":21,"turns":2},{"damage":22,"enemies":"Gremlin Leader","floor":25,"turns":3},{"damage":15,"enemies":"Centurion and Healer","floor":27,"turns":2},{"damage":14,"enemies":"Slavers","floor":28,"turns":3},{"damage":6,"enemies":"Snecko","floor":30,"turns":2},{"damage":13,"enemies":"3 Cultists","floor":31,"turns":3},{"damage":31,"enemies":"Automaton","floor":33,"turns":6},{"damage":25,"enemies":"3 Shapes","floor":35,"turns":5},{"damage":20,"enemies":"2 Orb Walkers","floor":37,"turns":3},{"damage":6,"enemies":"Reptomancer","floor":41,"turns":5},{"damage":6,"enemies":"Orb Walker","floor":42,"turns":2},{"damage":50,"enemies":"Transient","floor":45,"turns":5},{"damage":12,"enemies":"Jaw Worm Horde","floor":46,"turns":4},{"damage":6,"enemies":"Mind Bloom Boss Battle","floor":47,"turns":4},{"damage":6,"enemies":"Maw","floor":48,"turns":4},{"damage":44,"enemies":"Awakened One","floor":50,"turns":6},{"damage":80,"enemies":"Shield and Spear","floor":54,"turns":5},{"damage":63,"enemies":"The Heart","floor":55,"turns":3}],"seed_played":"4996134142275065877","potions_obtained":[{"floor":2,"key":"Ancient Potion"},{"floor":3,"key":"EssenceOfSteel"},{"floor":5,"key":"BloodPotion"},{"floor":10,"key":"Explosive Potion"},{"floor":11,"key":"AttackPotion"},{"floor":16,"key":"SkillPotion"},{"floor":21,"key":"ColorlessPotion"},{"floor":25,"key":"PowerPotion"},{"floor":33,"key":"AttackPotion"},{"floor":35,"key":"PowerPotion"},{"floor":42,"key":"BlessingOfTheForge"},{"floor":45,"key":"CultistPotion"},{"floor":46,"key":"BloodPotion"},{"floor":47,"key":"EssenceOfSteel"},{"floor":48,"key":"Dexterity Potion"}],"is_trial":false,"path_per_floor":["M","M","M","M","M","R","E","?","T","E","M","R","?","?","R","B",null,"M","$","?","M","T","R","$","E","T","M","E","$","M","M","R","B",null,"M","?","?","T","?","R","E","M","T","$","M","M","?","M","R","B",null,"R","$","E","B"],"character_chosen":"IRONCLAD","items_purchased":["OrangePellets","Art of War"],"campfire_rested":2,"item_purchase_floors":[19,44],"current_hp_per_floor":[84,87,85,88,83,83,46,39,39,21,21,21,3,3,29,34,75,81,81,81,81,81,81,81,65,65,60,56,56,58,55,55,32,79,64,66,56,56,56,56,58,62,62,62,20,18,39,43,43,7,78,101,101,29,0,0],"gold":26,"neow_bonus":"TEN_PERCENT_HP_BONUS","is_daily":false,"chose_seed":false,"campfire_upgraded":5,"win_rate":0.0,"timestamp":1610033512,"path_taken":["M","M","M","M","M","R","E","?","T","E","M","R","?","?","R","BOSS","M","$","?","M","?","R","$","E","T","M","E","$","M","?","R","BOSS","M","?","?","?","?","R","E","M","T","$","M","M","?","M","R","BOSS","R","$","E","BOSS"],"items_purchased_type":["Relic","Relic"],"build_version":"2020-12-22","purchased_purges":5,"victory":false,"max_hp_per_floor":[88,88,88,88,88,88,88,88,88,88,88,88,88,88,88,88,88,88,88,88,88,88,88,88,88,88,90,92,92,92,94,94,94,94,96,98,100,100,95,95,95,97,97,97,97,99,99,101,101,101,101,101,101,103,103,103],"card_choices":[{"not_picked":["True Grit","Havoc"],"picked":"Sword Boomerang","floor":1},{"not_picked":["Anger","Armaments","Infernal Blade"],"picked":"SKIP","floor":2},{"not_picked":["Flex","Warcry"],"picked":"Impervious","floor":3},{"not_picked":["True Grit","Seeing Red"],"picked":"Iron Wave","floor":4},{"not_picked":["Entrench","Intimidate"],"picked":"Flame Barrier","floor":5},{"not_picked":["Fire Breathing","Dark Embrace"],"picked":"Limit Break","floor":7},{"not_picked":["Armaments","Fiend Fire"],"picked":"Carnage","floor":10},{"not_picked":["Thunderclap","Evolve"],"picked":"Flex","floor":11},{"not_picked":["Brutality","Reaper"],"picked":"Offering","floor":16},{"not_picked":["Ghostly Armor","Body Slam","Havoc"],"picked":"SKIP","floor":18},{"not_picked":["Flex","Havoc"],"picked":"Thunderclap","floor":21},{"not_picked":["Perfected Strike","Uppercut"],"picked":"Combust","floor":25},{"not_picked":["Clash+1","Perfected Strike","Entrench"],"picked":"Singing Bowl","floor":27},{"not_picked":["Feel No Pain","Anger","Barricade"],"picked":"Singing Bowl","floor":28},{"not_picked":["Blood for Blood","Havoc"],"picked":"Sword Boomerang","floor":30},{"not_picked":["Thunderclap","Body Slam","Clothesline"],"picked":"Singing Bowl","floor":31},{"not_picked":["Fiend Fire","Barricade"],"picked":"Berserk","floor":33},{"not_picked":["Sword Boomerang"],"picked":"Singing Bowl","floor":35},{"not_picked":["Forethought"],"picked":"Singing Bowl","floor":36},{"not_picked":["Uppercut+1"],"picked":"Singing Bowl","floor":37},{"not_picked":[],"picked":"Demon Form","floor":41},{"not_picked":["Combust+1"],"picked":"Singing Bowl","floor":42},{"not_picked":[],"picked":"Sword Boomerang+1","floor":45},{"not_picked":["Pommel Strike"],"picked":"Singing Bowl","floor":46},{"not_picked":[],"picked":"Spot Weakness","floor":47},{"not_picked":["Wild Strike+1"],"picked":"Singing Bowl","floor":48},{"not_picked":["Thunderclap"],"picked":"Singing Bowl","floor":54}],"player_experience":304391,"relics_obtained":[{"floor":7,"key":"Happy Flower"},{"floor":9,"key":"Lantern"},{"floor":10,"key":"Tiny Chest"},{"floor":22,"key":"Centennial Puzzle"},{"floor":25,"key":"Blood Vial"},{"floor":26,"key":"Singing Bowl"},{"floor":28,"key":"Boot"},{"floor":37,"key":"WingedGreaves"},{"floor":38,"key":"Mummified Hand"},{"floor":41,"key":"Ornamental Fan"},{"floor":47,"key":"Ginger"},{"floor":54,"key":"Akabeko"}],"event_choices":[{"cards_removed":["Strike_R"],"damage_healed":0,"gold_gain":0,"player_choice":"Card Removal","damage_taken":7,"max_hp_gain":0,"max_hp_loss":0,"event_name":"Golden Wing","floor":8,"gold_loss":0},{"damage_healed":0,"gold_gain":0,"player_choice":"Entered Light","damage_taken":18,"max_hp_gain":0,"max_hp_loss":0,"event_name":"Shining Light","floor":13,"gold_loss":0,"cards_upgraded":["Flex","Strike_R"]},{"damage_healed":0,"gold_gain":0,"player_choice":"Left Gold","damage_taken":0,"max_hp_gain":0,"max_hp_loss":0,"event_name":"World of Goop","floor":14,"gold_loss":39},{"damage_healed":0,"gold_gain":0,"player_choice":"Ignored","damage_taken":0,"max_hp_gain":0,"max_hp_loss":0,"event_name":"Beggar","floor":20,"gold_loss":0},{"damage_healed":0,"gold_gain":0,"player_choice":"Memory 1","damage_taken":0,"max_hp_gain":0,"max_hp_loss":0,"event_name":"SensoryStone","floor":36,"gold_loss":0},{"damage_healed":0,"gold_gain":0,"player_choice":"Fight","damage_taken":0,"max_hp_gain":0,"max_hp_loss":0,"event_name":"Mysterious Sphere","floor":37,"gold_loss":0},{"damage_healed":0,"gold_gain":0,"player_choice":"Max HP","damage_taken":0,"max_hp_gain":0,"max_hp_loss":5,"event_name":"Winding Halls","floor":39,"gold_loss":0},{"damage_healed":0,"gold_gain":0,"player_choice":"Fight","damage_taken":0,"max_hp_gain":0,"max_hp_loss":0,"event_name":"MindBloom","floor":47,"gold_loss":0}],"is_beta":false,"boss_relics":[{"not_picked":["SacredBark","Astrolabe"],"picked":"Cursed Key"},{"not_picked":["Snecko Eye","Runic Dome"],"picked":"Busted Crown"}],"items_purged_floors":[19,24,29,44,53],"is_endless":false,"potions_floor_spawned":[2,3,5,10,11,16,21,25,33,35,42,45,46,47,48],"killed_by":"The Heart","ascension_level":8}}