{"host":"1a3cjta80tad0aqj","time":1610051020,"event":{"mods":["2.2 Compatiblity","AchievementEnabler","BaseMod","Colored Map","DeckTracker","KOR Keyword Fix","Keyboard Shortcuts","Minty Spire (QoL Compilation)","Permanent Neow","Quick Restart","Random Character Button","StSLib","SuperFastMode","everything is the same but u backflip on backflip"],"gold_per_floor":[115,135,310,320,245,245,245,245,245,279,290,305,305,319,319,419,419,432,445,458,477,377,377,390,390,390,390,265,265,115,131,131,131,131],"floor_reached":33,"playtime":1263,"items_purged":["Doubt","Defend_P","Defend_P","Strike_P"],"score":299,"play_id":"06086fa3-c91c-47c6-a6e9-e7a5996b79dc","local_time":"20210108052340","is_ascension_mode":false,"campfire_choices":[{"data":"Eruption","floor":6,"key":"SMITH"},{"data":"Brilliance","floor":8,"key":"SMITH"},{"data":"EmptyFist","floor":13,"key":"SMITH"},{"data":"Tantrum","floor":15,"key":"SMITH"},{"floor":23,"key":"REST"},{"floor":25,"key":"REST"},{"floor":32,"key":"REST"}],"circlet_count":0,"master_deck":["Strike_P","Strike_P","Strike_P","Defend_P","Defend_P","Eruption+1","Vigilance","Brilliance+1","EmptyFist+1","Tantrum+1","Vengeance"],"relics":["Cursed Key"],"acts_visited":["Exordium","TheCity"],"potions_floor_usage":[18],"damage_taken":[{"damage":1,"enemies":"Jaw Worm","floor":1,"turns":4},{"damage":0,"enemies":"Small Slimes","floor":2,"turns":3},{"damage":0,"enemies":"Cultist","floor":4,"turns":4},{"damage":31,"enemies":"3 Sentries","floor":10,"turns":8},{"damage":0,"enemies":"3 Louse","floor":11,"turns":4},{"damage":0,"enemies":"2 Fungi Beasts","floor":12,"turns":1},{"damage":0,"enemies":"Exordium Wildlife","floor":14,"turns":1},{"damage":0,"enemies":"Slime Boss","floor":16,"turns":3},{"damage":14,"enemies":"Shell Parasite","floor":18,"turns":4},{"damage":17,"enemies":"2 Thieves","floor":19,"turns":3},{"damage":4,"enemies":"Centurion and Healer","floor":20,"turns":5},{"damage":0,"enemies":"Cultist and Chosen","floor":21,"turns":4},{"damage":42,"enemies":"Snake Plant","floor":24,"turns":3},{"damage":9,"enemies":"3 Cultists","floor":31,"turns":4},{"damage":6,"enemies":"Collector","floor":33,"turns":3}],"seed_played":"5307346780381883643","potions_obtained":[{"floor":4,"key":"CultistPotion"},{"floor":11,"key":"FearPotion"},{"floor":12,"key":"DuplicationPotion"},{"floor":19,"key":"Swift Potion"},{"floor":31,"key":"DistilledChaos"}],"is_trial":false,"path_per_floor":["M","M","?","M","$","R","?","R","T","E","M","M","R","M","R","B",null,"M","M","M","M","$","R","M","R","T","?","$","?","$","M","R","B"],"character_chosen":"WATCHER","items_purchased":[],"campfire_rested":3,"item_purchase_floors":[],"current_hp_per_floor":[71,71,71,71,71,71,71,71,71,40,40,40,40,40,40,40,72,58,41,37,37,37,58,16,37,37,24,24,24,24,15,38,32,32],"gold":131,"neow_bonus":"BOSS_RELIC","is_daily":false,"chose_seed":true,"campfire_upgraded":4,"win_rate":0.0,"timestamp":1610051020,"path_taken":["M","M","?","M","$","R","?","R","T","E","?","M","R","M","R","BOSS","M","M","M","M","$","R","M","R","T","?","$","?","?","M","R","BOSS"],"items_purchased_type":[],"build_version":"2020-12-22","purchased_purges":4,"victory":false,"max_hp_per_floor":[72,72,72,72,72,72,72,72,72,72,72,72,72,72,72,72,72,72,72,72,72,72,72,72,72,72,77,77,77,77,77,77,77,77],"card_choices":[{"not_picked":["FollowUp","ForeignInfluence","FlurryOfBlows"],"picked":"SKIP","floor":1},{"not_picked":["Prostrate","WaveOfTheHand","ReachHeaven"],"picked":"SKIP","floor":2},{"not_picked":["Crescendo","Swivel","ReachHeaven"],"picked":"SKIP","floor":4},{"not_picked":["EmptyMind","BowlingBash","Halt"],"picked":"SKIP","floor":10},{"not_picked":["CutThroughFate","EmptyMind","ThirdEye"],"picked":"SKIP","floor":11},{"not_picked":["FlurryOfBlows","ClearTheMind"],"picked":"EmptyFist","floor":12},{"not_picked":["FlurryOfBlows","JustLucky"],"picked":"Tantrum","floor":14},{"not_picked":["Halt","FlyingSleeves","ForeignInfluence+1"],"picked":"SKIP","floor":18},{"not_picked":["Crescendo+1","CrushJoints","Collect"],"picked":"SKIP","floor":19},{"not_picked":["Halt","SandsOfTime+1","Evaluate"],"picked":"SKIP","floor":20},{"not_picked":["Sanctity","ClearTheMind","Indignation"],"picked":"SKIP","floor":21},{"not_picked":["FollowUp+1","BowlingBash","SashWhip"],"picked":"SKIP","floor":24},{"not_picked":["EmptyFist+1","Prostrate+1","EmptyBody+1"],"picked":"SKIP","floor":31}],"player_experience":179670,"relics_obtained":[],"event_choices":[{"damage_healed":0,"gold_gain":175,"player_choice":"AGREE","damage_taken":0,"max_hp_gain":0,"max_hp_loss":0,"event_name":"Liars Game","floor":3,"gold_loss":0,"cards_obtained":["Doubt"]},{"damage_healed":0,"gold_gain":0,"player_choice":"1 cards matched","damage_taken":0,"max_hp_gain":0,"max_hp_loss":0,"event_name":"Match and Keep!","floor":7,"gold_loss":0,"cards_obtained":["Brilliance"]},{"damage_healed":0,"gold_gain":0,"player_choice":"Shed Blood","damage_taken":18,"max_hp_gain":5,"max_hp_loss":0,"event_name":"Forgotten Altar","floor":27,"gold_loss":0},{"damage_healed":0,"gold_gain":0,"player_choice":"Read","damage_taken":0,"max_hp_gain":0,"max_hp_loss":0,"event_name":"The Library","floor":29,"gold_loss":0,"cards_obtained":["Vengeance"]}],"is_beta":false,"boss_relics":[{"not_picked":[]}],"items_purged_floors":[5,22,28,30],"is_endless":false,"potions_floor_spawned":[4,11,12,19,21,31],"killed_by":"Collector","ascension_level":0}}