{"host":"ln76an1o32p2wxtf","time":1610041074,"event":{"mods":["AchievementEnabler","Act Like it!","BaseMod","BetterRewards","Colored Powertips","Energized Spire","GifTheSpireLib","Infinite Spire","Minty Spire (QoL Compilation)","Shop Mod","StSLib"],"gold_per_floor":[110,36,51,63,63,88,98,198,198,198,208,208,266,292,292,394,394,408,423,338,51,141,166,166,186,186,96,108,143,143,160,160,261,261,278,296,296,314,364,393,393,187,240,265,265,265],"floor_reached":45,"playtime":8940,"items_purged":["Defend_B","Defend_B","Strike_B"],"score":572,"play_id":"886ecb31-16db-46b6-8db4-07b672789893","local_time":"20210108013754","is_ascension_mode":true,"campfire_choices":[{"floor":10.0,"key":"REST"},{"floor":15.0,"key":"REST"},{"floor":24,"key":"REST"},{"floor":30,"key":"REST"},{"data":"Seek","floor":32,"key":"SMITH"},{"floor":41,"key":"RECALL"}],"circlet_count":0,"master_deck":["Strike_B","Defend_B","Defend_B","Zap","Dualcast","Defragment","Loop","FTL","Self Repair","Defragment+1","Conserve Battery","Conserve Battery","Cold Snap","Force Field","Static Discharge","Seek+1","FTL+1","Defragment","Reboot","Loop","Thunder Strike","Chill+1","Conserve Battery","Auto Shields","Creative AI","Leap+1","Electrodynamics","infinitespire:UltimateForm","Glacier+1"],"relics":["Cracked Core","The Courier","Juzu Bracelet","Pocketwatch","Kunai","energizedSpire:UnstableMolecules","Pen Nib","CaptainsWheel","Pear","Bronze Scales","Coffee Dripper","infinitespire:Golems Mask","Singing Bowl","Happy Flower","Lantern","HornCleat"],"acts_visited":["Exordium","TheCity","TheBeyond"],"potions_floor_usage":[29,33,45],"damage_taken":[{"damage":0.0,"enemies":"2 Louse","floor":1.0,"turns":2.0},{"damage":6.0,"enemies":"Cultist","floor":3.0,"turns":3.0},{"damage":8.0,"enemies":"Jaw Worm","floor":4.0,"turns":3.0},{"damage":32.0,"enemies":"3 Sentries","floor":6.0,"turns":7.0},{"damage":10.0,"enemies":"Exordium Thugs","floor":7.0,"turns":4.0},{"damage":16.0,"enemies":"Red Slaver","floor":11.0,"turns":3.0},{"damage":15.0,"enemies":"3 Sentries","floor":13.0,"turns":8.0},{"damage":7.0,"enemies":"Lagavulin","floor":14.0,"turns":6.0},{"damage":20.0,"enemies":"Hexaghost","floor":16.0,"turns":11.0},{"damage":11,"enemies":"Spheric Guardian","floor":18,"turns":4},{"damage":23,"enemies":"2 Thieves","floor":19,"turns":4},{"damage":41,"enemies":"Book of Stabbing","floor":23,"turns":5},{"damage":7,"enemies":"Snecko","floor":25,"turns":5},{"damage":2,"enemies":"Snake Plant","floor":28,"turns":4},{"damage":29,"enemies":"Slavers","floor":29,"turns":7},{"damage":6,"enemies":"Sentry and Sphere","floor":31,"turns":7},{"damage":52,"enemies":"Automaton","floor":33,"turns":12},{"damage":0,"enemies":"3 Shapes","floor":35,"turns":6},{"damage":0,"enemies":"Orb Walker","floor":36,"turns":4},{"damage":13,"enemies":"Maw","floor":38,"turns":8},{"damage":0,"enemies":"Mind Bloom Boss Battle","floor":39,"turns":5},{"damage":26,"enemies":"Nemesis","floor":40,"turns":11},{"damage":13,"enemies":"Reptomancer","floor":44,"turns":6},{"damage":22,"enemies":"infinitespire:Three Voidlings","floor":45,"turns":5},{"damage":67,"enemies":"Nightmare_Alpha","floor":45,"turns":11}],"seed_played":"3233483479892383784","potions_obtained":[{"floor":4.0,"key":"EssenceOfSteel"},{"floor":11.0,"key":"DuplicationPotion"},{"floor":13.0,"key":"AttackPotion"},{"floor":14.0,"key":"FearPotion"},{"floor":31,"key":"Fruit Juice"},{"floor":39,"key":"Block Potion"}],"is_trial":false,"path_per_floor":["M","$","M","M","?","E","M","?","T","R","M","?","?","E","R","B",null,"M","M","?","$","?","E","R","M","T","?","M","E","R","M","R","B",null,"M","M","AVR","M","?","E","R","$","T","E","?"],"character_chosen":"DEFECT","items_purchased":["Loop","Defragment","Reboot","Loop","Happy Flower"],"campfire_rested":4,"item_purchase_floors":[2,21,21,21,42],"current_hp_per_floor":[82,82,76,68,50,25,22,22,22,46,37,37,29,29,53,40,82,78,62,62,62,50,16,40,40,50,50,55,33,60,61,61,21,97,97,97,97,91,91,74,74,74,74,70,0,0],"gold":265,"neow_bonus":"TEN_PERCENT_HP_BONUS","is_daily":false,"chose_seed":false,"campfire_upgraded":1,"win_rate":0.0,"timestamp":1610041074,"path_taken":["M","$","M","M","?","E","M","?","T","R","M","?","?","E","R","BOSS","M","M","?","$","?","E","R","M","T","?","M","E","R","M","R","BOSS","M","M","AVR","M","?","E","R","$","T","E","?"],"items_purchased_type":["Card","Card","Card","Card","Relic"],"build_version":"2020-12-22","purchased_purges":3,"victory":false,"max_hp_per_floor":[82,82,82,82,82,82,82,82,82,82,82,82,82,82,82,82,82,82,82,82,82,82,82,82,82,92,92,92,92,92,92,92,97,97,97,97,97,97,97,99,99,99,99,101,101,101],"card_choices":[{"not_picked":["Darkness","Sweeping Beam"],"picked":"Defragment","floor":1.0},{"not_picked":["Ball Lightning","Turbo"],"picked":"FTL","floor":3.0},{"not_picked":["Go for the Eyes","Compile Driver"],"picked":"Self Repair","floor":4.0},{"not_picked":["Streamline","Tempest"],"picked":"Defragment","floor":6.0},{"not_picked":["Stack","Beam Cell"],"picked":"Conserve Battery","floor":7.0},{"not_picked":["Rainbow","Turbo"],"picked":"Conserve Battery","floor":11.0},{"not_picked":["Tempest","Redo"],"picked":"Force Field","floor":13.0},{"not_picked":["FTL","Auto Shields"],"picked":"Static Discharge","floor":14.0},{"not_picked":["Core Surge","Rainbow"],"picked":"Seek","floor":16.0},{"not_picked":["Compile Driver","Go for the Eyes"],"picked":"FTL+1","floor":18},{"not_picked":["Sweeping Beam","Scrape","Streamline+1"],"picked":"SKIP","floor":19},{"not_picked":["Go for the Eyes","Stack"],"picked":"Thunder Strike","floor":23},{"not_picked":["Compile Driver+1","Reprogram"],"picked":"Chill+1","floor":25},{"not_picked":["Cold Snap","Rebound"],"picked":"Conserve Battery","floor":28},{"not_picked":["Skim","Consume"],"picked":"Auto Shields","floor":29},{"not_picked":["Coolheaded","Rebound","Fusion"],"picked":"SKIP","floor":31},{"not_picked":["Electrodynamics","Reboot"],"picked":"Creative AI","floor":33},{"not_picked":["Gash+1","Ball Lightning"],"picked":"Leap+1","floor":35},{"not_picked":["Streamline","Go for the Eyes"],"picked":"Electrodynamics","floor":36},{"not_picked":["Reprogram","Coolheaded+1"],"picked":"Glacier+1","floor":38},{"not_picked":["Turbo+1","Doom and Gloom","Coolheaded+1"],"picked":"Singing Bowl","floor":40},{"not_picked":["Storm","Rainbow","Blizzard"],"picked":"Singing Bowl","floor":44}],"player_experience":697150,"relics_obtained":[{"floor":6.0,"key":"Juzu Bracelet"},{"floor":13.0,"key":"Pocketwatch"},{"floor":14.0,"key":"Kunai"},{"floor":23,"key":"CaptainsWheel"},{"floor":26,"key":"Pear"},{"floor":29,"key":"Bronze Scales"},{"floor":39,"key":"infinitespire:Golems Mask"},{"floor":40,"key":"Singing Bowl"},{"floor":43,"key":"Lantern"},{"floor":44,"key":"HornCleat"}],"event_choices":[{"damage_healed":0.0,"max_hp_gain":0.0,"max_hp_loss":0.0,"gold_gain":0.0,"event_name":"Scrap Ooze","player_choice":"Success","floor":5.0,"gold_loss":0.0,"damage_taken":18.0,"relics_obtained":["The Courier"]},{"damage_healed":0.0,"max_hp_gain":0.0,"max_hp_loss":0.0,"gold_gain":100.0,"event_name":"Golden Shrine","player_choice":"Pray","floor":8.0,"gold_loss":0.0,"damage_taken":0.0},{"damage_healed":0.0,"max_hp_gain":0.0,"max_hp_loss":0.0,"gold_gain":0.0,"cards_transformed":["Strike_B"],"event_name":"Transmorgrifier","player_choice":"Transformed","floor":12.0,"gold_loss":0.0,"damage_taken":0.0,"cards_obtained":["Cold Snap"]},{"damage_healed":0.0,"max_hp_gain":0.0,"max_hp_loss":0.0,"gold_gain":0.0,"event_name":"Dead Adventurer","player_choice":"Searched \u00271\u0027 times","floor":13.0,"gold_loss":0.0,"damage_taken":0.0},{"damage_healed":0,"gold_gain":0,"player_choice":"Obtained Relic","damage_taken":0,"relics_obtained":["Pen Nib"],"max_hp_gain":0,"max_hp_loss":0,"event_name":"Addict","floor":20,"gold_loss":85},{"damage_healed":0,"gold_gain":90,"player_choice":"GOLD ","damage_taken":12,"max_hp_gain":0,"max_hp_loss":0,"event_name":"Knowing Skull","floor":22,"potions_obtained":[],"gold_loss":0,"cards_obtained":[]},{"cards_removed":["Strike_B"],"damage_healed":0,"gold_gain":0,"player_choice":"Upgrade and Remove","damage_taken":0,"max_hp_gain":0,"max_hp_loss":0,"event_name":"Designer","floor":27,"gold_loss":90,"cards_upgraded":["Defragment"]},{"damage_healed":0,"gold_gain":0,"player_choice":"Fight","damage_taken":0,"max_hp_gain":0,"max_hp_loss":0,"event_name":"MindBloom","floor":39,"gold_loss":0}],"is_beta":false,"boss_relics":[{"not_picked":["Snecko Eye","infinitespire:Cupcake"],"picked":"energizedSpire:UnstableMolecules"},{"not_picked":["SacredBark","SlaversCollar"],"picked":"Coffee Dripper"}],"items_purged_floors":[21,37,42],"is_endless":false,"potions_floor_spawned":[4,11,13,14,16,18,31,39,45],"killed_by":"Nightmare_Alpha","ascension_level":1}}