{"host":"ic2t2jxz7s3jvs1m","time":1610026377,"event":{"mods":["AchievementEnabler","Aspiration","BaseMod","Better Skull","Better Third Choice","Block Reminder","Colored Map","Conspire","Curses Come First","Displayed Cursed Tome","Downfall","Energized Spire","Evolution","Halation","Hubris","Infinite Spire","Jess\u0027s Bottle","Minty Spire (QoL Compilation)","Quick Restart","RRrroohrrRGHHhhh!!","Relic Stats","Replay The Spire","Retaliation","SacredBarkPlus","Small Relic Pack","Spicy Shops","StSLib","The Blue Laboratory","Trackpad","Transform Curses","Uncapped","vexMod"],"gold_per_floor":[115,125,145,164,164,194,194,194,194,213,213,233,233,315,315,415,415,429,25,42,42,59,59,59,59,59,59,69,69,69,69,69,168,168,183,183,183,200,200,200,219,219,219,229,229,260,260,276,276,276],"floor_reached":51,"playtime":5715,"items_purged":[],"score":600,"play_id":"1ed09136-fdd4-480d-ac1f-b9d945012b09","local_time":"20210107073257","is_ascension_mode":false,"campfire_choices":[{"floor":7,"key":"REST"},{"floor":11,"key":"REST"},{"floor":13,"key":"REST"},{"data":"Outmaneuver","floor":15,"key":"SMITH"},{"floor":23,"key":"REST"},{"data":"Apotheosis","floor":27,"key":"SMITH"},{"floor":30,"key":"REST"},{"floor":32,"key":"DIG"},{"floor":40,"key":"REST"},{"floor":42,"key":"REST"},{"floor":47,"key":"DIG"}],"circlet_count":0,"master_deck":["Strike_G","Strike_G","Strike_G","Defend_G","Defend_G","Defend_G","Defend_G","Survivor","Neutralize","Leg Sweep","Outmaneuver+1","Poisoned Stab","Deflect","Skewer","Hidden Blade","ReplayTheSpireMod:Necrosis","Blade Dance","Finisher+1","Apotheosis+1","conspire:Banana","Replay:BasicMightCard","Sneak Up","Strike_G","Strike_G","Strike_G","Defend_G","Defend_G","Defend_G","Defend_G","Defend_G","Neutralize","Leg Sweep","rorgmod:Prepared","Outmaneuver+1","Poisoned Stab","Deflect","Skewer","Hidden Blade","ReplayTheSpireMod:Necrosis","Blade Dance","Finisher","Apotheosis","conspire:Banana","Replay:BasicMightCard","Sneak Up","Crippling Poison","Bane","After Image","Acrobatics","hubris:TrickCloak","relicPack:TruthCard","Violence","hubris:SpecializedCircuitry","Midas Touch","rorgmod:Phantasmal Killer","Endless Agony+1","rorgmod:Catalyst+1","Blade Dance+1"],"relics":["Ring of the Snake","EVO:Axolotl","aspiration:Nostalgia","champ:ChampionCrown","hubris:Icosahedron","aspiration:AnachronicSnailShell","Singing Bowl","Mirror","Sozu","Lantern","trackpad:FieryHotPepper","ReplayTheSpireMod:ShopPack","Paper Crane","trackpad:GuardianSpirit","halation:EternalFortune","trackpad:CultistFigurine","energizedSpire:SpiderWeb","relicPack:EdsArm","hubris:TenFootPole","Shovel","StoneCalendar"],"acts_visited":["Exordium","TheCity","TheBeyond"],"potions_floor_usage":[],"damage_taken":[{"damage":18.0,"enemies":"infinitespire:Voidling","floor":1.0,"turns":7.0},{"damage":1.0,"enemies":"2 Louse","floor":2.0,"turns":3.0},{"damage":0.0,"enemies":"Small Slimes","floor":3.0,"turns":3.0},{"damage":25,"enemies":"Exordium Thugs","floor":4,"turns":6},{"damage":29,"enemies":"Replay:BlueRogue","floor":6,"turns":14},{"damage":10,"enemies":"conspire:2 RoseBushes","floor":10,"turns":9},{"damage":1,"enemies":"Red Slaver","floor":12,"turns":4},{"damage":60,"enemies":"The Guardian","floor":16,"turns":21},{"damage":16,"enemies":"conspire:FuzzyDice","floor":18,"turns":9},{"damage":12,"enemies":"Shell Parasite","floor":20,"turns":6},{"damage":6,"enemies":"Shelled Parasite and Fungi","floor":22,"turns":5},{"damage":10,"enemies":"Snake Plant","floor":28,"turns":5},{"damage":59,"enemies":"Collector","floor":33,"turns":12},{"damage":0,"enemies":"Orb Walker","floor":35,"turns":5},{"damage":48,"enemies":"3 Shapes","floor":38,"turns":5},{"damage":4,"enemies":"Spire Growth","floor":41,"turns":7},{"damage":9,"enemies":"Writhing Mass","floor":44,"turns":7},{"damage":37,"enemies":"Reptomancer","floor":46,"turns":7},{"damage":24,"enemies":"Transient","floor":48,"turns":5},{"damage":27,"enemies":"Replay:Hell Engine","floor":50,"turns":12}],"seed_played":"-8578756984305208036","potions_obtained":[{"floor":1.0,"key":"blueLaboratory:AbyssPotion"},{"floor":6,"key":"blueLaboratory:FrostheartPotion"},{"floor":16,"key":"champ:CounterPotion"}],"is_trial":false,"path_per_floor":["M","M","M","M","?","E","R","?","T","M","R","M","R","T","R","B",null,"M","$","M","$","M","R","T","?","T","R","M","?","R","?","R_BF","B",null,"M","?","?","M","?","R","M","R","T","M","?","E","R","M","R_BF","B",null],"character_chosen":"THE_SILENT","items_purchased":["Lantern","trackpad:FieryHotPepper","ReplayTheSpireMod:ShopPack","Blade Dance","Finisher"],"campfire_rested":7,"item_purchase_floors":[19,19,19,19,19],"current_hp_per_floor":[70,69,69,44,44,15,36,36,36,28,49,48,69,69,69,9,72,58,58,49,49,45,68,68,68,68,68,61,61,82,85,85,30,89,91,91,86,43,43,70,68,93,93,89,89,55,55,31,60,35],"gold":276,"neow_bonus":"NOSTALGIA","is_daily":false,"chose_seed":false,"campfire_upgraded":2,"win_rate":0.0,"timestamp":1610026377,"path_taken":["M","?","M","?","?","E","R","?","T","?","R","M","R","?","R","BOSS","M","$","M","?","M","R","?","?","T","R","?","?","R","?","R_BF","BOSS","M","?","?","M","?","R","?","R","T","M","?","E","R","M","R_BF","BOSS"],"items_purchased_type":["Relic","Relic","Relic","Card","Card"],"build_version":"2020-12-22","purchased_purges":0,"victory":true,"max_hp_per_floor":[70,70,70,70,70,70,70,70,70,72,72,72,72,72,72,72,72,74,74,77,77,79,79,79,79,79,79,82,82,82,85,85,89,89,91,91,86,91,91,91,93,93,93,98,95,98,98,98,98,100],"relic_stats":{"Sozu":7,"Shovel":2,"Singing Bowl":8,"counters":[20,152],"StoneCalendar":[26],"obtain_stats":[{"trackpad:GuardianSpirit":26,"Lantern":19,"Singing Bowl":9,"aspiration:Nostalgia":0,"champ:ChampionCrown":0,"StoneCalendar":47,"EVO:Axolotl":0,"Paper Crane":24,"energizedSpire:SpiderWeb":34,"Sozu":17,"relicPack:EdsArm":37,"hubris:Icosahedron":5,"Shovel":46,"trackpad:FieryHotPepper":19,"aspiration:AnachronicSnailShell":6,"halation:EternalFortune":31,"hubris:TenFootPole":43,"trackpad:CultistFigurine":32,"Mirror":14,"Ring of the Snake":0,"ReplayTheSpireMod:ShopPack":19},{"trackpad:GuardianSpirit":11,"Lantern":9,"Singing Bowl":5,"aspiration:Nostalgia":0,"champ:ChampionCrown":0,"StoneCalendar":18,"EVO:Axolotl":0,"Paper Crane":11,"energizedSpire:SpiderWeb":13,"Sozu":8,"relicPack:EdsArm":14,"hubris:Icosahedron":4,"Shovel":18,"trackpad:FieryHotPepper":9,"aspiration:AnachronicSnailShell":5,"halation:EternalFortune":12,"hubris:TenFootPole":16,"trackpad:CultistFigurine":12,"Mirror":7,"Ring of the Snake":0,"ReplayTheSpireMod:ShopPack":9},{"trackpad:GuardianSpirit":87,"Lantern":76,"Singing Bowl":33,"aspiration:Nostalgia":0,"champ:ChampionCrown":0,"StoneCalendar":135,"EVO:Axolotl":0,"Paper Crane":87,"energizedSpire:SpiderWeb":104,"Sozu":67,"relicPack:EdsArm":109,"hubris:Icosahedron":19,"Shovel":135,"trackpad:FieryHotPepper":76,"aspiration:AnachronicSnailShell":33,"halation:EternalFortune":92,"hubris:TenFootPole":121,"trackpad:CultistFigurine":92,"Mirror":46,"Ring of the Snake":0,"ReplayTheSpireMod:ShopPack":76}],"Ring of the Snake":[40]},"card_choices":[{"not_picked":["rorgmod:Prepared","Flying Knee"],"picked":"Leg Sweep","floor":1.0},{"not_picked":["Dagger Spray","hubris:SlightOfHand"],"picked":"rorgmod:Prepared","floor":2.0},{"not_picked":["rorgmod:Prepared","Bane"],"picked":"Outmaneuver","floor":3.0},{"not_picked":["Dagger Throw","Dagger Spray"],"picked":"Poisoned Stab","floor":4},{"not_picked":["Terror","Flying Knee"],"picked":"Deflect","floor":6},{"not_picked":["ReplayTheSpireMod:The Works","Dodge and Roll","Backflip"],"picked":"Singing Bowl","floor":10},{"not_picked":["Acrobatics","Quick Slash"],"picked":"Hidden Blade","floor":12},{"not_picked":["Die Die Die","Adrenaline"],"picked":"ReplayTheSpireMod:Necrosis","floor":16},{"not_picked":["Backflip","rorgmod:Slice","rorgmod:Prepared"],"picked":"Singing Bowl","floor":18},{"not_picked":["Midas Touch","ReplayTheSpireMod:Necrogeddon"],"picked":"Apotheosis","floor":19},{"not_picked":["Secret Technique","expansioncontent:ChargeUp"],"picked":"conspire:Banana","floor":19},{"not_picked":["expansioncontent:CaCaw","expansioncontent:Collect"],"picked":"Replay:BasicMightCard","floor":19},{"not_picked":["hubris:SlightOfHand","rorgmod:Slice","Outmaneuver"],"picked":"Singing Bowl","floor":20},{"not_picked":["Quick Slash","hubris:SlightOfHand"],"picked":"Sneak Up","floor":22},{"not_picked":["Outmaneuver","conspire:PoisonWeapons"],"picked":"Crippling Poison","floor":28},{"not_picked":["Grand Finale","Atom Bomb"],"picked":"After Image","floor":33},{"not_picked":["Backflip","ReplayTheSpireMod:Scrap Shanks+1"],"picked":"Acrobatics","floor":35},{"not_picked":["PiercingWail","Dodge and Roll","rorgmod:Prepared+1"],"picked":"Singing Bowl","floor":38},{"not_picked":["Dodge and Roll+1","Bane+1"],"picked":"rorgmod:Phantasmal Killer","floor":41},{"not_picked":["rorgmod:Slice+1","Calculated Gamble"],"picked":"Endless Agony+1","floor":44},{"not_picked":["Deflect","Choke"],"picked":"rorgmod:Catalyst+1","floor":46},{"not_picked":["Dagger Spray+1","Escape Plan"],"picked":"Blade Dance+1","floor":48}],"player_experience":295346,"relics_obtained":[{"floor":6,"key":"aspiration:AnachronicSnailShell"},{"floor":9,"key":"Singing Bowl"},{"floor":14,"key":"Mirror"},{"floor":24,"key":"Paper Crane"},{"floor":26,"key":"trackpad:GuardianSpirit"},{"floor":32,"key":"trackpad:CultistFigurine"},{"floor":38,"key":"halation:EternalFortune"},{"floor":43,"key":"hubris:TenFootPole"},{"floor":44,"key":"halation:EternalFortune"},{"floor":46,"key":"Shovel"},{"floor":47,"key":"StoneCalendar"}],"event_choices":[{"damage_healed":0,"gold_gain":0,"cards_transformed":["Strike_G"],"player_choice":"Transformed","damage_taken":0,"max_hp_gain":0,"max_hp_loss":0,"event_name":"Transmorgrifier","floor":8,"gold_loss":0,"cards_obtained":["Skewer"]},{"damage_healed":0,"gold_gain":0,"player_choice":"Read","damage_taken":0,"max_hp_gain":0,"max_hp_loss":0,"event_name":"The Library","floor":29,"gold_loss":0,"cards_obtained":["Bane"]},{"damage_healed":0,"gold_gain":0,"player_choice":"Bought 0 Potions","damage_taken":0,"max_hp_gain":0,"max_hp_loss":0,"event_name":"The Woman in Blue","floor":39,"gold_loss":0},{"cards_removed":["Parasite"],"damage_healed":0,"gold_gain":0,"player_choice":"Removed Curses","damage_taken":0,"max_hp_gain":0,"max_hp_loss":0,"event_name":"Fountain of Cleansing","floor":45,"gold_loss":0}],"is_beta":false,"boss_relics":[{"not_picked":["Kintsugi","vexMod:TanglingVine"],"picked":"Sozu"},{"not_picked":["Velvet Choker","halation:SmartPhone"],"picked":"energizedSpire:SpiderWeb"}],"items_purged_floors":[],"is_endless":false,"potions_floor_spawned":[1,6,16,20,22,28,41,44,48],"ascension_level":0}}