{"host":"6ld56ls1xbe0aj21","time":1610018370,"event":{"mods":["AchievementEnabler","BaseMod","Colored Powertips","Minty Spire (QoL Compilation)","Quick Restart","Rare Cards Sparkle","StSLib","SuperFastMode","everything is the same but u backflip on backflip","slay the spire mod where everything is the same but ironclad has a cowboy hat"],"gold_per_floor":[117,292,292,307,307,307,21,21,21,48,48,67,85,101,101,101,101],"floor_reached":16,"playtime":458,"items_purged":[],"score":160,"play_id":"125a3070-90ac-4799-a887-ef97ec010c32","local_time":"20210107221930","is_ascension_mode":true,"campfire_choices":[{"data":"Pommel Strike","floor":6,"key":"SMITH"},{"floor":8,"key":"REST"},{"data":"Decay","floor":11,"key":"PURGE"},{"data":"Doubt","floor":15,"key":"PURGE"}],"circlet_count":0,"master_deck":["AscendersBane","Strike_R","Strike_R","Strike_R","Strike_R","Strike_R","Defend_R","Defend_R","Defend_R","Defend_R+1","Bash+1","Sword Boomerang","Pommel Strike+1","Whirlwind","Twin Strike","Limit Break"],"relics":["Velvet Choker","Ginger","Peace Pipe","Ancient Tea Set"],"acts_visited":["Exordium"],"potions_floor_usage":[10,16,16],"damage_taken":[{"damage":0,"enemies":"Small Slimes","floor":1,"turns":3},{"damage":12,"enemies":"Jaw Worm","floor":4,"turns":2},{"damage":21,"enemies":"3 Sentries","floor":10,"turns":7},{"damage":0,"enemies":"2 Louse","floor":12,"turns":1},{"damage":0,"enemies":"Lots of Slimes","floor":13,"turns":1},{"damage":0,"enemies":"Looter","floor":14,"turns":2},{"damage":48,"enemies":"The Guardian","floor":16,"turns":9}],"seed_played":"6983561846977974369","potions_obtained":[{"floor":1,"key":"Strength Potion"},{"floor":13,"key":"Dexterity Potion"},{"floor":14,"key":"ColorlessPotion"}],"is_trial":false,"path_per_floor":["M","?","?","M","?","R","$","R","T","E","R","M","M","M","R","B"],"character_chosen":"IRONCLAD","items_purchased":["Ginger"],"campfire_rested":1,"item_purchase_floors":[7],"current_hp_per_floor":[72,72,56,44,44,44,44,68,68,47,47,47,47,47,47,0,0],"gold":101,"neow_bonus":"BOSS_RELIC","is_daily":false,"chose_seed":false,"campfire_upgraded":1,"win_rate":0.0,"timestamp":1610018370,"path_taken":["M","?","?","?","?","R","$","R","T","E","R","M","?","M","R","BOSS"],"items_purchased_type":["Relic"],"build_version":"2020-12-22","purchased_purges":0,"victory":false,"max_hp_per_floor":[80,80,80,80,80,80,80,80,80,80,80,80,80,80,80,80,80],"card_choices":[{"not_picked":["Blood for Blood","Thunderclap"],"picked":"Sword Boomerang","floor":1},{"not_picked":["Flex","Wild Strike"],"picked":"Pommel Strike","floor":4},{"not_picked":["Feel No Pain","Sword Boomerang","Clash"],"picked":"SKIP","floor":10},{"not_picked":["Iron Wave","Pommel Strike"],"picked":"Whirlwind","floor":12},{"not_picked":["Seeing Red","Second Wind"],"picked":"Twin Strike","floor":13},{"not_picked":["Heavy Blade","Thunderclap"],"picked":"Limit Break","floor":14}],"player_experience":298322,"relics_obtained":[{"floor":9,"key":"Peace Pipe"},{"floor":10,"key":"Ancient Tea Set"}],"event_choices":[{"damage_healed":0,"gold_gain":175,"player_choice":"AGREE","damage_taken":0,"max_hp_gain":0,"max_hp_loss":0,"event_name":"Liars Game","floor":2,"gold_loss":0,"cards_obtained":["Doubt"]},{"damage_healed":0,"gold_gain":0,"player_choice":"Entered Light","damage_taken":16,"max_hp_gain":0,"max_hp_loss":0,"event_name":"Shining Light","floor":3,"gold_loss":0,"cards_upgraded":["Bash","Defend_R"]},{"damage_healed":0,"gold_gain":0,"player_choice":"Cursed","damage_taken":0,"max_hp_gain":0,"max_hp_loss":0,"event_name":"Wheel of Change","floor":5,"gold_loss":0,"cards_obtained":["Decay"]}],"is_beta":false,"boss_relics":[],"items_purged_floors":[],"is_endless":false,"potions_floor_spawned":[1,13,14],"killed_by":"The Guardian","ascension_level":12}}