{"host":"nn0edaa7b52nfvq0","time":1610000740,"event":{"mods":["100% Spire Juice","AchievementEnabler","Act Like it!","Aspiration","BaseMod","Better Altar","Better Note","Better Third Choice","BetterRewards","Colored Map","Friendly Minions","Gensokyo","HololiveMod","Koishi","KomeijiMod","Marisa（霧雨　魔理沙）","Minty Spire (QoL Compilation)","Permanent Neow","Reimu（博??梦）","Relic Sorter","StSLib","SuperFastMode","Waifu the Spire","WarShipGirlsR/??少女R mod","Yohane!"],"gold_per_floor":[109,7,7,7,19,19,19,19,46,60,91,110,110,110,110,208,88,107,107,32,32,52,52,52,52],"floor_reached":24,"playtime":950,"items_purged":["Moonworks:Strike"],"score":219,"play_id":"913faed9-e97b-40c0-acf8-5200539e2e72","local_time":"20210106222540","is_ascension_mode":false,"campfire_choices":[{"data":"Moonworks:Ambush","floor":6,"key":"SMITH"},{"data":"Moonworks:NicePresent","floor":8,"key":"SMITH"},{"data":"Moonworks:EvilSpyWorkPreparation","floor":15,"key":"SMITH"},{"data":"Moonworks:SealedMemories","floor":23,"key":"SMITH"}],"circlet_count":0,"master_deck":["Moonworks:Strike","Moonworks:Strike","Moonworks:Strike","Moonworks:Defend","Moonworks:Defend","Moonworks:Defend","Moonworks:Defend","Moonworks:Ambush+1","Moonworks:LongDistanceShot","Moonworks:NicePresent+1","Moonworks:SealedMemories+1","Moonworks:EvilSpyWorkPreparation+1","Moonworks:Gamble"],"relics":["Moonworks:BrokenBomb","Moonworks:Homemark","Calipers","Strawberry","Hololive_LightStick","Sozu"],"acts_visited":["Exordium","Gensokyo:Gensokyo"],"potions_floor_usage":[11,16,16],"damage_taken":[{"damage":4,"enemies":"Gensokyo:3_Fairies","floor":1,"turns":3},{"damage":2,"enemies":"Gensokyo:Gryphon","floor":2,"turns":3},{"damage":0,"enemies":"Gensokyo:2_Kodama","floor":5,"turns":4},{"damage":14,"enemies":"Gensokyo:Kitsune","floor":10,"turns":4},{"damage":18,"enemies":"Gensokyo:Aya","floor":11,"turns":7},{"damage":0,"enemies":"Gensokyo:2_Rabbits","floor":12,"turns":3},{"damage":16,"enemies":"Gensokyo:Yukari","floor":16,"turns":9},{"damage":0,"enemies":"Gensokyo:CosmicMonolith","floor":18,"turns":2},{"damage":0,"enemies":"Gensokyo:Chomper","floor":22,"turns":2},{"damage":998,"enemies":"Gensokyo:Reisen","floor":24,"turns":4}],"seed_played":"-8631357023650280170","potions_obtained":[{"floor":0,"key":"Regen Potion"},{"floor":0,"key":"Block Potion"},{"floor":0,"key":"SteroidPotion"},{"floor":1,"key":"BlessingOfTheForge"},{"floor":11,"key":"DistilledChaos"}],"is_trial":false,"path_per_floor":["M","M","?","?","M","R","$","R","T","M","E","M","?","COS","R","B",null,"M","?","$","?","M","R","E"],"character_chosen":"THE_STARBREAKER","items_purchased":[],"campfire_rested":0,"item_purchase_floors":[],"current_hp_per_floor":[56,54,54,51,51,51,51,51,51,37,33,33,33,33,33,17,67,67,67,67,67,67,67,0,0],"gold":52,"neow_bonus":"THREE_SMALL_POTIONS","is_daily":false,"chose_seed":false,"campfire_upgraded":4,"win_rate":0.0,"timestamp":1610000740,"path_taken":["M","M","?","?","M","R","?","R","T","?","E","M","?","COS","R","BOSS","M","?","$","?","?","R","E"],"items_purchased_type":[],"build_version":"2020-12-22","purchased_purges":1,"victory":false,"max_hp_per_floor":[60,60,60,67,67,67,67,67,67,67,67,67,67,67,67,67,67,67,67,67,67,67,67,67,67],"card_choices":[{"not_picked":["Moonworks:CloudOfSeagulls","Moonworks:Assault","Moonworks:IndiscriminateFireSupport"],"picked":"SKIP","floor":1},{"not_picked":["Moonworks:LulusLuckyEgg","Moonworks:CloudOfSeagulls","Moonworks:DeployBits"],"picked":"SKIP","floor":2},{"not_picked":["Moonworks:JonathanRush","Moonworks:SakisCookie"],"picked":"Moonworks:NicePresent","floor":5},{"not_picked":["Moonworks:BigMagnum","Moonworks:LulusLuckyEgg","Moonworks:SelfDestruct"],"picked":"SKIP","floor":10},{"not_picked":["Moonworks:Accelerator","Moonworks:IndiscriminateFireSupport"],"picked":"Moonworks:SealedMemories","floor":11},{"not_picked":["Moonworks:CloudOfSeagulls","Moonworks:DeployBits"],"picked":"Moonworks:EvilSpyWorkPreparation","floor":12},{"not_picked":["Moonworks:AccelHyper","Moonworks:LeapThroughSpace"],"picked":"Moonworks:Gamble","floor":16},{"not_picked":["Moonworks:IndiscriminateFireSupport","Moonworks:CloudOfSeagulls","Moonworks:DeployBits"],"picked":"SKIP","floor":18},{"not_picked":["Moonworks:DeployBits","Moonworks:SubspaceTunnel","Moonworks:IndiscriminateFireSupport"],"picked":"SKIP","floor":22}],"player_experience":366375,"relics_obtained":[{"floor":11,"key":"Hololive_LightStick"}],"event_choices":[],"is_beta":false,"boss_relics":[{"not_picked":["Ectoplasm","Astrolabe"],"picked":"Sozu"}],"items_purged_floors":[20],"is_endless":false,"potions_floor_spawned":[1,2,11],"killed_by":"Gensokyo:Reisen","ascension_level":0}}