{"host":"4nqeo0vu1vuav7gg","time":1610041468,"event":{"mods":["AchievementEnabler","BaseMod","Block Reminder","Colored Map","Colored Powertips","Highlight Path","Minty Spire (QoL Compilation)","Quick Restart","Rare Cards Sparkle","Relic Relevance Reorder","StSLib"],"gold_per_floor":[119,119,119,119,134,162,162,31,54,82,82,82,107,126,126,205,205,157,107,107,7,26,26,26],"floor_reached":23,"playtime":942,"items_purged":["Strike_B","Decay"],"score":400,"play_id":"2f2d74f7-423e-4f98-a8d1-a700f7733251","local_time":"20210107184428","is_ascension_mode":true,"campfire_choices":[{"floor":7.0,"key":"REST"},{"data":"Barrage","floor":12.0,"key":"SMITH"},{"data":"Double Energy","floor":15.0,"key":"SMITH"}],"circlet_count":0,"master_deck":["AscendersBane","Strike_B","Strike_B","Defend_B","Defend_B","Defend_B","Defend_B","Zap","Dualcast","Go for the Eyes","Barrage+1","White Noise","Cold Snap","Conserve Battery","Double Energy+1","Fission","Cold Snap+1","BootSequence+1"],"relics":["Cracked Core","Busted Crown","Bronze Scales","Question Card","Dream Catcher","Juzu Bracelet","Potion Belt","Strawberry"],"acts_visited":["Exordium","TheCity"],"potions_floor_usage":[18],"damage_taken":[{"damage":0.0,"enemies":"2 Louse","floor":1.0,"turns":2.0},{"damage":2.0,"enemies":"Jaw Worm","floor":5.0,"turns":3.0},{"damage":25.0,"enemies":"Gremlin Nob","floor":6.0,"turns":4.0},{"damage":12.0,"enemies":"3 Sentries","floor":10.0,"turns":3.0},{"damage":11.0,"enemies":"Lagavulin","floor":13.0,"turns":4.0},{"damage":0.0,"enemies":"Cultist","floor":14.0,"turns":2.0},{"damage":46.0,"enemies":"The Guardian","floor":16.0,"turns":13.0},{"damage":17,"enemies":"2 Thieves","floor":18,"turns":5},{"damage":33,"enemies":"Spheric Guardian","floor":22,"turns":5},{"damage":49,"enemies":"Gremlin Leader","floor":23,"turns":6}],"seed_played":"-8382642940132528005","potions_obtained":[{"floor":5.0,"key":"PowerPotion"},{"floor":10.0,"key":"SneckoOil"},{"floor":14.0,"key":"FearPotion"},{"floor":18,"key":"FairyPotion"}],"is_trial":false,"path_per_floor":["M","?","?","?","M","E","R","$","T","E","?","R","E","M","R","B",null,"M","?","?","$","M","E"],"character_chosen":"DEFECT","items_purchased":["Cold Snap"],"campfire_rested":1,"item_purchase_floors":[8],"current_hp_per_floor":[64,53,53,53,51,26,47,47,47,35,58,58,54,54,54,8,61,44,44,44,44,11,0,0],"gold":26,"neow_bonus":"RANDOM_COMMON_RELIC","is_daily":false,"chose_seed":false,"campfire_upgraded":2,"win_rate":0.0,"timestamp":1610041468,"path_taken":["M","?","?","?","M","E","R","$","T","E","?","R","E","M","R","BOSS","M","?","?","$","M","E"],"items_purchased_type":["Card"],"build_version":"2020-12-22","purchased_purges":2,"victory":false,"max_hp_per_floor":[71,71,71,71,71,71,71,71,71,71,71,71,78,78,78,78,78,78,78,78,78,78,78,78],"card_choices":[{"not_picked":["Hologram","Blizzard"],"picked":"Go for the Eyes","floor":1.0},{"not_picked":["Go for the Eyes","Rip and Tear"],"picked":"Barrage","floor":5.0},{"not_picked":["Lockon","Scrape","Leap"],"picked":"SKIP","floor":6.0},{"not_picked":["Turbo","Streamline"],"picked":"White Noise","floor":7.0},{"not_picked":["Hologram","Scrape","Redo"],"picked":"SKIP","floor":10.0},{"not_picked":["Barrage","Hello World","Redo"],"picked":"Conserve Battery","floor":13.0},{"not_picked":["Aggregate","Steam","Chaos"],"picked":"Double Energy","floor":14.0},{"not_picked":["Electrodynamics","Biased Cognition","Creative AI"],"picked":"Fission","floor":16.0},{"not_picked":["Leap"],"picked":"Cold Snap+1","floor":18},{"not_picked":["Steam+1"],"picked":"BootSequence+1","floor":22}],"player_experience":1056388,"relics_obtained":[{"floor":6.0,"key":"Juzu Bracelet"},{"floor":9.0,"key":"Potion Belt"},{"floor":10.0,"key":"Question Card"},{"floor":13.0,"key":"Strawberry"}],"event_choices":[{"damage_healed":0.0,"max_hp_gain":0.0,"max_hp_loss":0.0,"gold_gain":0.0,"event_name":"Scrap Ooze","player_choice":"Success","floor":2.0,"gold_loss":0.0,"damage_taken":11.0,"relics_obtained":["Bronze Scales"]},{"damage_healed":0.0,"max_hp_gain":0.0,"max_hp_loss":0.0,"gold_gain":0.0,"event_name":"Shining Light","player_choice":"Ignored","floor":3.0,"gold_loss":0.0,"damage_taken":0.0},{"cards_removed":["Strike_B"],"damage_healed":0.0,"max_hp_gain":0.0,"max_hp_loss":0.0,"gold_gain":0.0,"event_name":"Purifier","player_choice":"Purged","floor":4.0,"gold_loss":0.0,"damage_taken":0.0},{"damage_healed":23.0,"max_hp_gain":0.0,"max_hp_loss":0.0,"gold_gain":0.0,"event_name":"Big Fish","player_choice":"Banana","floor":11.0,"gold_loss":0.0,"damage_taken":0.0},{"damage_healed":0,"gold_gain":0,"player_choice":"Bet on Owner","damage_taken":0,"max_hp_gain":0,"max_hp_loss":0,"event_name":"The Joust","floor":19,"gold_loss":50},{"damage_healed":0,"gold_gain":0,"player_choice":"Smashed Altar","damage_taken":0,"max_hp_gain":0,"max_hp_loss":0,"event_name":"Forgotten Altar","floor":20,"gold_loss":0,"cards_obtained":["Decay"]}],"is_beta":false,"boss_relics":[{"not_picked":["Pandora\u0027s Box","Velvet Choker"],"picked":"Busted Crown"}],"items_purged_floors":[8,21],"is_endless":false,"potions_floor_spawned":[5,10,14,18],"killed_by":"Gremlin Leader","ascension_level":19}}