{"host":"6h0diz2ap0m56grs","time":1610057112,"event":{"mods":["2.2 Compatiblity","BaseMod","Colored Map","Marisa????????","Minty Spire (QoL Compilation)","Quick Restart","Replay The Spire","Shop Mod","StSLib","The Servant 0.9.4"],"gold_per_floor":[114,126,126,126,19,45,71,71,71,97,127,158,191,206,215,320,320,332,332,431,442,193,220,220,220],"floor_reached":24,"playtime":2869,"items_purged":[],"score":378,"play_id":"bdcbe596-6e7a-45f4-855e-e78471270228","local_time":"20210107160512","daily_mods":["SealedDeck","Heirloom","Time Dilation","Flight"],"is_ascension_mode":true,"campfire_choices":[{"data":"Defragment","floor":8,"key":"SMITH"},{"data":"BasicCrystalCard","floor":15,"key":"SMITH"}],"circlet_count":0,"master_deck":["Capacitor","Sweeping Beam+1","Cold Snap+1","Conserve Battery","Ball Lightning","Genetic Algorithm","BasicCrystalCard+1","BasicCrystalCard","Consume","Defragment+1","Cold Snap","Chill","Genetic Algorithm","Capacitor","Lockon","Coolheaded","Rainbow","Glacier+1"],"relics":["Cracked Core","replay:Trail_Library","Prayer Wheel","Ginger","Orichalcum","Turnip","Dead Branch","Replay:Antivirus Software","Shuriken","Coffee Dripper","Whetstone","MerchantsRug","Cables"],"acts_visited":["Exordium","TheCity"],"potions_floor_usage":[23],"damage_taken":[{"damage":7,"enemies":"Small Slimes","floor":1,"turns":2},{"damage":1,"enemies":"Jaw Worm","floor":2,"turns":5},{"damage":0,"enemies":"Lagavulin","floor":6,"turns":9},{"damage":2,"enemies":"Gremlin Nob","floor":7,"turns":4},{"damage":11,"enemies":"3 Sentries","floor":10,"turns":6},{"damage":0,"enemies":"Gremlin Nob","floor":11,"turns":5},{"damage":0,"enemies":"Lagavulin","floor":12,"turns":7},{"damage":0,"enemies":"Gremlin Nob","floor":13,"turns":4},{"damage":0,"enemies":"Cultist","floor":14,"turns":3},{"damage":15,"enemies":"The Guardian","floor":16,"turns":13},{"damage":2,"enemies":"2 Thieves","floor":18,"turns":4},{"damage":0,"enemies":"Chosen","floor":21,"turns":4},{"damage":14,"enemies":"Gremlin Leader","floor":23,"turns":8},{"damage":0,"enemies":"Replay:Snechameleon","floor":24,"turns":1}],"seed_played":"-1796927197643400418","potions_obtained":[{"floor":7,"key":"Adrenaline Potion"},{"floor":11,"key":"Explosive Potion"},{"floor":13,"key":"Adrenaline Potion"},{"floor":23,"key":"SpeedPotion"}],"is_trial":true,"path_per_floor":["M","M","?","?","$","E","E","R","T","E","E","E","E","M","R","B",null,"M","?","?","M","$","E","E"],"character_chosen":"DEFECT","items_purchased":["Genetic Algorithm","Capacitor","Whetstone","MerchantsRug"],"campfire_rested":0,"item_purchase_floors":[5,5,22,22],"current_hp_per_floor":[68,67,67,67,67,67,65,65,65,54,54,54,54,54,54,39,75,73,73,73,73,73,59,59,59],"gold":220,"neow_bonus":"","is_daily":false,"chose_seed":false,"campfire_upgraded":2,"win_rate":0.0,"timestamp":1610057112,"path_taken":["M","M","?","?","$","E","E","R","T","E","E","E","E","?","R","BOSS","M","?","?","M","$","E","E"],"items_purchased_type":["Card","Card","Relic","Relic"],"build_version":"2020-12-22","purchased_purges":0,"victory":false,"max_hp_per_floor":[75,75,75,75,75,75,75,75,75,75,75,75,75,75,75,75,75,75,75,75,75,75,75,75,75],"card_choices":[{"not_picked":["Rip and Tear","Chaos","Scrape"],"picked":"SKIP","floor":1},{"not_picked":["Barrage","Undo","Beam Cell"],"picked":"SKIP","floor":1},{"not_picked":["BasicCrystalCard","Melter"],"picked":"Cold Snap","floor":2},{"not_picked":["Undo","Turbo"],"picked":"Chill","floor":2},{"not_picked":["Conserve Battery","Steam"],"picked":"Lockon","floor":6},{"not_picked":["Storm","Machine Learning","Chill"],"picked":"SKIP","floor":7},{"not_picked":["Heatsinks","Sweeping Beam","Storm"],"picked":"SKIP","floor":10},{"not_picked":["Recycle","Crystallizer","BasicCrystalCard"],"picked":"SKIP","floor":11},{"not_picked":["Leap","Go for the Eyes","Rebound"],"picked":"SKIP","floor":12},{"not_picked":["BootSequence","BasicCrystalCard","ReplayTheSpireMod:Reroute Power"],"picked":"SKIP","floor":13},{"not_picked":["Leap","ReplaySort","Chaos"],"picked":"SKIP","floor":14},{"not_picked":["Steam Power","Turbo","Stack"],"picked":"SKIP","floor":14},{"not_picked":["Machine Learning","Echo Form"],"picked":"Rainbow","floor":16},{"not_picked":["Gash","Sweeping Beam","Steam"],"picked":"SKIP","floor":18},{"not_picked":["Coolheaded","Recycle","Hologram"],"picked":"SKIP","floor":18},{"not_picked":["Steam+1","BasicCrystalCard","Barrage"],"picked":"SKIP","floor":21},{"not_picked":["Auto Shields","Sweeping Beam","Conserve Battery"],"picked":"SKIP","floor":21},{"not_picked":["Coolheaded","Crystallizer+1"],"picked":"Glacier+1","floor":23}],"player_experience":145793,"relics_obtained":[{"floor":6,"key":"Ginger"},{"floor":7,"key":"Orichalcum"},{"floor":9,"key":"Turnip"},{"floor":10,"key":"Dead Branch"},{"floor":11,"key":"Replay:Antivirus Software"},{"floor":12,"key":"Shuriken"},{"floor":13,"key":"CeramicFish"},{"floor":23,"key":"Cables"}],"event_choices":[{"damage_healed":0,"gold_gain":0,"player_choice":"Ignored","damage_taken":0,"max_hp_gain":0,"max_hp_loss":0,"event_name":"Liars Game","floor":3,"gold_loss":0},{"damage_healed":0,"gold_gain":0,"player_choice":"Ignored","damage_taken":0,"max_hp_gain":0,"max_hp_loss":0,"event_name":"Transmorgrifier","floor":4,"gold_loss":0},{"damage_healed":0,"gold_gain":0,"player_choice":"Ignored","damage_taken":0,"max_hp_gain":0,"max_hp_loss":0,"event_name":"Vampires","floor":19,"gold_loss":0},{"damage_healed":0,"gold_gain":99,"player_choice":"Stole From Cult","damage_taken":0,"max_hp_gain":0,"max_hp_loss":0,"event_name":"Nest","floor":20,"gold_loss":0}],"is_beta":false,"boss_relics":[{"not_picked":["Snecko Eye","Runic Pyramid"],"picked":"Coffee Dripper"}],"items_purged_floors":[],"is_endless":false,"potions_floor_spawned":[7,11,13,21,23],"killed_by":"Replay:Snechameleon","ascension_level":1}}