{"host":"91kqwblrqvon3fcz","time":1610025284,"event":{"mods":["Act Like it!","BaseMod","Elementarium","Hermit","Minty Spire (QoL Compilation)","Quick Restart","StSLib"],"gold_per_floor":[110,385,397,410,272,300,300,228,252,212,212,229,245,272,272,376,376,394,394,411,411,411,437,280,280,304,404,435,287,304,336,336,441,441,456,469,484,759,445,476,476,476,502,536,350,350,44,92,92,92,92,92,15,48,48,48],"floor_reached":55,"playtime":2094,"items_purged":[],"score":930,"play_id":"878cd084-2199-4477-adbf-b400fba52f26","local_time":"20210107051444","is_ascension_mode":true,"campfire_choices":[{"floor":7.0,"key":"REST"},{"data":"hermit:Showdown","floor":11.0,"key":"SMITH"},{"floor":15.0,"key":"REST"},{"floor":25.0,"key":"REST"},{"data":"Elementarium:WindblessedBlade","floor":32.0,"key":"SMITH"},{"floor":41.0,"key":"REST"},{"floor":42.0,"key":"RECALL"},{"floor":49.0,"key":"REST"},{"data":"hermit:Reprieve","floor":52,"key":"SMITH"}],"circlet_count":0,"master_deck":["hermit:Strike_Hermit","hermit:Strike_Hermit","hermit:Strike_Hermit","hermit:Strike_Hermit","hermit:Defend_Hermit","hermit:Defend_Hermit","hermit:Defend_Hermit","hermit:Defend_Hermit","hermit:Snapshot","hermit:Covet","hermit:GoldenBullet","Regret","hermit:Glare","hermit:FullyLoaded","hermit:Showdown+1","hermit:Deadeye","hermit:CursedWeapon","hermit:EyeOfTheStorm","hermit:Roulette","hermit:Gambit","hermit:Roughhouse","CurseOfTheBell","hermit:Gestalt+1","Elementarium:FireblessedBlade","Elementarium:WindblessedBlade+1","Elementarium:EarthblessedBlade","Elementarium:IceblessedBlade","Elementarium:VoidblessedBlade","hermit:GhostlyPresence","hermit:NoHoldsBarred","Elementarium:FireblessedBlade","hermit:Snipe+1","hermit:Reprieve+1","hermit:Feint+1","hermit:BodyArmor+1","hermit:Magnum+1","hermit:Glare+1","hermit:Snipe+1","hermit:Combo+1","Regret","hermit:TakeCover","hermit:LoneWolf+1","hermit:HoleUp","hermit:Maintenance","Madness","Mind Blast","The Bomb","hermit:EyeOfTheStorm","hermit:RoundhouseKick"],"relics":["hermit:Momento","NeowsBlessing","Potion Belt","Toy Ornithopter","White Beast Statue","Calling Bell","Anchor","StrikeDummy","Lizard Tail","PreservedInsect","Blue Candle","Smiling Mask","DollysMirror","Oddly Smooth Stone","WingedGreaves","hermit:Horseshoe","Ancient Tea Set","Strange Spoon","Mercury Hourglass","Elementarium:ElementariumTrophy","Astrolabe","Bottled Lightning","Bottled Tornado","Regal Pillow","Cauldron","Bronze Scales","Strawberry","hermit:CharredGlove","HornCleat"],"acts_visited":["Exordium","Elementarium:Elementarium","TheBeyond","TheEnding"],"potions_floor_usage":[55,55,55,55],"damage_taken":[{"damage":0.0,"enemies":"Jaw Worm","floor":1.0,"turns":1.0},{"damage":0.0,"enemies":"Cultist","floor":3.0,"turns":1.0},{"damage":0.0,"enemies":"Small Slimes","floor":4.0,"turns":1.0},{"damage":20.0,"enemies":"Gremlin Nob","floor":6.0,"turns":4.0},{"damage":10.0,"enemies":"Blue Slaver","floor":12.0,"turns":3.0},{"damage":26.0,"enemies":"Gremlin Gang","floor":13.0,"turns":5.0},{"damage":23.0,"enemies":"Lagavulin","floor":14.0,"turns":4.0},{"damage":39.0,"enemies":"The Guardian","floor":16.0,"turns":7.0},{"damage":5.0,"enemies":"Elementarium:MUD_AND_TAR_GOLEMS","floor":18.0,"turns":3.0},{"damage":0.0,"enemies":"Elementarium:2_ELEMENTALS","floor":20.0,"turns":2.0},{"damage":25.0,"enemies":"Elementarium:ElementalPortal","floor":23.0,"turns":6.0},{"damage":12.0,"enemies":"Elementarium:FIRE_SANCTUM_HERALD","floor":27.0,"turns":4.0},{"damage":0.0,"enemies":"Elementarium:FIRE_SANCTUM_FIRELORD","floor":27.0,"turns":2.0},{"damage":4.0,"enemies":"Elementarium:FIRE_NOBILITY","floor":28.0,"turns":5.0},{"damage":3.0,"enemies":"Elementarium:Hydrostalker","floor":30.0,"turns":5.0},{"damage":2.0,"enemies":"Elementarium:ElementalPortal","floor":31.0,"turns":6.0},{"damage":29.0,"enemies":"Elementarium:PHOENIXES","floor":33.0,"turns":10.0},{"damage":0.0,"enemies":"Orb Walker","floor":35.0,"turns":3.0},{"damage":28.0,"enemies":"3 Darklings","floor":36.0,"turns":5.0},{"damage":21.0,"enemies":"4 Shapes","floor":37.0,"turns":4.0},{"damage":15.0,"enemies":"Reptomancer","floor":40.0,"turns":4.0},{"damage":13.0,"enemies":"Giant Head","floor":44.0,"turns":8.0},{"damage":35.0,"enemies":"2 Orb Walkers","floor":48.0,"turns":4.0},{"damage":40,"enemies":"Time Eater","floor":50,"turns":11},{"damage":24,"enemies":"Shield and Spear","floor":54,"turns":5},{"damage":126,"enemies":"The Heart","floor":55,"turns":5}],"seed_played":"-6953493228287779039","potions_obtained":[{"floor":1.0,"key":"hermit:BlackBile"},{"floor":6.0,"key":"ColorlessPotion"},{"floor":10.0,"key":"hermit:Tonic"},{"floor":10.0,"key":"SpeedPotion"},{"floor":10.0,"key":"CultistPotion"},{"floor":14.0,"key":"Dexterity Potion"},{"floor":16.0,"key":"Swift Potion"},{"floor":18.0,"key":"AttackPotion"},{"floor":20.0,"key":"hermit:Tonic"},{"floor":23.0,"key":"PowerPotion"},{"floor":27.0,"key":"Dexterity Potion"},{"floor":28.0,"key":"Fruit Juice"},{"floor":30.0,"key":"Ancient Potion"},{"floor":31.0,"key":"BlessingOfTheForge"},{"floor":33.0,"key":"LiquidBronze"},{"floor":35.0,"key":"SkillPotion"},{"floor":36.0,"key":"PowerPotion"},{"floor":37.0,"key":"Fire Potion"},{"floor":40.0,"key":"Regen Potion"},{"floor":44.0,"key":"Swift Potion"},{"floor":45.0,"key":"FairyPotion"},{"floor":45.0,"key":"DistilledChaos"},{"floor":45.0,"key":"hermit:Tonic"},{"floor":54,"key":"hermit:Tonic"}],"is_trial":false,"path_per_floor":["M","?","M","M","$","E","R","$","T","?","R","M","M","E","R","B",null,"M","?","M","T","?","E","$","R","T","?","E","$","M","E","R","B",null,"M","M","M","?","$","E","R","R","T","E","$","?","$","?","R","B",null,"R","$","E","B"],"character_chosen":"HERMIT","items_purchased":["hermit:FullyLoaded","hermit:Showdown","hermit:CursedWeapon","DollysMirror","Strange Spoon","Bottled Lightning","hermit:TakeCover","hermit:Maintenance","Cauldron","Bronze Scales","Strawberry","hermit:EyeOfTheStorm"],"campfire_rested":5,"item_purchase_floors":[5,5,8,24,29,39,39,45,45,47,47,53],"current_hp_per_floor":[75,75,75,75,75,55,75,75,75,75,75,65,39,21,43,19,75,70,45,45,45,45,25,25,38,38,45,50,50,47,45,45,26,50,50,34,13,13,13,29,44,44,44,40,40,30,37,18,50,17,57,57,57,33,0,0],"gold":48,"neow_bonus":"THREE_ENEMY_KILL","is_daily":false,"chose_seed":false,"campfire_upgraded":3,"win_rate":0.0,"timestamp":1610025284,"path_taken":["M","?","?","M","$","E","R","$","T","?","R","M","?","E","R","BOSS","M","?","?","?","?","E","$","R","T","?","E","$","?","E","R","BOSS","M","M","?","?","$","E","R","R","T","E","?","?","$","?","R","BOSS","R","$","E","BOSS"],"items_purchased_type":["Card","Card","Card","Relic","Relic","Relic","Card","Card","Relic","Relic","Relic","Card"],"build_version":"2020-12-22","purchased_purges":0,"victory":false,"max_hp_per_floor":[75,75,75,75,75,75,75,75,75,75,75,75,75,75,75,75,75,75,45,45,45,45,45,45,45,45,45,50,50,50,50,50,50,50,50,50,50,50,50,50,50,50,50,50,50,50,57,57,57,57,57,57,57,57,57,57],"card_choices":[{"not_picked":["hermit:Showdown","hermit:ItchyTrigger"],"picked":"hermit:GoldenBullet","floor":1.0},{"not_picked":["hermit:LuckOfTheDraw","hermit:LowProfile"],"picked":"hermit:Glare","floor":3.0},{"not_picked":["hermit:Ricochet","hermit:Desperado"],"picked":"hermit:Virtue","floor":4.0},{"not_picked":["hermit:Grudge","hermit:Feint"],"picked":"hermit:Deadeye","floor":6.0},{"not_picked":["hermit:HighCaliber","hermit:Vantage"],"picked":"hermit:EyeOfTheStorm","floor":12.0},{"not_picked":["hermit:Glare","hermit:Feint"],"picked":"hermit:Roulette","floor":13.0},{"not_picked":["hermit:DeadMansHand","hermit:ItchyTrigger"],"picked":"hermit:Gambit","floor":14.0},{"not_picked":["hermit:FatalDesire","hermit:Adapt"],"picked":"hermit:Roughhouse","floor":16.0},{"not_picked":["hermit:BodyArmor","hermit:ShadowCloak"],"picked":"hermit:Gestalt+1","floor":18.0},{"not_picked":["hermit:Coalescence","hermit:ItchyTrigger"],"picked":"hermit:GhostlyPresence","floor":20.0},{"not_picked":["hermit:BodyArmor","hermit:Virtue"],"picked":"hermit:NoHoldsBarred","floor":23.0},{"not_picked":["hermit:Dive","hermit:Deadeye"],"picked":"hermit:Snipe+1","floor":27.0},{"not_picked":["hermit:DeadMansHand","hermit:Vantage"],"picked":"hermit:Dive","floor":28.0},{"not_picked":["hermit:HighCaliber","hermit:Deadeye","hermit:Desperado"],"picked":"SKIP","floor":30.0},{"not_picked":["hermit:GhostlyPresence","hermit:TrackingShot"],"picked":"hermit:RoundhouseKick","floor":31.0},{"not_picked":["hermit:Adapt","hermit:DeadOrAlive"],"picked":"hermit:Reprieve","floor":33.0},{"not_picked":["hermit:Desperado+1","hermit:NoHoldsBarred"],"picked":"hermit:Glare+1","floor":35.0},{"not_picked":["hermit:CalledShot+1","hermit:Spite+1"],"picked":"hermit:Snipe+1","floor":36.0},{"not_picked":["hermit:Vantage","hermit:EyeOfTheStorm+1"],"picked":"hermit:Combo+1","floor":37.0},{"not_picked":["hermit:ItchyTrigger","hermit:GoldenBullet"],"picked":"hermit:LoneWolf+1","floor":40.0},{"not_picked":["hermit:LuckOfTheDraw+1","hermit:Desperado"],"picked":"hermit:HoleUp","floor":44.0},{"not_picked":["Chrysalis","Dramatic Entrance"],"picked":"Madness","floor":46.0},{"not_picked":["Metamorphosis","Jack Of All Trades"],"picked":"Mind Blast","floor":46.0},{"not_picked":["Secret Technique","Trip"],"picked":"The Bomb","floor":46.0},{"not_picked":["hermit:LowProfile","hermit:Glare"],"picked":"hermit:RoundhouseKick","floor":54}],"player_experience":405020,"relics_obtained":[{"floor":6.0,"key":"Potion Belt"},{"floor":9.0,"key":"Toy Ornithopter"},{"floor":14.0,"key":"White Beast Statue"},{"floor":17.0,"key":"Anchor"},{"floor":17.0,"key":"StrikeDummy"},{"floor":17.0,"key":"Lizard Tail"},{"floor":21.0,"key":"PreservedInsect"},{"floor":23.0,"key":"Smiling Mask"},{"floor":26.0,"key":"Oddly Smooth Stone"},{"floor":27.0,"key":"WingedGreaves"},{"floor":27.0,"key":"hermit:Horseshoe"},{"floor":28.0,"key":"Ancient Tea Set"},{"floor":31.0,"key":"Mercury Hourglass"},{"floor":40.0,"key":"Bottled Tornado"},{"floor":44.0,"key":"Regal Pillow"},{"floor":48.0,"key":"hermit:CharredGlove"},{"floor":54,"key":"HornCleat"}],"event_choices":[{"damage_healed":0.0,"max_hp_gain":0.0,"max_hp_loss":0.0,"gold_gain":275.0,"event_name":"Golden Shrine","player_choice":"Desecrate","floor":2.0,"gold_loss":0.0,"damage_taken":0.0,"cards_obtained":["Regret"]},{"damage_healed":0.0,"max_hp_gain":0.0,"max_hp_loss":0.0,"gold_gain":0.0,"event_name":"The Woman in Blue","player_choice":"Bought 3 Potions","floor":10.0,"gold_loss":0.0,"damage_taken":0.0},{"damage_healed":0.0,"max_hp_gain":0.0,"max_hp_loss":30.0,"gold_gain":0.0,"event_name":"Elementarium:ElementalBlades","player_choice":"Touch","floor":19.0,"gold_loss":0.0,"damage_taken":0.0,"cards_obtained":["Elementarium:FireblessedBlade","Elementarium:WindblessedBlade","Elementarium:EarthblessedBlade","Elementarium:IceblessedBlade","Elementarium:VoidblessedBlade"]},{"damage_healed":0.0,"max_hp_gain":0.0,"max_hp_loss":0.0,"gold_gain":0.0,"event_name":"Elementarium:TarCoveredCasket","player_choice":"Open","floor":22.0,"gold_loss":0.0,"damage_taken":0.0,"relics_obtained":["Blue Candle"],"cards_obtained":["Elementarium:StickyTar"]},{"damage_healed":0.0,"max_hp_gain":0.0,"max_hp_loss":0.0,"gold_gain":0.0,"event_name":"Elementarium:FireSanctum","player_choice":"Fight","floor":27.0,"gold_loss":0.0,"damage_taken":0.0},{"damage_healed":0.0,"max_hp_gain":0.0,"max_hp_loss":0.0,"gold_gain":0.0,"event_name":"Elementarium:FireSanctum","player_choice":"Confrontation","floor":27.0,"gold_loss":0.0,"damage_taken":0.0},{"damage_healed":0.0,"max_hp_gain":0.0,"max_hp_loss":0.0,"gold_gain":275.0,"event_name":"Golden Shrine","player_choice":"Desecrate","floor":38.0,"gold_loss":0.0,"damage_taken":0.0,"cards_obtained":["Regret"]},{"damage_healed":0.0,"max_hp_gain":0.0,"max_hp_loss":0.0,"gold_gain":0.0,"event_name":"SensoryStone","player_choice":"Memory 3","floor":46.0,"gold_loss":0.0,"damage_taken":10.0},{"damage_healed":0.0,"max_hp_gain":0.0,"max_hp_loss":0.0,"gold_gain":0.0,"event_name":"Mysterious Sphere","player_choice":"Fight","floor":48.0,"gold_loss":0.0,"damage_taken":0.0}],"is_beta":false,"boss_relics":[{"not_picked":["hermit:BartenderGlass","SacredBark"],"picked":"Calling Bell"},{"not_picked":["Sozu","Coffee Dripper"],"picked":"Astrolabe"}],"items_purged_floors":[],"is_endless":false,"potions_floor_spawned":[1,6,14,16,18,20,23,27,27,28,30,31,33,35,36,37,40,44,48,54],"killed_by":"The Heart","ascension_level":2}}