{"host":"c3lc60y5x60jlt1y","time":1610026954,"event":{"mods":["AchievementEnabler","BaseMod","Bestiary","Colored Map","Minty Spire (QoL Compilation)","Quick Restart","StSLib","ojb\u0027s Info Mod"],"gold_per_floor":[110,110,185,135,152,181,200,226,226,252,252,266,103,115,115,218,218,235,250,250,165,89,100,199,124,170,182,182,182],"floor_reached":28,"playtime":1119,"items_purged":["Defend_B"],"score":276,"play_id":"413aa4f8-1974-47cc-a62b-ad8433c43cbd","local_time":"20210107154234","is_ascension_mode":true,"campfire_choices":[{"data":"Static Discharge","floor":15,"key":"SMITH"}],"circlet_count":0,"master_deck":["Strike_B","Strike_B","Strike_B","Defend_B+1","Defend_B","Zap","Dualcast","Compile Driver","Ball Lightning","Capacitor","Static Discharge+1","FTL","Ball Lightning","Reinforced Body+1","Steam","Ball Lightning","Thunder Strike","Heatsinks","Electrodynamics","Capacitor","Fusion+1","Capacitor"],"relics":["Cracked Core","NeowsBlessing","Meat on the Bone","Juzu Bracelet","Happy Flower","InkBottle","Mummified Hand","Blue Candle","Philosopher\u0027s Stone","War Paint","Pen Nib"],"acts_visited":["Exordium","TheCity"],"potions_floor_usage":[8,16,28],"damage_taken":[{"damage":0,"enemies":"2 Louse","floor":1,"turns":1},{"damage":0,"enemies":"Small Slimes","floor":5,"turns":1},{"damage":0,"enemies":"Gremlin Nob","floor":6,"turns":1},{"damage":6,"enemies":"Jaw Worm","floor":7,"turns":3},{"damage":26,"enemies":"3 Sentries","floor":8,"turns":5},{"damage":16,"enemies":"Gremlin Nob","floor":10,"turns":3},{"damage":32,"enemies":"Exordium Thugs","floor":12,"turns":3},{"damage":0,"enemies":"3 Louse","floor":14,"turns":3},{"damage":15,"enemies":"Hexaghost","floor":16,"turns":6},{"damage":0,"enemies":"Spheric Guardian","floor":18,"turns":3},{"damage":25,"enemies":"3 Byrds","floor":19,"turns":3},{"damage":9,"enemies":"Snecko","floor":23,"turns":4},{"damage":11,"enemies":"Sentry and Sphere","floor":27,"turns":3},{"damage":47,"enemies":"Slavers","floor":28,"turns":3}],"seed_played":"4946423418309106800","potions_obtained":[{"floor":5,"key":"AttackPotion"},{"floor":7,"key":"Dexterity Potion"},{"floor":12,"key":"LiquidMemories"},{"floor":14,"key":"PowerPotion"},{"floor":19,"key":"PowerPotion"}],"is_trial":false,"path_per_floor":["M","?","?","?","M","E","M","E","T","E","T","M","$","M","R","B",null,"M","M","?","?","$","M","?","?","T","M","E"],"character_chosen":"DEFECT","items_purchased":["Reinforced Body","Steam","Capacitor"],"campfire_rested":0,"item_purchase_floors":[13,13,22],"current_hp_per_floor":[75,72,61,61,61,61,55,41,41,37,37,17,17,29,29,26,75,75,50,50,50,50,41,41,41,41,42,0,0],"gold":182,"neow_bonus":"THREE_ENEMY_KILL","is_daily":false,"chose_seed":false,"campfire_upgraded":1,"win_rate":0.0,"timestamp":1610026954,"path_taken":["M","?","?","?","?","E","M","E","T","E","?","M","$","M","R","BOSS","M","M","?","?","$","M","?","?","T","M","E"],"items_purchased_type":["Card","Card","Card"],"build_version":"2020-12-22","purchased_purges":1,"victory":false,"max_hp_per_floor":[75,75,75,75,75,75,75,75,75,75,75,75,75,75,75,75,75,75,75,75,75,75,75,75,75,75,75,75,75],"card_choices":[{"not_picked":["Leap","Aggregate"],"picked":"Compile Driver","floor":1},{"not_picked":["Beam Cell","Gash"],"picked":"Ball Lightning","floor":5},{"not_picked":["Sweeping Beam","Cold Snap"],"picked":"Capacitor","floor":6},{"not_picked":["Leap","Scrape"],"picked":"Static Discharge","floor":7},{"not_picked":["Hello World","Aggregate","Leap"],"picked":"SKIP","floor":8},{"not_picked":["Reprogram","Conserve Battery"],"picked":"FTL","floor":10},{"not_picked":["Rip and Tear","Streamline"],"picked":"Ball Lightning","floor":12},{"not_picked":["Steam","Steam Power"],"picked":"Ball Lightning","floor":14},{"not_picked":["Reboot","Multi-Cast"],"picked":"Thunder Strike","floor":16},{"not_picked":["Leap","Barrage+1","Compile Driver"],"picked":"SKIP","floor":18},{"not_picked":["Rebound","Leap"],"picked":"Heatsinks","floor":19},{"not_picked":["Meteor Strike","Blizzard"],"picked":"Fusion+1","floor":23},{"not_picked":["Hologram","Self Repair"],"picked":"Capacitor","floor":27}],"player_experience":7618237,"relics_obtained":[{"floor":6,"key":"Juzu Bracelet"},{"floor":8,"key":"Happy Flower"},{"floor":9,"key":"InkBottle"},{"floor":10,"key":"Mummified Hand"},{"floor":11,"key":"Blue Candle"},{"floor":26,"key":"Pen Nib"}],"event_choices":[{"damage_healed":0,"gold_gain":0,"player_choice":"Success","damage_taken":3,"relics_obtained":["Meat on the Bone"],"max_hp_gain":0,"max_hp_loss":0,"event_name":"Scrap Ooze","floor":2,"gold_loss":0},{"damage_healed":0,"gold_gain":75,"player_choice":"Gather Gold","damage_taken":11,"max_hp_gain":0,"max_hp_loss":0,"event_name":"World of Goop","floor":3,"gold_loss":0},{"cards_removed":["Defend_B"],"damage_healed":0,"gold_gain":0,"player_choice":"Card Removal","damage_taken":0,"max_hp_gain":0,"max_hp_loss":0,"event_name":"The Cleric","floor":4,"gold_loss":50},{"damage_healed":0,"gold_gain":0,"player_choice":"Read","damage_taken":0,"max_hp_gain":0,"max_hp_loss":0,"event_name":"The Library","floor":20,"gold_loss":0,"cards_obtained":["Electrodynamics"]},{"damage_healed":0,"gold_gain":0,"player_choice":"Obtained Relic","damage_taken":0,"relics_obtained":["War Paint"],"max_hp_gain":0,"max_hp_loss":0,"event_name":"Addict","floor":21,"gold_loss":85},{"damage_healed":0,"gold_gain":99,"player_choice":"Stole From Cult","damage_taken":0,"max_hp_gain":0,"max_hp_loss":0,"event_name":"Nest","floor":24,"gold_loss":0},{"cards_removed":["Strike_B"],"damage_healed":0,"gold_gain":0,"player_choice":"Gave Gold","damage_taken":0,"max_hp_gain":0,"max_hp_loss":0,"event_name":"Beggar","floor":25,"gold_loss":75}],"is_beta":false,"boss_relics":[{"not_picked":["Fusion Hammer","Black Star"],"picked":"Philosopher\u0027s Stone"}],"items_purged_floors":[13],"is_endless":false,"potions_floor_spawned":[5,7,12,14,19,23],"killed_by":"Slavers","ascension_level":1}}