{"host":"y2qjvfum100bh0ui","time":1610011857,"event":{"mods":["AchievementEnabler","BaseMod","Marked Mod","Minty Spire (QoL Compilation)","StSLib","The Runesmith"],"gold_per_floor":[115,115,415,431,431,431,460,478,478,478,512,512,144,162,162,265,265,281,281,281,268,268,268],"floor_reached":22,"playtime":892,"items_purged":[],"score":202,"play_id":"b62b8e1a-1f00-4a06-81ee-5eb9c08e4614","local_time":"20210107173057","is_ascension_mode":true,"campfire_choices":[{"data":"Eruption","floor":6.0,"key":"SMITH"},{"data":"BowlingBash","floor":10,"key":"SMITH"},{"floor":12,"key":"REST"},{"data":"Adaptation","floor":15,"key":"SMITH"}],"circlet_count":0,"master_deck":["Strike_P","Strike_P","Strike_P","Strike_P","Defend_P","Defend_P","Defend_P","Defend_P","Eruption+1","Vigilance","MarkedMod:Acupuncture","Scrawl","BowlingBash+1","Sanctity","MasterReality","Adaptation+1","MarkedMod:GentlePulse","MarkedMod:SlowDance","FollowUp+1","MarkedMod:PinPointDefense+1"],"relics":["PureWater","Old Coin","Bottled Lightning","Ornamental Fan","Pocketwatch","Prayer Wheel","Bag of Preparation","Lee\u0027s Waffle","VioletLotus"],"acts_visited":["Exordium","TheCity"],"potions_floor_usage":[7,7,16,16,16,16,16,22],"damage_taken":[{"damage":0.0,"enemies":"Cultist","floor":1.0,"turns":2.0},{"damage":4.0,"enemies":"Small Slimes","floor":4.0,"turns":5.0},{"damage":23,"enemies":"Lagavulin","floor":7,"turns":5},{"damage":6,"enemies":"Jaw Worm","floor":8,"turns":3},{"damage":14,"enemies":"3 Sentries","floor":11,"turns":5},{"damage":0,"enemies":"2 Fungi Beasts","floor":14,"turns":3},{"damage":24,"enemies":"Hexaghost","floor":16,"turns":6},{"damage":19,"enemies":"Spheric Guardian","floor":18,"turns":4},{"damage":21,"enemies":"2 Thieves","floor":21,"turns":4},{"damage":29,"enemies":"Snake Plant","floor":22,"turns":2}],"seed_played":"7048595958145812781","potions_obtained":[{"floor":0.0,"key":"Explosive Potion"},{"floor":0.0,"key":"EntropicBrew"},{"floor":0.0,"key":"Swift Potion"},{"floor":14,"key":"Block Potion"},{"floor":16,"key":"AttackPotion"},{"floor":18,"key":"CultistPotion"}],"is_trial":false,"path_per_floor":["M","?","?","M","T","R","E","M","T","R","E","R","$","M","R","B",null,"M","?","?","M","M"],"character_chosen":"WATCHER","items_purchased":["Bag of Preparation","Lee\u0027s Waffle","Adaptation"],"campfire_rested":1,"item_purchase_floors":[13,13,13],"current_hp_per_floor":[72,72,69,65,65,65,42,36,36,36,22,43,79,79,79,55,79,60,45,45,24,0,0],"gold":268,"neow_bonus":"THREE_SMALL_POTIONS","is_daily":false,"chose_seed":false,"campfire_upgraded":3,"win_rate":0.0,"timestamp":1610011857,"path_taken":["M","?","?","M","?","R","E","M","T","R","E","R","$","M","R","BOSS","M","?","?","M","M"],"items_purchased_type":["Relic","Relic","Card"],"build_version":"2020-12-22","purchased_purges":0,"victory":false,"max_hp_per_floor":[72,72,72,72,72,72,72,72,72,72,72,72,79,79,79,79,79,79,84,84,84,84,84],"card_choices":[{"not_picked":["ClearTheMind","EmptyFist"],"picked":"MarkedMod:Acupuncture","floor":1.0},{"not_picked":["Evaluate","EmptyBody"],"picked":"Scrawl","floor":4.0},{"not_picked":["FlurryOfBlows","Study"],"picked":"BowlingBash","floor":7},{"not_picked":["ThirdEye","Prostrate"],"picked":"Sanctity","floor":8},{"not_picked":["ThirdEye","Consecrate"],"picked":"MasterReality","floor":11},{"not_picked":["EmptyMind","ClearTheMind"],"picked":"MarkedMod:GentlePulse","floor":14},{"not_picked":["WreathOfFlame","Sanctity","BowlingBash"],"picked":"SKIP","floor":14},{"not_picked":["ConjureBlade","Scrawl"],"picked":"MarkedMod:SlowDance","floor":16},{"not_picked":["SashWhip","Crescendo"],"picked":"FollowUp+1","floor":18},{"not_picked":["CutThroughFate","ClearTheMind","Consecrate"],"picked":"SKIP","floor":18},{"not_picked":["Weave","FlyingSleeves"],"picked":"MarkedMod:PinPointDefense+1","floor":21},{"not_picked":["ReachHeaven+1","Crescendo","MarkedMod:GentlePulse"],"picked":"SKIP","floor":21}],"player_experience":11489,"relics_obtained":[{"floor":5.0,"key":"Bottled Lightning"},{"floor":7,"key":"Ornamental Fan"},{"floor":9,"key":"Pocketwatch"},{"floor":11,"key":"Prayer Wheel"}],"event_choices":[{"damage_healed":0.0,"max_hp_gain":0.0,"max_hp_loss":0.0,"gold_gain":0.0,"event_name":"Golden Wing","player_choice":"Ignored","floor":2.0,"gold_loss":0.0,"damage_taken":0.0},{"damage_healed":0.0,"max_hp_gain":0.0,"max_hp_loss":0.0,"gold_gain":0.0,"event_name":"Scrap Ooze","player_choice":"Success","floor":3.0,"gold_loss":0.0,"damage_taken":3.0,"relics_obtained":["Old Coin"]},{"damage_healed":0,"gold_gain":0,"player_choice":"Shed Blood","damage_taken":20,"max_hp_gain":5,"max_hp_loss":0,"event_name":"Forgotten Altar","floor":19,"gold_loss":0},{"damage_healed":0,"gold_gain":0,"player_choice":"Ignored","damage_taken":0,"max_hp_gain":0,"max_hp_loss":0,"event_name":"Beggar","floor":20,"gold_loss":0}],"is_beta":false,"boss_relics":[{"not_picked":["Empty Cage","Runic Dome"],"picked":"VioletLotus"}],"items_purged_floors":[],"is_endless":false,"potions_floor_spawned":[14,16,18],"killed_by":"Snake Plant","ascension_level":1}}