{"host":"aav8addp4mncoxty","time":1610026624,"event":{"mods":["AchievementEnabler","Act Like it!","BaseMod","CapriCore","GungeonMod","Hallownest","Hermit","Koishi","Lobotomy","Minty Spire (QoL Compilation)","Replay The Spire","StSLib","The Bug Knight","The Cursed","The Dragon Tamer","The Hierophant","The Immortal","The Jungle","The Poker Player","The Runesmith","WarShipGirlsR/??á´Ò³R mod"],"gold_per_floor":[116,126,126,136,147,182,182,15,42,60,9,9,9,38,38,143,143,157,22,42,42,42,42,42,42],"floor_reached":24,"playtime":2143,"items_purged":[],"score":204,"play_id":"a2bf01dc-7a3b-4bea-9265-21eb41811b35","local_time":"20210107223704","is_ascension_mode":false,"campfire_choices":[{"data":"rmod:ammunitionsupply","floor":7.0,"key":"SMITH"},{"data":"rmod:maintain","floor":12.0,"key":"SMITH"},{"floor":15.0,"key":"REST"},{"data":"rmod:fuelsupply","floor":23,"key":"SMITH"}],"circlet_count":1,"master_deck":["rmod:strick","rmod:strick","rmod:strick","rmod:strick","rmod:defend","rmod:defend","rmod:defend","rmod:defend","rmod:basicallowance","rmod:maingunfire","rmod:firesupport","ShyLook","rmod:fuelsupply+1","OSAHOGD","rmod:luckystar","Rudolta","rmod:ammunitionsupply+1","rmod:launchingtorpedo","rmod:maintain+1","rmod:maintain","rmod:luckystar","OldLady","rmod:firesupport","MHz","rmod:desperatesituation","rmod:aviationdawn+1","rmod:ammunitionsupply"],"relics":["rmod:firstchargereward","CogitoBucket","Hallownest:DreamNailRelic","DemoMod:PoisonVial","DemoMod:GnawedKey","Vajra","FleshIdol","Circlet","ReplayTheSpireMod:Lightbulb","Runic Pyramid","theJungle:Flamango"],"acts_visited":["Exordium","Hallownest:Greenpath"],"potions_floor_usage":[24],"damage_taken":[{"damage":0.0,"enemies":"Hallownest:monsterHuskWarrior","floor":1.0,"turns":4.0},{"damage":0.0,"enemies":"Hallownest:2_Baldur","floor":2.0,"turns":4.0},{"damage":0.0,"enemies":"2_ Uuma","floor":4.0,"turns":6.0},{"damage":5.0,"enemies":"Hallownest:monsterFoolEater","floor":5.0,"turns":4.0},{"damage":6.0,"enemies":"Hallownest:eliteVengeflyKing","floor":6.0,"turns":4.0},{"damage":11.0,"enemies":"Hallownest:Guard_and_Warrior","floor":10.0,"turns":8.0},{"damage":9.0,"enemies":"Hallownest:eliteMossKnight","floor":14.0,"turns":5.0},{"damage":13.0,"enemies":"Hallownest:BossBrokenVessel","floor":16.0,"turns":6.0},{"damage":14,"enemies":"theJungle:GiantWrat","floor":18,"turns":3},{"damage":31,"enemies":"theJungle:MUSHROOMGANG","floor":20,"turns":4},{"damage":57,"enemies":"theJungle:SlimyTreeVines","floor":24,"turns":3}],"seed_played":"-342996542133647410","potions_obtained":[{"floor":4.0,"key":"SteroidPotion"},{"floor":5.0,"key":"Elixir"},{"floor":6.0,"key":"Dexterity Potion"},{"floor":20,"key":"Explosive Potion"}],"is_trial":false,"path_per_floor":["M","M","?","M","M","E","R","$","T","M","$","R","?","E","R","B",null,"M","?","M","$","?","R","M"],"character_chosen":"PRAEFECT","items_purchased":["rmod:maintain","DemoMod:GnawedKey","DemoMod:LeadSkinPotion"],"campfire_rested":1,"item_purchase_floors":[8,8,11],"current_hp_per_floor":[75,75,75,75,70,64,64,64,64,53,53,53,53,44,66,55,75,61,61,54,54,54,54,0,0],"gold":42,"neow_bonus":"","is_daily":false,"chose_seed":false,"campfire_upgraded":3,"win_rate":0.0,"timestamp":1610026624,"path_taken":["M","M","?","?","M","E","R","?","T","?","$","R","?","E","R","BOSS","M","?","M","$","?","R","M"],"items_purchased_type":["Card","Relic","Undefined"],"build_version":"2020-12-22","purchased_purges":0,"victory":false,"max_hp_per_floor":[75,75,75,75,75,75,75,75,75,75,75,75,75,75,75,75,75,75,75,75,75,75,75,75,75],"card_choices":[{"not_picked":["rmod:expedition","rmod:victimresponsibility"],"picked":"rmod:firesupport","floor":1.0},{"not_picked":["FairyFestival","WallGazer"],"picked":"ShyLook","floor":1.0},{"not_picked":["rmod:bulid","rmod:spoils"],"picked":"rmod:fuelsupply","floor":2.0},{"not_picked":["LaLuna","Scorched"],"picked":"OSAHOGD","floor":2.0},{"not_picked":["rmod:garrisonisland","rmod:tearstotiara"],"picked":"rmod:luckystar","floor":4.0},{"not_picked":["SingingMachine","DespairKnight"],"picked":"Rudolta","floor":4.0},{"not_picked":["rmod:victimresponsibility","rmod:intelligenceanalysis"],"picked":"rmod:ammunitionsupply","floor":5.0},{"not_picked":["rmod:ammunitionsupply","rmod:supportescort"],"picked":"rmod:launchingtorpedo","floor":6.0},{"not_picked":["PunishingBird","Yin","MeatLantern"],"picked":"Singing Bowl","floor":6.0},{"not_picked":["rmod:steelsupply","rmod:fletcherpendant"],"picked":"rmod:luckystar","floor":10.0},{"not_picked":["FairyFestival","UniverseFragment"],"picked":"OldLady","floor":10.0},{"not_picked":["rmod:diamondstrike","rmod:generalist"],"picked":"rmod:firesupport","floor":14.0},{"not_picked":["DespairKnight","NakedNest","Scorched"],"picked":"Singing Bowl","floor":14.0},{"not_picked":["Mercenary","VoidDream"],"picked":"MHz","floor":14.0},{"not_picked":["rmod:abidefaith","rmod:fletcher"],"picked":"rmod:desperatesituation","floor":16.0},{"not_picked":["Scarecrow","VoidDream","Scorched"],"picked":"Singing Bowl","floor":16.0},{"not_picked":["rmod:aggressivemary","rmod:intelligenceanalysis+1"],"picked":"rmod:aviationdawn+1","floor":18},{"not_picked":["FieryBird","NakedNest"],"picked":"DreamingCurrent","floor":18},{"not_picked":["rmod:supportescort","rmod:ring"],"picked":"rmod:ammunitionsupply","floor":20}],"player_experience":216658,"relics_obtained":[{"floor":6.0,"key":"DemoMod:PoisonVial"},{"floor":9.0,"key":"Vajra"},{"floor":14.0,"key":"ReplayTheSpireMod:Lightbulb"}],"event_choices":[{"cards_removed":["DreamingCurrent"],"damage_healed":0,"gold_gain":0,"player_choice":"Purged","damage_taken":0,"max_hp_gain":0,"max_hp_loss":0,"event_name":"Purifier","floor":22,"gold_loss":0}],"is_beta":false,"boss_relics":[{"not_picked":["Sozu","Philosopher\u0027s Stone"],"picked":"Runic Pyramid"}],"items_purged_floors":[],"is_endless":false,"potions_floor_spawned":[4,5,6,20],"killed_by":"theJungle:SlimyTreeVines","ascension_level":0}}