{"host":"1c52r9kaxdyo25eq","time":1610025587,"event":{"mods":["AchievementEnabler","BaseMod","Minty Spire (QoL Compilation)","Rare Cards Sparkle","SuperFastMode","everything is the same but u backflip on backflip"],"gold_per_floor":[115,115,130,55,27,62,62,97,149,166,166,183,183,258,258,331,381,400,450,123,147,147,147,147,147],"floor_reached":24,"playtime":422,"items_purged":["Defend_G"],"score":450,"play_id":"d5f06294-ca7c-4831-b7df-88c05b6f00cb","local_time":"20210107221947","is_ascension_mode":true,"campfire_choices":[{"data":"Poisoned Stab","floor":7.0,"key":"SMITH"},{"data":"Deadly Poison","floor":13.0,"key":"SMITH"},{"data":"Neutralize","floor":15.0,"key":"SMITH"},{"data":"Eviscerate","floor":23.0,"key":"SMITH"}],"circlet_count":0,"master_deck":["AscendersBane","Strike_G","Strike_G","Strike_G","Defend_G","Defend_G","Defend_G","Defend_G","Survivor+1","Neutralize+1","Poisoned Stab+1","Deadly Poison+1","Reflex","Backflip","Malaise+1","Quick Slash","Venomology+1","Blade Dance+1","Backflip+1","Tactician+1","Eviscerate+1"],"relics":["Ring of the Snake","NeowsBlessing","Tiny Chest","Toxic Egg 2","Potion Belt","Tiny House","Membership Card"],"acts_visited":["Exordium","TheCity"],"potions_floor_usage":[24,24,24,24],"damage_taken":[{"damage":0.0,"enemies":"Jaw Worm","floor":1.0,"turns":1.0},{"damage":0.0,"enemies":"Small Slimes","floor":3.0,"turns":1.0},{"damage":0.0,"enemies":"Gremlin Nob","floor":6.0,"turns":1.0},{"damage":19.0,"enemies":"3 Sentries","floor":8.0,"turns":10.0},{"damage":2.0,"enemies":"2 Louse","floor":10.0,"turns":3.0},{"damage":4.0,"enemies":"2 Fungi Beasts","floor":12.0,"turns":4.0},{"damage":1.0,"enemies":"The Guardian","floor":16.0,"turns":11.0},{"damage":10.0,"enemies":"Chosen","floor":18.0,"turns":6.0},{"damage":15,"enemies":"Gremlin Leader","floor":24,"turns":4}],"seed_played":"-1612360549040224886","potions_obtained":[{"floor":6.0,"key":"Strength Potion"},{"floor":10.0,"key":"DistilledChaos"},{"floor":17.0,"key":"Block Potion"}],"is_trial":false,"path_per_floor":["M","?","M","?","$","E","R","E","T","M","?","M","R","?","R","B",null,"M","?","$","T","?","R","E"],"character_chosen":"THE_SILENT","items_purchased":["Backflip","Membership Card","Tactician+1","Eviscerate","LiquidMemories"],"campfire_rested":0,"item_purchase_floors":[5,20,20,20,20],"current_hp_per_floor":[59,59,59,59,59,59,59,40,40,38,38,34,34,23,23,22,60,50,50,50,50,50,50,35,35],"gold":147,"neow_bonus":"THREE_ENEMY_KILL","is_daily":false,"chose_seed":false,"campfire_upgraded":4,"win_rate":0.0,"timestamp":1610025587,"path_taken":["M","?","M","?","?","E","R","E","T","M","?","M","R","?","R","BOSS","M","?","$","?","?","R","E"],"items_purchased_type":["Card","Relic","Card","Card","Potion"],"build_version":"2020-12-22","purchased_purges":1,"victory":false,"max_hp_per_floor":[66,66,66,66,66,66,66,66,66,66,66,66,66,66,66,66,71,71,71,71,71,71,71,71,71],"card_choices":[{"not_picked":["Acrobatics","Heel Hook"],"picked":"Poisoned Stab","floor":1.0},{"not_picked":["Finisher","Heel Hook"],"picked":"Reflex","floor":3.0},{"not_picked":["Riddle With Holes","Poisoned Stab","Tools of the Trade"],"picked":"SKIP","floor":6.0},{"not_picked":["Riddle With Holes","Poisoned Stab","Tools of the Trade"],"picked":"SKIP","floor":6.0},{"not_picked":["PiercingWail+1","Blade Dance+1"],"picked":"Malaise+1","floor":8.0},{"not_picked":["Dagger Spray","Blade Dance+1"],"picked":"Quick Slash","floor":10.0},{"not_picked":["Blade Dance+1","Acrobatics+1"],"picked":"Venomology+1","floor":12.0},{"not_picked":["Dagger Spray","Quick Slash"],"picked":"Blade Dance+1","floor":17.0},{"not_picked":["Heel Hook+1","Underhanded Strike"],"picked":"Backflip+1","floor":18.0}],"player_experience":553763,"relics_obtained":[{"floor":6.0,"key":"Tiny Chest"},{"floor":8.0,"key":"Toxic Egg 2"},{"floor":9.0,"key":"Potion Belt"}],"event_choices":[{"damage_healed":0.0,"max_hp_gain":0.0,"max_hp_loss":0.0,"gold_gain":0.0,"cards_transformed":["Strike_G"],"event_name":"Living Wall","player_choice":"Change","floor":2.0,"gold_loss":0.0,"damage_taken":0.0,"cards_obtained":["Deadly Poison"]},{"cards_removed":["Strike_G"],"damage_healed":0.0,"max_hp_gain":0.0,"max_hp_loss":0.0,"gold_gain":0.0,"event_name":"The Cleric","player_choice":"Card Removal","floor":4.0,"gold_loss":75.0,"damage_taken":0.0},{"damage_healed":0.0,"max_hp_gain":0.0,"max_hp_loss":0.0,"gold_gain":0.0,"event_name":"Liars Game","player_choice":"Ignored","floor":11.0,"gold_loss":0.0,"damage_taken":0.0},{"damage_healed":0.0,"max_hp_gain":0.0,"max_hp_loss":0.0,"gold_gain":75.0,"event_name":"World of Goop","player_choice":"Gather Gold","floor":14.0,"gold_loss":0.0,"damage_taken":11.0},{"damage_healed":0.0,"max_hp_gain":0.0,"max_hp_loss":0.0,"gold_gain":50.0,"event_name":"Nest","player_choice":"Stole From Cult","floor":19.0,"gold_loss":0.0,"damage_taken":0.0},{"damage_healed":0.0,"max_hp_gain":0.0,"max_hp_loss":0.0,"gold_gain":0.0,"event_name":"The Mausoleum","player_choice":"Ignored","floor":22.0,"gold_loss":0.0,"damage_taken":0.0}],"is_beta":false,"boss_relics":[{"not_picked":["Sozu","Runic Dome"],"picked":"Tiny House"}],"items_purged_floors":[20],"is_endless":false,"potions_floor_spawned":[6,10],"killed_by":"Gremlin Leader","ascension_level":20}}