{"host":"bpkhhmvsfrvlto2l","time":1610053809,"event":{"mods":["2.2 Compatiblity","Act Like it!","AlwaysNeverKeys","Aspiration","BaseMod","Better Silent Start","Challenge The Spire","Colored Map","Colored Powertips","Custom Start","Downfall","Energized Spire","Friendly Minions","GifTheSpireLib","Halation","Hubris","Infinite Spire","Ironclad Rager","Mimic Mod","Minty Spire (QoL Compilation)","Permanent Neow","Quick Restart","Random Character Button","Relic Sorter","Replay The Spire","Spikes Relics","StSLib","Stuff the Spire","Swap Starting Deck Mod","Trackpad"],"gold_per_floor":[109,109,122,122,149,181,181,132,132,132,132,167,186,197,197,301,301,318,328,72,89,107,107,107,107],"floor_reached":24,"playtime":1099,"items_purged":[],"score":302,"play_id":"f76f95e1-d350-47a4-9911-ccbe0cf01eae","local_time":"20210107161009","is_ascension_mode":true,"campfire_choices":[{"data":"Rip and Tear","floor":7,"key":"SMITH"},{"data":"Gash","floor":15,"key":"SMITH"},{"data":"Beam Cell","floor":23,"key":"SMITH"}],"circlet_count":0,"master_deck":["Gash","Gash","Gash+1","Rip and Tear+1","Reprogram","Steam","Steam","Steam","Steam","Beam Cell+1","Rip and Tear+1","Go for the Eyes+1","Go for the Eyes+1"],"relics":["StuffTheSpire:OccultApparatus","hubris:Metronome","StuffTheSpire:Barrel","Bag of Preparation","trackpad:SappingStone","halation:TwoAmDonut"],"acts_visited":["Exordium","TheCity"],"potions_floor_usage":[16,21],"damage_taken":[{"damage":0,"enemies":"Jaw Worm","floor":1,"turns":2},{"damage":1,"enemies":"Small Slimes","floor":3,"turns":2},{"damage":12,"enemies":"Lagavulin","floor":6,"turns":5},{"damage":0,"enemies":"Gremlin Nob","floor":12,"turns":2},{"damage":0,"enemies":"2 Louse","floor":13,"turns":1},{"damage":0,"enemies":"2 Fungi Beasts","floor":14,"turns":2},{"damage":4,"enemies":"Fading Forest","floor":16,"turns":11},{"damage":17,"enemies":"3 Byrds","floor":18,"turns":5},{"damage":0,"enemies":"2 Thieves","floor":19,"turns":2},{"damage":2,"enemies":"3 Cultists","floor":21,"turns":4},{"damage":0,"enemies":"Centurion and Healer","floor":22,"turns":5},{"damage":8,"enemies":"Gremlin Leader","floor":24,"turns":4}],"seed_played":"1994143676615095935","potions_obtained":[{"floor":1,"key":"sneckomod:MuddlingPotion"},{"floor":12,"key":"Block Potion"},{"floor":14,"key":"AttackPotion"},{"floor":22,"key":"Ancient Potion"}],"is_trial":false,"path_per_floor":["M","?","M","?","T","E","R","$","T","?","$","E","M","M","R","B",null,"M","M","$","M","M","R","E"],"character_chosen":"DEFECT","items_purchased":["Beam Cell","hubris:Metronome"],"campfire_rested":0,"item_purchase_floors":[8,20],"current_hp_per_floor":[57,57,56,56,56,44,44,44,44,44,44,44,44,44,44,48,57,40,40,40,38,38,38,30,30],"gold":107,"neow_bonus":"","is_daily":false,"chose_seed":false,"campfire_upgraded":3,"win_rate":0.0,"timestamp":1610053809,"path_taken":["M","?","M","?","?","E","R","$","T","?","$","E","M","M","R","BOSS","M","M","$","M","M","R","E"],"items_purchased_type":["Card","Relic"],"build_version":"2020-12-22","purchased_purges":0,"victory":false,"max_hp_per_floor":[57,57,57,57,57,57,57,57,57,57,57,57,57,57,57,57,57,57,57,57,57,57,57,57,57],"card_choices":[{"not_picked":["Stack","StuffTheSpire:SnapShoot+1"],"picked":"Go for the Eyes+1","floor":21},{"not_picked":["StuffTheSpire:NuclearReactor","Turbo"],"picked":"Go for the Eyes+1","floor":22}],"player_experience":37809,"relics_obtained":[{"floor":5,"key":"StuffTheSpire:Barrel"},{"floor":6,"key":"Bag of Preparation"},{"floor":9,"key":"trackpad:SappingStone"},{"floor":12,"key":"halation:TwoAmDonut"}],"event_choices":[{"damage_healed":0,"gold_gain":0,"player_choice":"Leave","damage_taken":0,"max_hp_gain":0,"max_hp_loss":0,"event_name":"The Cleric","floor":2,"gold_loss":0}],"is_beta":false,"boss_relics":[{"not_picked":["energizedSpire:RedRose","trackpad:Coffee","Cursed Key"]}],"items_purged_floors":[],"is_endless":false,"potions_floor_spawned":[1,12,14,22],"killed_by":"Gremlin Leader","ascension_level":4}}