{"host":"4rvakrj1idbgia3f","time":1610006283,"event":{"mods":["BaseMod","Colored Map","Colored Powertips","DeckTracker","Highlight Path","Minty Spire (QoL Compilation)","Random Character Button","StSLib"],"gold_per_floor":[12,30,30,46,63,63,77,77,77,89,102,179,205,221,221,221,221],"floor_reached":16,"playtime":431,"items_purged":[],"score":212,"play_id":"89d1cf59-6059-45a2-8f95-c172c2922ac2","local_time":"20210107165803","is_ascension_mode":true,"campfire_choices":[{"data":"Carnage","floor":6,"key":"SMITH"},{"data":"Cleave","floor":8,"key":"SMITH"},{"data":"Immolate","floor":15,"key":"SMITH"}],"circlet_count":0,"master_deck":["AscendersBane","Strike_R","Strike_R","Strike_R","Defend_R","Defend_R","Defend_R","Bash","Carnage+1","Cleave+1","Impervious","Flame Barrier","Seeing Red","Clothesline","True Grit","Immolate+1","Fire Breathing"],"relics":["Burning Blood","Ornamental Fan","Bottled Lightning","Blue Candle"],"acts_visited":["Exordium"],"potions_floor_usage":[14],"damage_taken":[{"damage":1,"enemies":"Cultist","floor":1,"turns":3},{"damage":2,"enemies":"Jaw Worm","floor":2,"turns":3},{"damage":4,"enemies":"2 Louse","floor":4,"turns":2},{"damage":21,"enemies":"Blue Slaver","floor":5,"turns":3},{"damage":15,"enemies":"Lots of Slimes","floor":7,"turns":3},{"damage":2,"enemies":"3 Louse","floor":10,"turns":2},{"damage":0,"enemies":"Blue Slaver","floor":11,"turns":3},{"damage":3,"enemies":"Gremlin Nob","floor":13,"turns":3},{"damage":6,"enemies":"Large Slime","floor":14,"turns":3},{"damage":64,"enemies":"Hexaghost","floor":16,"turns":9}],"seed_played":"7269334240370370225","potions_obtained":[{"floor":5,"key":"Swift Potion"},{"floor":7,"key":"DistilledChaos"},{"floor":11,"key":"Ancient Potion"}],"is_trial":false,"path_per_floor":["M","M","?","M","M","R","M","R","T","M","M","T","E","M","R","B"],"character_chosen":"IRONCLAD","items_purchased":[],"campfire_rested":0,"item_purchase_floors":[],"current_hp_per_floor":[73,75,75,75,60,60,51,51,51,55,61,61,64,64,64,0,0],"gold":221,"neow_bonus":"REMOVE_TWO","is_daily":false,"chose_seed":false,"campfire_upgraded":3,"win_rate":0.0,"timestamp":1610006283,"path_taken":["M","?","?","M","?","R","M","R","T","M","M","?","E","M","R","BOSS"],"items_purchased_type":[],"build_version":"2020-12-22","purchased_purges":0,"victory":false,"max_hp_per_floor":[75,75,75,75,75,75,75,75,75,75,75,75,75,75,75,75,75],"card_choices":[{"not_picked":["Twin Strike","Cleave"],"picked":"Carnage","floor":1},{"not_picked":["Thunderclap","Havoc"],"picked":"Cleave","floor":2},{"not_picked":["Warcry","Thunderclap"],"picked":"Impervious","floor":4},{"not_picked":["Inflame","Wild Strike"],"picked":"Flame Barrier","floor":5},{"not_picked":["Dual Wield","Havoc"],"picked":"Seeing Red","floor":7},{"not_picked":["Warcry","Flame Barrier"],"picked":"Clothesline","floor":10},{"not_picked":["Headbutt","Twin Strike"],"picked":"True Grit","floor":11},{"not_picked":["Spot Weakness","Cleave"],"picked":"Immolate","floor":13},{"not_picked":["Anger","Sword Boomerang"],"picked":"Fire Breathing","floor":14}],"player_experience":1964822,"relics_obtained":[{"floor":9,"key":"Ornamental Fan"},{"floor":12,"key":"Bottled Lightning"},{"floor":13,"key":"Blue Candle"}],"event_choices":[{"cards_removed":["Strike_R"],"damage_healed":0,"gold_gain":0,"player_choice":"Offered Basic","damage_taken":0,"max_hp_gain":0,"max_hp_loss":0,"event_name":"Bonfire Elementals","floor":3,"gold_loss":0}],"is_beta":false,"boss_relics":[],"items_purged_floors":[],"is_endless":false,"potions_floor_spawned":[5,7,11,13],"killed_by":"Hexaghost","ascension_level":20}}