{"host":"2lrkmsuh7nz013qb","time":1610023358,"event":{"mods":["BaseMod","Colored Map","DeckTracker","Minty Spire (QoL Compilation)","SuperFastMode","everything is the same but u backflip on backflip"],"gold_per_floor":[110,35,110,122,47,47,63,63,63,91,91,104,104,117,117,194,194,205,219,230,230,247,247,247,247],"floor_reached":24,"playtime":800,"items_purged":["Strike_G"],"score":376,"play_id":"2e96dc62-e561-4e04-9136-95b4cbc6f571","local_time":"20210107214238","is_ascension_mode":true,"campfire_choices":[{"data":"Neutralize","floor":6,"key":"SMITH"},{"data":"Poisoned Stab","floor":8,"key":"SMITH"},{"data":"Dagger Throw","floor":11,"key":"SMITH"},{"data":"Adrenaline","floor":15,"key":"SMITH"},{"data":"Blade Dance","floor":23,"key":"SMITH"}],"circlet_count":0,"master_deck":["AscendersBane","Strike_G","Strike_G","Defend_G","Defend_G","Defend_G","Survivor","Neutralize+1","Poisoned Stab+1","Dagger Throw+1","Backflip","Calculated Gamble","Adrenaline+1","After Image","Blade Dance+1"],"relics":["Ring of the Snake","Paper Crane","Odd Mushroom","Black Star"],"acts_visited":["Exordium","TheCity"],"potions_floor_usage":[10,16,24],"damage_taken":[{"damage":4,"enemies":"Jaw Worm","floor":1,"turns":4},{"damage":1,"enemies":"Small Slimes","floor":4,"turns":3},{"damage":0,"enemies":"2 Louse","floor":7,"turns":2},{"damage":3,"enemies":"The Mushroom Lair","floor":10,"turns":4},{"damage":0,"enemies":"Looter","floor":12,"turns":3},{"damage":0,"enemies":"2 Fungi Beasts","floor":14,"turns":3},{"damage":19,"enemies":"Hexaghost","floor":16,"turns":10},{"damage":0,"enemies":"Chosen","floor":18,"turns":4},{"damage":9,"enemies":"3 Byrds","floor":19,"turns":7},{"damage":9,"enemies":"Snecko","floor":20,"turns":7},{"damage":0,"enemies":"Centurion and Healer","floor":22,"turns":6},{"damage":36,"enemies":"Gremlin Leader","floor":24,"turns":10}],"seed_played":"-5869482128847900829","potions_obtained":[{"floor":7,"key":"Fire Potion"},{"floor":12,"key":"Energy Potion"},{"floor":22,"key":"ColorlessPotion"}],"is_trial":false,"path_per_floor":["M","$","?","M","?","R","M","R","T","?","R","M","?","M","R","B",null,"M","M","M","?","M","R","E"],"character_chosen":"THE_SILENT","items_purchased":[],"campfire_rested":0,"item_purchase_floors":[],"current_hp_per_floor":[40,40,29,28,28,28,28,28,28,25,25,25,25,25,25,6,51,51,42,33,33,33,33,0,0],"gold":247,"neow_bonus":"REMOVE_TWO","is_daily":false,"chose_seed":false,"campfire_upgraded":5,"win_rate":0.0,"timestamp":1610023358,"path_taken":["M","$","?","M","?","R","M","R","T","?","R","M","?","M","R","BOSS","M","M","M","?","M","R","E"],"items_purchased_type":[],"build_version":"2020-12-22","purchased_purges":1,"victory":false,"max_hp_per_floor":[66,66,66,66,66,66,66,66,66,66,66,66,66,66,66,66,66,66,66,66,66,66,66,66,66],"card_choices":[{"not_picked":["Deflect","Outmaneuver"],"picked":"Poisoned Stab","floor":1},{"not_picked":["Outmaneuver","Underhanded Strike"],"picked":"Dagger Throw","floor":4},{"not_picked":["Deflect","Bane"],"picked":"Backflip","floor":7},{"not_picked":["Masterful Stab","Flying Knee"],"picked":"Calculated Gamble","floor":12},{"not_picked":["Poisoned Stab","Noxious Fumes"],"picked":"Adrenaline","floor":14},{"not_picked":["Wraith Form v2","Tools of the Trade"],"picked":"After Image","floor":16},{"not_picked":["Skewer","Poisoned Stab","Slice"],"picked":"SKIP","floor":18},{"not_picked":["Outmaneuver","PiercingWail"],"picked":"Blade Dance","floor":19},{"not_picked":["Outmaneuver","Quick Slash","PiercingWail"],"picked":"SKIP","floor":20},{"not_picked":["Dagger Spray","Deadly Poison","Underhanded Strike"],"picked":"SKIP","floor":22}],"player_experience":742769,"relics_obtained":[{"floor":9,"key":"Paper Crane"},{"floor":10,"key":"Odd Mushroom"}],"event_choices":[{"damage_healed":0,"gold_gain":75,"player_choice":"Gather Gold","damage_taken":11,"max_hp_gain":0,"max_hp_loss":0,"event_name":"World of Goop","floor":3,"gold_loss":0},{"cards_removed":["Strike_G"],"damage_healed":0,"gold_gain":0,"player_choice":"Card Removal","damage_taken":0,"max_hp_gain":0,"max_hp_loss":0,"event_name":"The Cleric","floor":5,"gold_loss":75},{"damage_healed":0,"gold_gain":0,"player_choice":"Fought Mushrooms","damage_taken":0,"max_hp_gain":0,"max_hp_loss":0,"event_name":"Mushrooms","floor":10,"gold_loss":0},{"cards_removed":["Defend_G"],"damage_healed":0,"gold_gain":0,"player_choice":"Forget","damage_taken":0,"max_hp_gain":0,"max_hp_loss":0,"event_name":"Living Wall","floor":13,"gold_loss":0},{"damage_healed":0,"gold_gain":0,"player_choice":"Ignored","damage_taken":0,"max_hp_gain":0,"max_hp_loss":0,"event_name":"Ghosts","floor":21,"gold_loss":0}],"is_beta":false,"boss_relics":[{"not_picked":["Calling Bell","Busted Crown"],"picked":"Black Star"}],"items_purged_floors":[2],"is_endless":false,"potions_floor_spawned":[7,12,22],"killed_by":"Gremlin Leader","ascension_level":20}}