{"host":"J","time":1610002573,"event":{"mods":["BaseMod","Minty Spire (QoL Compilation)","StSLib","The Marked"],"gold_per_floor":[114,134,58,74,74,118,118,148,148,161,174,174,199,243,243,362,362,378,146,146,170,195,195,226,226,249,274,287,287,50,83,83,214,214,229,247,262,278,278,278,278],"floor_reached":40,"playtime":1668,"items_purged":["theMarked:Strike","theMarked:Strike+1"],"score":420,"play_id":"cc5bf09f-54d2-46f3-994b-8be2bc24c7f7","local_time":"20210107075613","is_ascension_mode":false,"campfire_choices":[{"data":"theMarked:StartUp","floor":7,"key":"SMITH"},{"floor":12,"key":"REST"},{"data":"theMarked:Parkour","floor":15,"key":"SMITH"},{"floor":23,"key":"REST"},{"floor":25,"key":"REST"},{"floor":32,"key":"REST"}],"circlet_count":0,"master_deck":["theMarked:Strike+1","theMarked:Strike+1","theMarked:Strike+1","theMarked:Defend+1","theMarked:Defend+1","theMarked:Defend+1","theMarked:Defend+1","theMarked:SoldierOfQuellstein","theMarked:HeightenedSenses","theMarked:StartUp+1","theMarked:ResourceFulStrike","theMarked:Reabsorb","theMarked:Parkour+1","theMarked:Improvise","theMarked:ChainLightning","theMarked:GodGivenPower","theMarked:Abjuration","theMarked:TwofoldDefense","theMarked:RepellingDischarge","theMarked:MysticalArsenal","theMarked:Parkour","Finesse","theMarked:WardOff","theMarked:SuspiciousRaven","theMarked:SwordAndMagic+1","Finesse"],"relics":["theMarked:BronzeBlade","NeowsBlessing","Golden Idol","Orichalcum","Pen Nib","White Beast Statue","Ornamental Fan","Oddly Smooth Stone","The Courier","Smiling Mask","OrangePellets","Red Mask","Coffee Dripper"],"acts_visited":["Exordium","TheCity","TheBeyond"],"potions_floor_usage":[14,16,24,31],"damage_taken":[{"damage":0.0,"enemies":"Jaw Worm","floor":1.0,"turns":1.0},{"damage":0.0,"enemies":"2 Louse","floor":2.0,"turns":1.0},{"damage":0.0,"enemies":"Small Slimes","floor":4.0,"turns":1.0},{"damage":33,"enemies":"Lagavulin","floor":6,"turns":8},{"damage":0,"enemies":"3 Louse","floor":10,"turns":3},{"damage":6,"enemies":"Blue Slaver","floor":11,"turns":3},{"damage":4,"enemies":"2 Fungi Beasts","floor":13,"turns":3},{"damage":9,"enemies":"3 Sentries","floor":14,"turns":7},{"damage":20,"enemies":"Slime Boss","floor":16,"turns":7},{"damage":24,"enemies":"Shell Parasite","floor":18,"turns":4},{"damage":13,"enemies":"3 Byrds","floor":21,"turns":5},{"damage":0,"enemies":"Snecko","floor":22,"turns":4},{"damage":27,"enemies":"Book of Stabbing","floor":24,"turns":5},{"damage":6,"enemies":"Centurion and Healer","floor":27,"turns":6},{"damage":15,"enemies":"Snake Plant","floor":28,"turns":4},{"damage":0,"enemies":"Masked Bandits","floor":31,"turns":2},{"damage":30,"enemies":"Collector","floor":33,"turns":9},{"damage":0,"enemies":"Orb Walker","floor":35,"turns":3},{"damage":12,"enemies":"3 Darklings","floor":36,"turns":5},{"damage":7,"enemies":"Spire Growth","floor":37,"turns":5},{"damage":22,"enemies":"Jaw Worm Horde","floor":38,"turns":5},{"damage":68,"enemies":"Nemesis","floor":40,"turns":8}],"seed_played":"6815306766146802191","potions_obtained":[{"floor":2.0,"key":"LiquidMemories"},{"floor":6,"key":"theMarked:ChargePotion"},{"floor":10,"key":"Dexterity Potion"},{"floor":13,"key":"SteroidPotion"},{"floor":14,"key":"FairyPotion"},{"floor":16,"key":"AttackPotion"},{"floor":21,"key":"EntropicBrew"},{"floor":24,"key":"Weak Potion"},{"floor":27,"key":"FearPotion"},{"floor":31,"key":"Fire Potion"}],"is_trial":false,"path_per_floor":["M","M","$","M","?","E","R","?","T","M","M","R","M","E","R","B",null,"M","$","?","M","M","R","E","R","T","M","M","?","$","?","R","B",null,"M","M","M","M","?","E"],"character_chosen":"THE_DEFAULT","items_purchased":["theMarked:ResourceFulStrike","Strength Potion","Oddly Smooth Stone","OrangePellets","Finesse"],"campfire_rested":4,"item_purchase_floors":[3,3,19,30,30],"current_hp_per_floor":[70,70,70,70,65,32,32,32,32,32,26,45,41,32,32,12,65,41,41,41,28,28,47,20,39,39,33,18,18,18,18,37,7,65,65,53,46,24,24,0,0],"gold":278,"neow_bonus":"THREE_ENEMY_KILL","is_daily":false,"chose_seed":false,"campfire_upgraded":2,"win_rate":0.0,"timestamp":1610002573,"path_taken":["M","M","$","M","?","E","R","?","T","M","M","R","M","E","R","BOSS","M","$","?","M","M","R","E","R","T","M","M","?","$","?","R","BOSS","M","M","M","M","?","E"],"items_purchased_type":["Card","Potion","Relic","Relic","Card"],"build_version":"2020-12-18","purchased_purges":2,"victory":false,"max_hp_per_floor":[70,70,70,70,65,65,65,65,65,65,65,65,65,65,65,65,65,65,65,65,65,65,65,65,65,65,65,65,65,65,65,65,65,65,65,65,65,65,65,65,65],"card_choices":[{"not_picked":["theMarked:Static","theMarked:WastefulDefense"],"picked":"theMarked:HeightenedSenses","floor":1.0},{"not_picked":["theMarked:Aftermath","theMarked:BanishingStrike"],"picked":"theMarked:StartUp","floor":2.0},{"not_picked":["theMarked:Polarize","theMarked:Challenge"],"picked":"theMarked:Reabsorb","floor":4.0},{"not_picked":["theMarked:Frustration","theMarked:FavorableWinds"],"picked":"theMarked:Parkour","floor":6},{"not_picked":["theMarked:Overthink","theMarked:RepellingDischarge"],"picked":"theMarked:Improvise","floor":10},{"not_picked":["theMarked:WardOff","theMarked:Overcharge","theMarked:HeightenedSenses"],"picked":"SKIP","floor":11},{"not_picked":["theMarked:Static","theMarked:EmpowerWeapon"],"picked":"theMarked:ChainLightning","floor":13},{"not_picked":["theMarked:WardOff","theMarked:UnarmedFury"],"picked":"theMarked:GodGivenPower","floor":14},{"not_picked":["theMarked:Snap","theMarked:ChannelForce"],"picked":"theMarked:Abjuration","floor":16},{"not_picked":["theMarked:RepellingDischarge","theMarked:Parkour+1"],"picked":"theMarked:TwofoldDefense","floor":18},{"not_picked":["theMarked:Frustration","theMarked:EmpowerWeapon+1"],"picked":"theMarked:RepellingDischarge","floor":21},{"not_picked":["theMarked:ThrowWeapon","theMarked:ChainLightning+1"],"picked":"theMarked:MysticalArsenal","floor":22},{"not_picked":["theMarked:ReduceFriction+1","theMarked:SwordAndMagic","theMarked:Indomitable"],"picked":"SKIP","floor":24},{"not_picked":["theMarked:Static","theMarked:HeightenedSenses","theMarked:WastefulDefense+1"],"picked":"SKIP","floor":27},{"not_picked":["theMarked:TunnelVision","theMarked:Electrocute"],"picked":"theMarked:Parkour","floor":28},{"not_picked":["theMarked:TunnelVision+1","theMarked:HeightenedSenses"],"picked":"theMarked:WardOff","floor":31},{"not_picked":["theMarked:Snap","theMarked:MuscleMemory"],"picked":"theMarked:SuspiciousRaven","floor":33},{"not_picked":["theMarked:CreepingChasm+1","theMarked:ElectricStrings+1","theMarked:WastefulAttack+1"],"picked":"SKIP","floor":35},{"not_picked":["theMarked:TakeCover","theMarked:Electrocute+1","theMarked:GodGivenPower+1"],"picked":"SKIP","floor":36},{"not_picked":["theMarked:ParalyzingBlade+1","theMarked:CreepingChasm"],"picked":"theMarked:SwordAndMagic+1","floor":37},{"not_picked":["theMarked:ResourceFulStrike","theMarked:ChainLightning","theMarked:UnarmedFury"],"picked":"SKIP","floor":38},{"not_picked":["Swift Strike","Forethought"],"picked":"Finesse","floor":39}],"player_experience":1067366,"relics_obtained":[{"floor":6,"key":"Orichalcum"},{"floor":9,"key":"White Beast Statue"},{"floor":14,"key":"Ornamental Fan"},{"floor":24,"key":"The Courier"},{"floor":26,"key":"Smiling Mask"},{"floor":31,"key":"Red Mask"}],"event_choices":[{"damage_healed":0.0,"max_hp_gain":0.0,"max_hp_loss":5.0,"gold_gain":0.0,"event_name":"Golden Idol","player_choice":"Lose Max HP","floor":5.0,"gold_loss":0.0,"damage_taken":0.0,"relics_obtained":["Golden Idol"]},{"damage_healed":0,"gold_gain":30,"player_choice":"Searched \u00272\u0027 times","damage_taken":0,"relics_obtained":["Pen Nib"],"max_hp_gain":0,"max_hp_loss":0,"event_name":"Dead Adventurer","floor":8,"gold_loss":0},{"damage_healed":0,"gold_gain":0,"player_choice":"Ignored","damage_taken":0,"max_hp_gain":0,"max_hp_loss":0,"event_name":"Cursed Tome","floor":20,"gold_loss":0},{"damage_healed":0,"gold_gain":0,"player_choice":"Simplicity","damage_taken":0,"max_hp_gain":0,"max_hp_loss":0,"event_name":"Back to Basics","floor":29,"gold_loss":0,"cards_upgraded":["theMarked:Strike","theMarked:Strike","theMarked:Strike","theMarked:Strike","theMarked:Defend","theMarked:Defend","theMarked:Defend","theMarked:Defend"]},{"damage_healed":0,"gold_gain":0,"player_choice":"Fought Bandits","damage_taken":0,"max_hp_gain":0,"max_hp_loss":0,"event_name":"Masked Bandits","floor":31,"gold_loss":0},{"damage_healed":0,"gold_gain":0,"player_choice":"Memory 1","damage_taken":0,"max_hp_gain":0,"max_hp_loss":0,"event_name":"SensoryStone","floor":39,"gold_loss":0}],"is_beta":true,"boss_relics":[{"not_picked":["Fusion Hammer","Tiny House"],"picked":"theMarked:BronzeBlade"},{"not_picked":["SlaversCollar","Sozu"],"picked":"Coffee Dripper"}],"items_purged_floors":[19,30],"is_endless":false,"potions_floor_spawned":[2,6,10,11,13,14,16,18,21,22,24,27,28,31,33,35,36,37,38],"killed_by":"Nemesis","ascension_level":0}}