{"host":"kag8mfq4or8nkqb2","time":1610047528,"event":{"mods":["2.2 Compatiblity","BaseMod","Downfall","Minty Spire (QoL Compilation)","StSLib"],"gold_per_floor":[99,99,24,24,24,24,24,50,35,35,54,72,72,99,112,190,190,115,127,137,43,61,46,122,139,139,21,36,36,36,36],"floor_reached":29,"playtime":1803,"items_purged":["Guardian:Strike_Guardian","Guardian:Strike_Guardian"],"score":376,"play_id":"cb0f0993-ffc8-47df-bb55-2ae7a84c6635","local_time":"20210107192528","is_ascension_mode":true,"campfire_choices":[{"data":"Guardian:TwinSlam","floor":1,"key":"SMITH"},{"data":"Guardian:DecasProtection","floor":13,"key":"SMITH"},{"data":"Guardian:DonusPower","floor":18,"key":"SMITH"},{"data":"Guardian:Clone","floor":26,"key":"SMITH"}],"circlet_count":0,"master_deck":["AscendersBane","Guardian:Strike_Guardian","Guardian:Defend_Guardian","Guardian:Defend_Guardian","Guardian:Defend_Guardian","Guardian:CurlUp","Guardian:TwinSlam+1","Guardian:DecasProtection+1","Guardian:Planning","Guardian:Orbwalk+1","Guardian:DonusPower+1","Guardian:Clone+1","Guardian:FloatingOrbs+1","Guardian:Orbwalk+1","Guardian:ShieldSpikes+1","Guardian:Gem_Yellow","Guardian:SphericShield","Guardian:Gem_Blue"],"relics":["Guardian:ModeShifter","downfall:HeartsMalice","Bronze Scales","Frozen Egg 2","Potion Belt","Sozu","downfall:HeartBlessingBlue","Mummified Hand","Gambling Chip"],"acts_visited":["Exordium","TheCity"],"potions_floor_usage":[23],"damage_taken":[{"damage":0,"enemies":"Cultist","floor":2,"turns":1},{"damage":0,"enemies":"downfall:FleeingMerchant","floor":3,"turns":1},{"damage":0,"enemies":"Small Slimes","floor":6,"turns":1},{"damage":0,"enemies":"downfall:FleeingMerchant","floor":9,"turns":4},{"damage":3,"enemies":"2 Louse","floor":11,"turns":3},{"damage":9,"enemies":"Large Slime","floor":12,"turns":6},{"damage":6,"enemies":"Lagavulin","floor":14,"turns":6},{"damage":13,"enemies":"Exordium Thugs","floor":15,"turns":4},{"damage":13,"enemies":"downfall:Watcher","floor":16,"turns":6},{"damage":0,"enemies":"Spheric Guardian","floor":19,"turns":4},{"damage":6,"enemies":"Chosen","floor":20,"turns":4},{"damage":7,"enemies":"downfall:FleeingMerchant","floor":21,"turns":4},{"damage":21,"enemies":"Shelled Parasite and Fungi","floor":22,"turns":5},{"damage":6,"enemies":"downfall:FleeingMerchant","floor":23,"turns":4},{"damage":14,"enemies":"Cultist and Chosen","floor":25,"turns":4},{"damage":0,"enemies":"downfall:FleeingMerchant","floor":27,"turns":3},{"damage":0,"enemies":"Snake Plant","floor":28,"turns":3},{"damage":14,"enemies":"Colosseum Nobs","floor":29,"turns":4}],"seed_played":"8771938713068672191","potions_obtained":[{"floor":14,"key":"Energy Potion"},{"floor":16,"key":"EssenceOfSteel"}],"is_trial":false,"path_per_floor":["R","M","$","?","?","M","T","T","$","?","M","M","R","E","M","B",null,"R","M","M","$","M","$","T","M","R","$","M","?"],"character_chosen":"GUARDIAN","items_purchased":["Guardian:FloatingOrbs+1","Guardian:SphericShield","Gambling Chip"],"campfire_rested":0,"item_purchase_floors":[21,27,27],"current_hp_per_floor":[65,65,65,65,65,65,65,65,65,58,55,46,46,40,27,14,58,68,68,62,55,34,28,28,14,14,14,14,0,0,0],"gold":36,"neow_bonus":"THREE_ENEMY_KILL","is_daily":false,"chose_seed":false,"campfire_upgraded":4,"win_rate":0.0,"timestamp":1610047528,"path_taken":["R","M","?","?","?","M","T","?","$","?","?","M","R","E","M","BOSS","R","M","M","$","M","?","T","M","R","$","?","?"],"items_purchased_type":["Card","Card","Relic"],"build_version":"2020-12-22","purchased_purges":2,"victory":false,"max_hp_per_floor":[72,72,72,72,72,72,72,72,72,72,72,72,72,72,72,72,72,82,82,82,82,82,82,82,82,82,82,82,82,82,82],"card_choices":[{"not_picked":["Guardian:BronzeArmor","Guardian:Gem_Yellow"],"picked":"Guardian:DecasProtection","floor":2},{"not_picked":["Guardian:FierceBash","Guardian:PrismaticBarrier","Guardian:TemporalStrike"],"picked":"SKIP","floor":3},{"not_picked":["Guardian:Reroute","Guardian:TemporalShield","Guardian:Recover"],"picked":"SKIP","floor":6},{"not_picked":["Guardian:Recover","Guardian:GemFire","Guardian:GuardianWhirl"],"picked":"SKIP","floor":9},{"not_picked":["Guardian:PrimingBeam","Guardian:Suspension"],"picked":"Guardian:Planning","floor":11},{"not_picked":["Guardian:PiercingHide","Guardian:PolyBeam"],"picked":"Guardian:Orbwalk+1","floor":12},{"not_picked":["Guardian:Gem_Green","Guardian:TemporalShield"],"picked":"Guardian:DonusPower","floor":14},{"not_picked":["Guardian:VentSteam","Guardian:Repulse+1"],"picked":"Guardian:Clone","floor":15},{"not_picked":["Guardian:GemFire","Guardian:SphericShield"],"picked":"Guardian:Gem_Synthetic","floor":16},{"not_picked":["Guardian:MultiBeam+1","Guardian:Gem_Lightblue","Guardian:WalkerClaw"],"picked":"SKIP","floor":19},{"not_picked":["Guardian:Incinerate","Guardian:Reroute","Guardian:Repulse+1"],"picked":"SKIP","floor":20},{"not_picked":["Guardian:PrimingBeam","Guardian:TemporalStrike","Guardian:CrystalBeam"],"picked":"SKIP","floor":21},{"not_picked":["Guardian:FloatingOrbs+1","Guardian:TemporalShield"],"picked":"Guardian:Orbwalk+1","floor":22},{"not_picked":["Guardian:Gem_Green","Guardian:TimeSifter+1"],"picked":"Guardian:ShieldSpikes+1","floor":23},{"not_picked":["Guardian:Suspension","Guardian:DecasProtection"],"picked":"Guardian:Gem_Cyan","floor":25},{"not_picked":["Guardian:Harden","Guardian:VentSteam"],"picked":"Guardian:Gem_Yellow","floor":27},{"not_picked":["Guardian:DonusPower+1","Guardian:ShieldCharger"],"picked":"Guardian:Gem_Blue","floor":28}],"player_experience":1065425,"relics_obtained":[{"floor":8,"key":"Bronze Scales"},{"floor":14,"key":"Potion Belt"},{"floor":24,"key":"Mummified Hand"}],"event_choices":[{"damage_healed":0,"gold_gain":0,"player_choice":"Success","damage_taken":7,"relics_obtained":["Frozen Egg 2"],"max_hp_gain":0,"max_hp_loss":0,"event_name":"Scrap Ooze","floor":10,"gold_loss":0}],"is_beta":false,"boss_relics":[{"not_picked":["Runic Pyramid","Tiny House"],"picked":"Sozu"}],"items_purged_floors":[3,27],"is_endless":false,"potions_floor_spawned":[14,16,20,25,28],"killed_by":"Colosseum Nobs","ascension_level":14}}