{"host":"gkp57zoegrd3f2ij","time":1610024302,"event":{"mods":["BaseMod","Colored Map","Colored Powertips","Minty Spire (QoL Compilation)","StSLib"],"gold_per_floor":[213,213,213,75,91,91,106,134,159,176,189,41,41,41,41,138,138,154,154,172,189,53,53,82,82,82,117,43,60,76,86,86,86,86],"floor_reached":33,"playtime":1545,"items_purged":["Strike_B","Strike_B"],"score":388,"play_id":"1901aae6-9d5d-4442-80d3-b1b3e833a976","local_time":"20210107135822","is_ascension_mode":true,"campfire_choices":[{"data":"Defragment","floor":6,"key":"SMITH"},{"floor":13,"key":"REST"},{"data":"Sunder","floor":15,"key":"SMITH"},{"data":"Buffer","floor":23,"key":"SMITH"},{"floor":25,"key":"REST"},{"floor":32,"key":"REST"}],"circlet_count":0,"master_deck":["Strike_B+1","Defend_B","Defend_B","Defend_B","Defend_B+1","Zap","Dualcast","Steam","Defragment+1","Sunder+1","Cold Snap+1","Conserve Battery","Leap","Ball Lightning","Seek","Parasite","Buffer+1","Go for the Eyes","Core Surge+1","Consume+1","FTL","Barrage+1","Glacier","Glacier","BootSequence+1"],"relics":["Cracked Core","Oddly Smooth Stone","Vajra","Art of War","Whetstone","Turnip","Potion Belt"],"acts_visited":["Exordium","TheCity"],"potions_floor_usage":[18,21,21,24,27,29,33],"damage_taken":[{"damage":0,"enemies":"Cultist","floor":1,"turns":4},{"damage":0,"enemies":"Small Slimes","floor":5,"turns":2},{"damage":0,"enemies":"2 Louse","floor":7,"turns":1},{"damage":13,"enemies":"Gremlin Nob","floor":8,"turns":4},{"damage":0,"enemies":"Large Slime","floor":10,"turns":4},{"damage":3,"enemies":"Blue Slaver","floor":11,"turns":3},{"damage":0,"enemies":"Slime Boss","floor":16,"turns":6},{"damage":20,"enemies":"Chosen","floor":18,"turns":5},{"damage":0,"enemies":"Spheric Guardian","floor":20,"turns":4},{"damage":0,"enemies":"Centurion and Healer","floor":21,"turns":4},{"damage":42,"enemies":"Book of Stabbing","floor":24,"turns":5},{"damage":14,"enemies":"Slavers","floor":27,"turns":5},{"damage":0,"enemies":"3 Cultists","floor":29,"turns":4},{"damage":19,"enemies":"Snake Plant","floor":30,"turns":4},{"damage":0,"enemies":"Chosen and Byrds","floor":31,"turns":7},{"damage":30,"enemies":"Automaton","floor":33,"turns":12}],"seed_played":"2028257133781742286","potions_obtained":[{"floor":10,"key":"EssenceOfSteel"},{"floor":11,"key":"DistilledChaos"},{"floor":16,"key":"SpeedPotion"},{"floor":20,"key":"LiquidBronze"},{"floor":24,"key":"EssenceOfDarkness"},{"floor":27,"key":"Explosive Potion"},{"floor":31,"key":"SpeedPotion"}],"is_trial":false,"path_per_floor":["M","T","?","$","M","R","M","E","T","M","M","$","R","?","R","B",null,"M","?","M","M","$","R","E","R","T","E","$","M","M","M","R","B"],"character_chosen":"DEFECT","items_purchased":["Defragment","Sunder","Seek","FTL","Glacier"],"campfire_rested":3,"item_purchase_floors":[4,4,12,22,28],"current_hp_per_floor":[75,75,60,60,60,60,60,47,47,47,44,44,66,75,75,75,75,55,55,55,55,55,55,13,35,35,21,21,21,2,2,24,0,0],"gold":86,"neow_bonus":"HUNDRED_GOLD","is_daily":false,"chose_seed":false,"campfire_upgraded":3,"win_rate":0.0,"timestamp":1610024302,"path_taken":["M","?","?","$","M","R","M","E","T","M","M","$","R","?","R","BOSS","M","?","M","M","$","R","E","R","T","E","$","M","M","M","R","BOSS"],"items_purchased_type":["Card","Card","Card","Card","Card"],"build_version":"2020-12-22","purchased_purges":2,"victory":false,"max_hp_per_floor":[75,75,75,75,75,75,75,75,75,75,75,75,75,75,75,75,75,75,75,75,75,75,75,75,75,75,75,75,75,75,75,75,75,75],"card_choices":[{"not_picked":["Compile Driver","Hello World"],"picked":"Steam","floor":1},{"not_picked":["Hologram","Leap"],"picked":"Cold Snap","floor":5},{"not_picked":["Cold Snap","Compile Driver"],"picked":"Conserve Battery","floor":7},{"not_picked":["Steam","Stack"],"picked":"Leap","floor":8},{"not_picked":["Sweeping Beam","Hologram"],"picked":"Ball Lightning","floor":10},{"not_picked":["Skim","Reinforced Body","Turbo"],"picked":"SKIP","floor":11},{"not_picked":["Fission","Biased Cognition"],"picked":"Buffer","floor":16},{"not_picked":["Conserve Battery","Cold Snap"],"picked":"Go for the Eyes","floor":18},{"not_picked":["Rebound","Static Discharge","Steam"],"picked":"SKIP","floor":20},{"not_picked":["Go for the Eyes","Rebound"],"picked":"Consume+1","floor":21},{"not_picked":["Steam","Gash","Reboot"],"picked":"SKIP","floor":24},{"not_picked":["Darkness","Heatsinks"],"picked":"Barrage+1","floor":27},{"not_picked":["Stack","Barrage","Go for the Eyes+1"],"picked":"SKIP","floor":29},{"not_picked":["Barrage","Sunder"],"picked":"Glacier","floor":30},{"not_picked":["Fusion","Doom and Gloom"],"picked":"BootSequence+1","floor":31}],"player_experience":301835,"relics_obtained":[{"floor":2,"key":"Oddly Smooth Stone"},{"floor":8,"key":"Vajra"},{"floor":9,"key":"Art of War"},{"floor":24,"key":"Whetstone"},{"floor":26,"key":"Turnip"},{"floor":27,"key":"Potion Belt"}],"event_choices":[{"damage_healed":0,"gold_gain":0,"player_choice":"Entered Light","damage_taken":15,"max_hp_gain":0,"max_hp_loss":0,"event_name":"Shining Light","floor":3,"gold_loss":0,"cards_upgraded":["Strike_B","Defend_B"]},{"damage_healed":18,"gold_gain":0,"player_choice":"Healed and dodged fight","damage_taken":0,"max_hp_gain":0,"max_hp_loss":0,"event_name":"Mushrooms","floor":14,"gold_loss":0,"cards_obtained":["Parasite"]},{"damage_healed":0,"gold_gain":0,"cards_transformed":["Strike_B"],"player_choice":"Transformed","damage_taken":0,"max_hp_gain":0,"max_hp_loss":0,"event_name":"Transmorgrifier","floor":19,"gold_loss":0,"cards_obtained":["Core Surge"]}],"is_beta":false,"boss_relics":[{"not_picked":["Velvet Choker","Fusion Hammer","Runic Pyramid"]}],"items_purged_floors":[12,22],"is_endless":false,"potions_floor_spawned":[10,11,16,20,24,27,31],"killed_by":"Automaton","ascension_level":3}}