{"host":"i9h64q9gphvrup4n","time":1610056082,"event":{"mods":["2.2 Compatiblity","AchievementEnabler","Aspiration","Astrologer","Bard","BaseMod","Beaked The Cultist","BetterRewards","Colored Powertips","Conspire","Downfall","Gremlin Mod","Hermit","Hubris","Infinite Spire","Jorbs\u0027s Wanderer Trilogy","Minty Spire (QoL Compilation)","Replay The Spire","Shop Mod","StSLib","SuperFastMode","The Blackbeard","The Bladedancer","The Bug Knight","The Construct","The Cursed","The Disciple","The Hierophant","The Jungle","The Necromancer","The Runesmith","The Wild Card","slay the spire mod where everything is the same but ironclad has a cowboy hat","vexMod"],"gold_per_floor":[112,112,112,132,12,47,62,73,73,107,122,122,135,147,147,251,251,267,281,298,298,298],"floor_reached":21,"playtime":918,"items_purged":[],"score":220,"play_id":"5c7fc0e4-561f-462b-962b-499dd49e69f4","local_time":"20210107154802","is_ascension_mode":false,"campfire_choices":[{"floor":12,"key":"RECALL"},{"floor":15,"key":"REST"}],"circlet_count":0,"master_deck":["hermit:Strike_Hermit","hermit:Strike_Hermit","hermit:Strike_Hermit","hermit:Strike_Hermit","hermit:Defend_Hermit","hermit:Defend_Hermit","hermit:Defend_Hermit","hermit:Defend_Hermit","hermit:Snapshot","hermit:Covet","hermit:SprayPray","hermit:Ricochet","hermit:ShadowCloak","hermit:ItchyTrigger","hermit:Roulette","hermit:SprayPray","hermit:ShadowCloak","hermit:Virtue","hermit:Ricochet","hermit:Roulette","hermit:BigShot","hermit:RoundhouseKick","hermit:Dive+1","hermit:Brawl+1","hermit:Quickdraw"],"relics":["hermit:Momento","NeowsBlessing","hubris:DisguiseKit","Counterbalance","infinitespire:BottledMercury","Pet Ghost","aspiration:WatcherSkillbook"],"acts_visited":["Exordium","TheCity"],"potions_floor_usage":[16,16,16,20,20],"damage_taken":[{"damage":0,"enemies":"Cultist","floor":1,"turns":1},{"damage":0,"enemies":"Small Slimes","floor":4,"turns":1},{"damage":0,"enemies":"Lagavulin","floor":6,"turns":1},{"damage":0,"enemies":"Jaw Worm","floor":7,"turns":1},{"damage":0,"enemies":"Red Slaver","floor":8,"turns":1},{"damage":5,"enemies":"Gremlin Nob","floor":10,"turns":3},{"damage":12,"enemies":"Blue Slaver","floor":11,"turns":2},{"damage":14,"enemies":"Large Slime","floor":13,"turns":6},{"damage":0,"enemies":"Looter","floor":14,"turns":2},{"damage":51,"enemies":"Hexaghost","floor":16,"turns":9},{"damage":15,"enemies":"Spheric Guardian","floor":18,"turns":4},{"damage":27,"enemies":"3 Byrds","floor":19,"turns":7},{"damage":27,"enemies":"Sentry and Sphere","floor":20,"turns":8},{"damage":9,"enemies":"Snake Plant","floor":21,"turns":4}],"seed_played":"2822588099095884450","potions_obtained":[{"floor":1,"key":"LiquidBronze"},{"floor":4,"key":"EntropicBrew"},{"floor":8,"key":"Weak Potion"}],"is_trial":false,"path_per_floor":["M","?","?","M","$","E","M","M","T","E","M","R","M","M","R","B",null,"M","M","M","M"],"character_chosen":"HERMIT","items_purchased":["hermit:ShadowCloak","hermit:ItchyTrigger"],"campfire_rested":1,"item_purchase_floors":[5,5],"current_hp_per_floor":[75,75,75,75,75,75,75,75,75,70,58,58,44,44,66,15,75,60,33,6,0,0],"gold":298,"neow_bonus":"THREE_ENEMY_KILL","is_daily":false,"chose_seed":false,"campfire_upgraded":0,"win_rate":0.0,"timestamp":1610056082,"path_taken":["M","?","?","?","?","E","M","M","T","E","M","R","M","M","R","BOSS","M","M","M","M"],"items_purchased_type":["Card","Card"],"build_version":"2020-12-22","purchased_purges":0,"victory":false,"max_hp_per_floor":[75,75,75,75,75,75,75,75,75,75,75,75,75,75,75,75,75,75,75,75,75,75],"card_choices":[{"not_picked":["hermit:Coalescence","hermit:Maintenance"],"picked":"hermit:SprayPray","floor":1},{"not_picked":["hermit:FullyLoaded","hermit:LowProfile","stsjorbsmod:RayOfFrost"],"picked":"hermit:Ricochet","floor":4},{"not_picked":["hermit:Spite","hermit:Ricochet","stsjorbsmod:Mindworm"],"picked":"hermit:Roulette","floor":6},{"not_picked":["hermit:Quickdraw","hermit:TakeCover","stsjorbsmod:ChatteringStrike"],"picked":"hermit:SprayPray","floor":7},{"not_picked":["hermit:Showdown","hermit:Vantage","stsjorbsmod:FracturedMind"],"picked":"hermit:ShadowCloak","floor":8},{"not_picked":["hermit:Feint","hermit:LoneWolf","stsjorbsmod:OldPocket"],"picked":"hermit:Virtue","floor":10},{"not_picked":["hermit:Dive","hermit:Desperado","stsjorbsmod:Counterspell"],"picked":"hermit:Ricochet","floor":11},{"not_picked":["hermit:Desperado","hermit:Cheat","stsjorbsmod:Prepare"],"picked":"hermit:Roulette","floor":13},{"not_picked":["hermit:Roulette","hermit:Enervate","stsjorbsmod:TrueStrike"],"picked":"hermit:BigShot","floor":14},{"not_picked":["hermit:EternalForm","hermit:FinalCanter","stsjorbsmod:Fireball"],"picked":"hermit:RoundhouseKick","floor":16},{"not_picked":["hermit:Gestalt","hermit:Snipe","hermit:Desperado","stsjorbsmod:FlameWard"],"picked":"hermit:Dive+1","floor":18},{"not_picked":["SashWhip","Prostrate","Worship+1","stsjorbsmod:UnseenServant"],"picked":"hermit:Brawl+1","floor":19},{"not_picked":["hermit:Coalescence","Indignation","hermit:HoleUp","stsjorbsmod:Introspection"],"picked":"hermit:Quickdraw","floor":20}],"player_experience":687629,"relics_obtained":[{"floor":6,"key":"Counterbalance"},{"floor":9,"key":"infinitespire:BottledMercury"},{"floor":10,"key":"Pet Ghost"}],"event_choices":[],"is_beta":false,"boss_relics":[{"not_picked":["Sozu","Coffee Dripper"],"picked":"aspiration:WatcherSkillbook"}],"items_purged_floors":[],"is_endless":false,"potions_floor_spawned":[1,4,8,10,13,14,18,19],"killed_by":"Snake Plant","ascension_level":0}}