{"host":"er8s5flrc5z1a07t","time":1610034317,"event":{"mods":["2.2 Compatiblity","Act Like it!","Bard","BaseMod","Better Note","Better Third Choice","Downfall","Duelist Mod","Elementarium","Energized Spire","GifTheSpireLib","Hermit","Hubris","Infinite Spire","Minty Spire (QoL Compilation)","Relic Stats","Replay The Spire","Shop Mod","StSLib","Stuff the Spire","Synergy Search","The Cursed","The Disciple","The Mystic"],"gold_per_floor":[13,28,38,38,38,38,63,110,110,163,178,178,198,233,233,333,333,348,368,467,467,482,482,513,513,588,788,808,808,825,843,843,945,945,961,961,981,712,728,728,761,419,419,448,448,448,448,448,448,547,547,546,546,546,496,496,496,496,501,579,576,576,386,386,386,386,494,494,491,491,488,468,299,299,316,295,295,320,98,98,93,93,93,168,168,173,173,1172,1172,1172,1241,1241,1241,1241,1241,1241,1241,1241,1050,1133,1201,1201,1379,1379,1477,1477,1477,1390,1390,1806,1806,1806,1806,1946,1739,1869,1376,1489,1489,1673,1673,1770,1770,1875,1721,1721,1721,1824,1945,1945,1729,1844,1844,1958,2097,2097,2329,2279,2279,2279],"floor_reached":139,"playtime":7144,"items_purged":["Strike_P","Strike_P+1","Strike_P+1","FlurryOfBlows","Swivel+1"],"score":4446,"play_id":"4c3ae3e7-1a98-4f38-a7c2-36e678d81b86","local_time":"20210107104517","is_ascension_mode":true,"campfire_choices":[{"data":"Wish","floor":6,"key":"SMITH"},{"floor":12,"key":"REST"},{"floor":15,"key":"DIG"},{"floor":23,"key":"REST"},{"floor":25,"key":"REST"},{"floor":29,"key":"REST"},{"floor":32,"key":"REST"},{"floor":40,"key":"REST"},{"floor":46,"key":"REST"},{"floor":57,"key":"RECALL"},{"data":"Replay:Hum+1","floor":62,"key":"PURGE"},{"data":"Injury","floor":66,"key":"PURGE"},{"floor":74,"key":"REST"},{"floor":80,"key":"REST"},{"floor":83,"key":"REST"},{"data":"Normality","floor":93,"key":"PURGE"},{"data":"Normality","floor":95,"key":"PURGE"},{"floor":102,"key":"REST"},{"floor":119,"key":"DIG"},{"floor":127,"key":"DIG"},{"floor":133,"key":"DIG"},{"data":"infinitespire:Fortify","floor":136,"key":"SMITH"}],"circlet_count":0,"master_deck":["Eruption+1","Vigilance+1","Crescendo+1","ClearTheMind+1","CarveReality","Wish+1","LessonLearned+1","WaveOfTheHand+1","CutThroughFate+1","Devotion+1","ForeignInfluence+1","EmptyMind+1","MentalFortress+1","Protect+1","MasterReality+1","Wallop+1","hubris:DuctTapeCard+2","infinitespire:Execution+1","Establishment+1","InnerPeace+1","Consecrate+1","expansioncontent:QuickStudy+1","Swivel+1","ConjureBlade+1","infinitespire:UltimateForm+1","Evaluate+1","Replay:ManipulateFuture","Fasting2+1","CutThroughFate+1","infinitespire:Fortify+1","CurseOfTheBell","Wish+1","Strike_P","Replay:Fractal Strike"],"relics":["HolyWater","Ice Cream","Replay:Baseball","Lantern","hubris:SphereOfDissonance","infinitespire:Golems Mask","Art of War","VioletLotus","hubris:TerracottaHorce","Happy Flower","Fusion Hammer","StuffTheSpire:Mouthbags","Anchor","Membership Card","infinitespire:CheckeredPen","hubris:DuctTape","Turnip","TungstenRod","Juzu Bracelet","hubris:Icosahedron","hubris:Towel","Peace Pipe","Durian","Eternal Feather","hubris:SlimyHat","hubris:EmptyBottle","MerchantsRug","Golden Idol","Question Card","Replay:WaspNest","energizedSpire:CrystalSphere","Cauldron","Pen Nib","Gremlin Food","Mango","Replay:Rubber Ducky","FossilizedHelix","Akabeko","infinitespire:EvilPickle","Ancient Tea Set","StuffTheSpire:CocoNut","Strange Spoon","ClockworkSouvenir","StuffTheSpire:Rhapsscallions","Vajra","Pandora\u0027s Box","hubris:BundleOfHerbs","Replay:Kaleidoscope","Boot","Old Coin","Mummified Hand","GoldenEye","Meat on the Bone","Shovel","infinitespire:Satchel","Blue Candle","infinitespire:Joker Card","Potion Belt","Calling Bell","StuffTheSpire:GrapeVine","StuffTheSpire:RubySignet","Replay:Multitool","hubris:FunFungus","infinitespire:Beetle Shell","Chemical X","hubris:MysteriousPyramids","Replay:Ringing Soul","Lee\u0027s Waffle","Tiny Chest","Bottled Lightning","MealTicket","infinitespire:EvilPickle","energizedSpire:HugeHouse"],"acts_visited":["Exordium","TheCity","TheBeyond","Exordium","TheCity","TheBeyond","Exordium","TheCity","TheBeyond"],"potions_floor_usage":[18,19,19,33,33,39,39,50,50,50,50,69,71,71,75,84,84,91,135],"damage_taken":[{"damage":4,"enemies":"Jaw Worm","floor":1,"turns":3},{"damage":0,"enemies":"Cultist","floor":2,"turns":3},{"damage":0,"enemies":"Small Slimes","floor":3,"turns":3},{"damage":13,"enemies":"Lagavulin","floor":7,"turns":9},{"damage":11,"enemies":"3 Louse","floor":8,"turns":4},{"damage":4,"enemies":"Large Slime","floor":11,"turns":7},{"damage":2,"enemies":"Red Slaver","floor":13,"turns":7},{"damage":0,"enemies":"Gremlin Nob","floor":14,"turns":2},{"damage":4,"enemies":"The Guardian","floor":16,"turns":18},{"damage":4,"enemies":"Shell Parasite","floor":18,"turns":7},{"damage":34,"enemies":"3 Byrds","floor":19,"turns":4},{"damage":21,"enemies":"3 Cultists","floor":22,"turns":6},{"damage":14,"enemies":"Gremlin Leader","floor":24,"turns":8},{"damage":11,"enemies":"Chosen and Byrds","floor":28,"turns":6},{"damage":0,"enemies":"Centurion and Healer","floor":30,"turns":9},{"damage":20,"enemies":"Snake Plant","floor":31,"turns":6},{"damage":32,"enemies":"Automaton","floor":33,"turns":12},{"damage":28,"enemies":"3 Darklings","floor":35,"turns":7},{"damage":0,"enemies":"3 Shapes","floor":37,"turns":7},{"damage":31,"enemies":"3 Darklings","floor":39,"turns":5},{"damage":13,"enemies":"Nemesis","floor":41,"turns":11},{"damage":2,"enemies":"Nightmare","floor":44,"turns":11},{"damage":36,"enemies":"Replay:Hell Engine","floor":50,"turns":14},{"damage":0,"enemies":"Small Slimes","floor":52,"turns":2},{"damage":0,"enemies":"Gremlin Nob","floor":59,"turns":3},{"damage":8,"enemies":"Lagavulin","floor":61,"turns":6},{"damage":0,"enemies":"Slime Boss","floor":67,"turns":3},{"damage":0,"enemies":"2 Thieves","floor":69,"turns":3},{"damage":10,"enemies":"3 Byrds","floor":71,"turns":4},{"damage":1,"enemies":"3 Cultists","floor":72,"turns":5},{"damage":0,"enemies":"Book of Stabbing","floor":75,"turns":2},{"damage":0,"enemies":"Centurion and Healer","floor":76,"turns":6},{"damage":59,"enemies":"Gremlin Leader","floor":78,"turns":3},{"damage":8,"enemies":"Slavers","floor":81,"turns":7},{"damage":0,"enemies":"Pondfish","floor":84,"turns":6},{"damage":0,"enemies":"Orb Walker","floor":86,"turns":3},{"damage":0,"enemies":"3 Darklings","floor":91,"turns":5},{"damage":0,"enemies":"Giant Head","floor":100,"turns":5},{"damage":0,"enemies":"4 Shapes","floor":101,"turns":5},{"damage":0,"enemies":"hubris:GrandSnecko","floor":103,"turns":4},{"damage":0,"enemies":"Jaw Worm","floor":105,"turns":2},{"damage":0,"enemies":"Gremlin Nob","floor":110,"turns":3},{"damage":0,"enemies":"Lagavulin","floor":114,"turns":2},{"damage":0,"enemies":"2 Louse","floor":116,"turns":1},{"damage":0,"enemies":"Gremlin Nob","floor":118,"turns":4},{"damage":4,"enemies":"The Guardian","floor":120,"turns":5},{"damage":0,"enemies":"Shell Parasite","floor":122,"turns":4},{"damage":0,"enemies":"2 Thieves","floor":124,"turns":3},{"damage":29,"enemies":"Sentry and Sphere","floor":128,"turns":4},{"damage":0,"enemies":"Snecko","floor":129,"turns":4},{"damage":0,"enemies":"Snake Plant","floor":132,"turns":2},{"damage":0,"enemies":"Chosen and Byrds","floor":134,"turns":5},{"damage":0,"enemies":"Gremlin Leader","floor":135,"turns":3},{"damage":10,"enemies":"Pondfish","floor":137,"turns":4},{"damage":0,"enemies":"3 Darklings","floor":139,"turns":1}],"seed_played":"-2797144705862311228","potions_obtained":[{"floor":2,"key":"Energy Potion"},{"floor":7,"key":"DuplicationPotion"},{"floor":8,"key":"infinitespire:BlackPotion"},{"floor":13,"key":"Fruit Juice"},{"floor":18,"key":"Swift Potion"},{"floor":24,"key":"Regen Potion"},{"floor":33,"key":"Explosive Potion"},{"floor":37,"key":"Regen Potion"},{"floor":41,"key":"StancePotion"},{"floor":44,"key":"Explosive Potion"},{"floor":52,"key":"Block Potion"},{"floor":67,"key":"FairyPotion"},{"floor":73,"key":"LiquidMemories"},{"floor":73,"key":"LiquidMemories"},{"floor":73,"key":"Strength Potion"},{"floor":84,"key":"sneckomod:MuddlingPotion"},{"floor":101,"key":"Elixir"},{"floor":118,"key":"Adrenaline Potion"},{"floor":120,"key":"BottledMiracle"},{"floor":122,"key":"LifebloodPotion"},{"floor":129,"key":"StancePotion"}],"is_trial":false,"path_per_floor":["M","M","M","?","?","R","E","M","T","?","M","R","M","E","R","B",null,"M","M","?","AVR","M","R","E","R","T","?","M","R","M","M","R","B",null,"M","?","M","$","M","R","E","$","T","NM","AVR","R","T","?","R","B",null,"M","?","?","?","?","R","AVR","E","T","E","R","$","?","?","R","B",null,"M","?","M","M","$","R","E","M","T","E","$","R","E","?","R","B",null,"M","?","?","PTL","PTL","M","T","R","?","R","T","AVR","?","$","E","M","R","B",null,"M","?","AVR","?","?","E","?","?","T","E","$","M","?","E","R","B",null,"M","AVR","M","$","?","R","M","M","T","$","M","R","M","E","R","B",null,"M"],"character_chosen":"WATCHER","items_purchased":["StuffTheSpire:Mouthbags","AttackPotion","Membership Card","infinitespire:CheckeredPen","Strength Potion","hubris:EmptyBottle","War Paint","champ:CounterPotion","MerchantsRug","Cauldron","expansioncontent:QuickStudy","Replay:Rubber Ducky","FossilizedHelix","ClockworkSouvenir","StuffTheSpire:Rhapsscallions","infinitespire:Satchel","Blue Candle","infinitespire:Beetle Shell","Chemical X","Lee\u0027s Waffle","Tiny Chest"],"campfire_rested":11,"item_purchase_floors":[38,38,42,42,42,63,63,63,63,73,73,79,79,99,99,115,115,125,125,131,131],"current_hp_per_floor":[68,68,68,68,68,68,55,44,44,26,22,43,41,41,41,37,72,73,39,39,39,18,41,27,50,50,50,39,62,62,42,65,47,70,42,42,42,42,20,43,30,30,30,28,28,51,51,54,77,41,68,68,71,74,77,77,77,77,82,82,74,82,82,82,63,78,78,81,81,82,72,71,71,82,82,82,82,37,40,86,78,81,96,96,96,96,91,91,91,91,91,91,91,94,94,101,101,101,103,103,103,103,103,103,103,103,103,103,103,103,91,74,74,74,74,74,77,77,95,99,102,102,102,103,103,103,103,87,99,99,110,110,110,110,110,110,110,108,108,108],"gold":2279,"neow_bonus":"ONE_RARE_RELIC","is_daily":false,"chose_seed":false,"campfire_upgraded":2,"win_rate":0.0,"timestamp":1610034317,"path_taken":["M","M","M","?","?","R","E","?","T","?","?","R","M","E","R","BOSS","M","M","?","AVR","M","R","E","R","T","?","M","R","?","M","R","BOSS","M","?","M","$","?","R","E","?","T","NM","AVR","R","?","?","R","BOSS","M","?","?","?","?","R","AVR","E","T","E","R","?","?","?","R","BOSS","M","?","M","M","$","R","E","M","T","E","?","R","E","?","R","BOSS","M","?","?","PTL","PTL","M","?","R","?","R","T","AVR","?","$","E","M","R","BOSS","M","?","AVR","?","?","E","?","?","T","E","$","M","?","E","R","BOSS","M","AVR","M","$","?","R","M","M","T","$","M","R","M","E","R","BOSS","M"],"items_purchased_type":["Relic","Potion","Relic","Relic","Potion","Relic","Relic","Potion","Relic","Relic","Card","Relic","Relic","Relic","Relic","Relic","Relic","Relic","Relic","Relic","Relic"],"build_version":"2020-12-22","purchased_purges":5,"victory":false,"max_hp_per_floor":[72,72,72,72,72,72,72,72,72,72,72,72,72,72,72,72,72,77,77,77,77,77,77,77,77,77,77,77,77,77,77,77,77,77,77,77,77,77,77,77,77,77,77,77,77,77,77,77,77,77,77,77,77,77,77,77,77,77,82,82,82,82,82,82,82,82,82,82,82,82,82,82,82,82,82,82,82,96,96,96,96,96,96,96,96,96,91,91,91,91,91,91,91,94,94,101,101,101,103,103,103,103,103,103,103,103,103,103,103,103,103,103,103,103,103,103,103,103,103,103,103,103,103,103,103,103,103,103,103,103,110,110,110,110,110,110,110,108,108,108],"relic_stats":{"Juzu Bracelet":4,"Boot":[17],"Shovel":4,"Mummified Hand":[60],"Tiny Chest":0,"MealTicket":0,"VioletLotus":[56],"Chemical X":[5],"Lee\u0027s Waffle":11,"Happy Flower":[69],"counters":[55,287],"Golden Idol":246,"Blue Candle":[1],"Eternal Feather":85,"Pen Nib":[15],"Question Card":121,"GoldenEye":[35],"Peace Pipe":5,"Strange Spoon":[77],"Pandora\u0027s Box":["Evaluate","Replay:ManipulateFuture","Swivel"],"Turnip":[19],"Art of War":[49],"obtain_stats":[{"Ice Cream":0,"energizedSpire:CrystalSphere":68,"StuffTheSpire:Rhapsscallions":99,"Vajra":100,"hubris:MysteriousPyramids":127,"Boot":108,"hubris:TerracottaHorce":21,"Old Coin":110,"Replay:Ringing Soul":130,"infinitespire:Golems Mask":14,"MealTicket":135,"VioletLotus":17,"Fusion Hammer":34,"MerchantsRug":63,"Happy Flower":24,"hubris:DuctTape":43,"Blue Candle":115,"hubris:SphereOfDissonance":10,"Eternal Feather":60,"Pen Nib":75,"infinitespire:Beetle Shell":125,"Replay:Kaleidoscope":107,"War Paint":63,"Question Card":65,"Akabeko":81,"infinitespire:EvilPickle":84,"Replay:Baseball":7,"Pandora\u0027s Box":104,"Meat on the Bone":113,"Lantern":9,"Mango":78,"Juzu Bracelet":47,"hubris:SlimyHat":61,"StuffTheSpire:GrapeVine":121,"Replay:Multitool":121,"hubris:EmptyBottle":63,"Ancient Tea Set":92,"Replay:Rubber Ducky":79,"ClockworkSouvenir":99,"hubris:Icosahedron":54,"Shovel":114,"Mummified Hand":111,"Tiny Chest":131,"hubris:FunFungus":123,"energizedSpire:HugeHouse":138,"Chemical X":125,"Gremlin Food":77,"Potion Belt":119,"BargainBundle":21,"Lee\u0027s Waffle":131,"Golden Idol":64,"Replay:WaspNest":65,"infinitespire:Joker Card":118,"infinitespire:CheckeredPen":42,"hubris:Towel":56,"GoldenEye":111,"Peace Pipe":58,"Calling Bell":121,"Cauldron":73,"Strange Spoon":97,"Anchor":41,"StuffTheSpire:Mouthbags":38,"HolyWater":51,"infinitespire:Satchel":115,"StuffTheSpire:CocoNut":96,"Turnip":44,"hubris:BundleOfHerbs":106,"Art of War":15,"Durian":59,"StuffTheSpire:RubySignet":121,"Membership Card":42,"Bottled Lightning":133,"PureWater":0,"TungstenRod":45,"FossilizedHelix":79},{"Ice Cream":0,"energizedSpire:CrystalSphere":27,"StuffTheSpire:Rhapsscallions":37,"Vajra":38,"hubris:MysteriousPyramids":48,"Boot":41,"hubris:TerracottaHorce":11,"Old Coin":42,"Replay:Ringing Soul":50,"infinitespire:Golems Mask":8,"MealTicket":53,"VioletLotus":9,"Fusion Hammer":17,"MerchantsRug":26,"Happy Flower":13,"hubris:DuctTape":21,"Blue Candle":43,"hubris:SphereOfDissonance":5,"Eternal Feather":25,"Pen Nib":31,"infinitespire:Beetle Shell":48,"Replay:Kaleidoscope":41,"War Paint":26,"Question Card":26,"Akabeko":34,"infinitespire:EvilPickle":35,"Replay:Baseball":4,"Pandora\u0027s Box":40,"Meat on the Bone":42,"Lantern":5,"Mango":33,"Juzu Bracelet":22,"hubris:SlimyHat":26,"StuffTheSpire:GrapeVine":46,"Replay:Multitool":46,"hubris:EmptyBottle":26,"Ancient Tea Set":37,"Replay:Rubber Ducky":33,"ClockworkSouvenir":37,"hubris:Icosahedron":24,"Shovel":43,"Mummified Hand":42,"Tiny Chest":50,"hubris:FunFungus":47,"energizedSpire:HugeHouse":54,"Chemical X":48,"Gremlin Food":32,"Potion Belt":45,"BargainBundle":11,"Lee\u0027s Waffle":50,"Golden Idol":26,"Replay:WaspNest":26,"infinitespire:Joker Card":45,"infinitespire:CheckeredPen":21,"hubris:Towel":24,"GoldenEye":42,"Peace Pipe":24,"Calling Bell":46,"Cauldron":30,"Strange Spoon":37,"Anchor":21,"StuffTheSpire:Mouthbags":19,"HolyWater":23,"infinitespire:Satchel":43,"StuffTheSpire:CocoNut":37,"Turnip":22,"hubris:BundleOfHerbs":41,"Art of War":8,"Durian":25,"StuffTheSpire:RubySignet":46,"Membership Card":21,"Bottled Lightning":51,"PureWater":0,"TungstenRod":22,"FossilizedHelix":33},{"Ice Cream":0,"energizedSpire:CrystalSphere":183,"StuffTheSpire:Rhapsscallions":227,"Vajra":232,"hubris:MysteriousPyramids":265,"Boot":243,"hubris:TerracottaHorce":67,"Old Coin":246,"Replay:Ringing Soul":273,"infinitespire:Golems Mask":38,"MealTicket":283,"VioletLotus":56,"Fusion Hammer":114,"MerchantsRug":180,"Happy Flower":81,"hubris:DuctTape":144,"Blue Candle":248,"hubris:SphereOfDissonance":22,"Eternal Feather":174,"Pen Nib":197,"infinitespire:Beetle Shell":265,"Replay:Kaleidoscope":243,"War Paint":180,"Question Card":180,"Akabeko":213,"infinitespire:EvilPickle":219,"Replay:Baseball":18,"Pandora\u0027s Box":241,"Meat on the Bone":246,"Lantern":22,"Mango":206,"Juzu Bracelet":155,"hubris:SlimyHat":180,"StuffTheSpire:GrapeVine":258,"Replay:Multitool":258,"hubris:EmptyBottle":180,"Ancient Tea Set":227,"Replay:Rubber Ducky":206,"ClockworkSouvenir":227,"hubris:Icosahedron":171,"Shovel":248,"Mummified Hand":246,"Tiny Chest":273,"hubris:FunFungus":262,"energizedSpire:HugeHouse":287,"Chemical X":265,"Gremlin Food":203,"Potion Belt":253,"BargainBundle":67,"Lee\u0027s Waffle":273,"Golden Idol":180,"Replay:WaspNest":180,"infinitespire:Joker Card":253,"infinitespire:CheckeredPen":144,"hubris:Towel":171,"GoldenEye":246,"Peace Pipe":171,"Calling Bell":258,"Cauldron":195,"Strange Spoon":227,"Anchor":144,"StuffTheSpire:Mouthbags":128,"HolyWater":169,"infinitespire:Satchel":248,"StuffTheSpire:CocoNut":227,"Turnip":155,"hubris:BundleOfHerbs":243,"Art of War":38,"Durian":174,"StuffTheSpire:RubySignet":258,"Membership Card":144,"Bottled Lightning":275,"PureWater":0,"TungstenRod":155,"FossilizedHelix":206}],"TungstenRod":30,"Meat on the Bone":0},"card_choices":[{"not_picked":["BowlingBash","Fasting2"],"picked":"Crescendo","floor":1},{"not_picked":["EmptyBody","CrushJoints"],"picked":"ClearTheMind","floor":2},{"not_picked":["Wireheading","SandsOfTime"],"picked":"CarveReality","floor":3},{"not_picked":["LikeWater","CrushJoints"],"picked":"LessonLearned","floor":7},{"not_picked":["ClearTheMind","JustLucky"],"picked":"WaveOfTheHand","floor":8},{"not_picked":["Adaptation","JustLucky"],"picked":"Replay:AtTheReady","floor":10},{"not_picked":["Worship","FlyingSleeves"],"picked":"ThirdEye","floor":10},{"not_picked":["EmptyFist","CarveReality"],"picked":"WaveOfTheHand","floor":11},{"not_picked":["FlyingSleeves","Replay:Battleflow"],"picked":"CutThroughFate","floor":13},{"not_picked":["FollowUp","ClearTheMind"],"picked":"Replay:Hum","floor":14},{"not_picked":["LessonLearned","Vault"],"picked":"Devotion","floor":16},{"not_picked":["ThirdEye","CrushJoints","Crescendo"],"picked":"SKIP","floor":18},{"not_picked":["ThirdEye","Replay:BluntJabs"],"picked":"Wallop+1","floor":19},{"not_picked":["FollowUp","EmptyFist"],"picked":"ForeignInfluence+1","floor":22},{"not_picked":["ThirdEye","SignatureMove"],"picked":"EmptyMind+1","floor":24},{"not_picked":["ClearTheMind","CrushJoints","Collect"],"picked":"SKIP","floor":28},{"not_picked":["CutThroughFate","Crescendo"],"picked":"MentalFortress+1","floor":30},{"not_picked":["ReachHeaven","LessonLearned"],"picked":"Protect","floor":31},{"not_picked":["DevaForm","Blasphemy"],"picked":"MasterReality","floor":33},{"not_picked":["Crescendo+1","FlyingSleeves+1","Replay:BluntJabs+1"],"picked":"SKIP","floor":35},{"not_picked":["BowlingBash","JustLucky+1","Prostrate+1"],"picked":"SKIP","floor":37},{"not_picked":["Wireheading+1","Study+1","Prostrate+1"],"picked":"SKIP","floor":39},{"not_picked":["Wallop","SandsOfTime+1"],"picked":"Replay:AtTheReady","floor":41},{"not_picked":["infinitespire:Oblivion","infinitespire:DeathsTouch"],"picked":"infinitespire:Execution","floor":44},{"not_picked":["CutThroughFate+1","CrushJoints","EmptyMind"],"picked":"SKIP","floor":44},{"not_picked":["Scrawl","Devotion"],"picked":"Establishment","floor":50},{"not_picked":["Protect","EmptyBody"],"picked":"InnerPeace","floor":52},{"not_picked":["Tantrum","Replay:AtTheReady","Wireheading"],"picked":"SKIP","floor":59},{"not_picked":["Adaptation","EmptyBody","Halt"],"picked":"SKIP","floor":61},{"not_picked":["Brilliance","MasterReality","Replay:AllIn"],"picked":"Replay:LoomingThreat","floor":67},{"not_picked":["Weave","WreathOfFlame+1","EmptyBody"],"picked":"Consecrate","floor":69},{"not_picked":["SashWhip+1","Conclude","CrushJoints+1"],"picked":"FlurryOfBlows","floor":71},{"not_picked":["Replay:Battleflow","EmptyMind+1","JustLucky","Halt"],"picked":"SKIP","floor":72},{"not_picked":["WaveOfTheHand","Consecrate","FollowUp","ClearTheMind"],"picked":"SKIP","floor":75},{"not_picked":["Prostrate","Protect","EmptyBody","Replay:BluntJabs"],"picked":"SKIP","floor":76},{"not_picked":["PathToVictory","Crescendo","ThirdEye","Study+1"],"picked":"SKIP","floor":78},{"not_picked":["ThirdEye","Ragnarok","PathToVictory"],"picked":"Swivel+1","floor":81},{"not_picked":["Blasphemy","Devotion","DeusExMachina"],"picked":"ConjureBlade","floor":84},{"not_picked":["FearNoEvil","Vengeance","Protect+1","MentalFortress+1"],"picked":"SKIP","floor":86},{"not_picked":["ReplayTheSpireMod:Echoes of Time","infinitespire:DeathsTouch"],"picked":"infinitespire:UltimateForm","floor":91},{"not_picked":["Perseverance+1","Meditate","Replay:BluntJabs","Replay:Vibes+1"],"picked":"SKIP","floor":91},{"not_picked":["CutThroughFate","EmptyFist","MentalFortress+1","WindmillStrike"],"picked":"SKIP","floor":100},{"not_picked":["Replay:BluntJabs","WindmillStrike+1","ClearTheMind+1","Consecrate"],"picked":"SKIP","floor":101},{"not_picked":["Crescendo","JustLucky","ClearTheMind"],"picked":"Fasting2","floor":105},{"not_picked":["Evaluate","Weave","ThirdEye","MentalFortress"],"picked":"SKIP","floor":110},{"not_picked":["Replay:AtTheReady","Weave","CarveReality","InnerPeace"],"picked":"SKIP","floor":114},{"not_picked":["JustLucky","Replay:AtTheReady","Protect","Pray"],"picked":"SKIP","floor":116},{"not_picked":["ReplayTheSpireMod:Chaos Vortex","infinitespire:Execution"],"picked":"infinitespire:Fortify","floor":117},{"not_picked":["Wallop","FlyingSleeves","Nirvana","Indignation"],"picked":"SKIP","floor":118},{"not_picked":["DeceiveReality","Weave","Protect+1","ClearTheMind"],"picked":"SKIP","floor":122},{"not_picked":["Halt","Worship","WindmillStrike","Protect"],"picked":"SKIP","floor":124},{"not_picked":["TalkToTheHand","LikeWater","WheelKick","SashWhip+1"],"picked":"SKIP","floor":128},{"not_picked":["Replay:Battleflow","DeusExMachina","Crescendo","Replay:AtTheReady+1"],"picked":"SKIP","floor":129},{"not_picked":["EmptyMind","Protect","EmptyBody","SpiritShield"],"picked":"SKIP","floor":132},{"not_picked":["SpiritShield","Replay:AtTheReady","ClearTheMind","Protect"],"picked":"SKIP","floor":134},{"not_picked":["Evaluate","Nirvana+1","Judgement","Protect+1"],"picked":"SKIP","floor":135}],"player_experience":1225440,"relics_obtained":[{"floor":7,"key":"Replay:Baseball"},{"floor":9,"key":"Lantern"},{"floor":10,"key":"hubris:SphereOfDissonance"},{"floor":14,"key":"infinitespire:Golems Mask"},{"floor":15,"key":"Art of War"},{"floor":24,"key":"Happy Flower"},{"floor":41,"key":"Anchor"},{"floor":43,"key":"hubris:DuctTape"},{"floor":44,"key":"Turnip"},{"floor":47,"key":"Juzu Bracelet"},{"floor":59,"key":"Durian"},{"floor":60,"key":"Eternal Feather"},{"floor":61,"key":"hubris:SlimyHat"},{"floor":75,"key":"Pen Nib"},{"floor":77,"key":"Gremlin Food"},{"floor":78,"key":"Mango"},{"floor":81,"key":"Akabeko"},{"floor":92,"key":"Ancient Tea Set"},{"floor":96,"key":"StuffTheSpire:CocoNut"},{"floor":100,"key":"Vajra"},{"floor":106,"key":"hubris:BundleOfHerbs"},{"floor":110,"key":"Old Coin"},{"floor":113,"key":"Meat on the Bone"},{"floor":114,"key":"Shovel"},{"floor":118,"key":"infinitespire:Joker Card"},{"floor":119,"key":"Potion Belt"},{"floor":121,"key":"StuffTheSpire:GrapeVine"},{"floor":121,"key":"StuffTheSpire:RubySignet"},{"floor":121,"key":"Replay:Multitool"},{"floor":127,"key":"hubris:MysteriousPyramids"},{"floor":130,"key":"Replay:Ringing Soul"},{"floor":133,"key":"Bottled Lightning"},{"floor":135,"key":"MealTicket"}],"event_choices":[{"damage_healed":0,"gold_gain":0,"player_choice":"1 cards matched","damage_taken":0,"max_hp_gain":0,"max_hp_loss":0,"event_name":"Match and Keep!","floor":5,"gold_loss":0,"cards_obtained":["Wish"]},{"damage_healed":0,"gold_gain":99,"player_choice":"Steal","damage_taken":0,"max_hp_gain":0,"max_hp_loss":0,"event_name":"betterThird:BetterNest","floor":20,"gold_loss":0},{"damage_healed":0,"gold_gain":200,"player_choice":"Gold","damage_taken":0,"max_hp_gain":0,"max_hp_loss":0,"event_name":"Wheel of Change","floor":27,"gold_loss":0},{"cards_removed":["Strike_P"],"damage_healed":0,"gold_gain":0,"player_choice":"Purged","damage_taken":0,"max_hp_gain":0,"max_hp_loss":0,"event_name":"Purifier","floor":36,"gold_loss":0},{"damage_healed":0,"gold_gain":0,"player_choice":"Grow","damage_taken":0,"max_hp_gain":0,"max_hp_loss":0,"event_name":"Living Wall","floor":53,"gold_loss":0,"cards_upgraded":["Devotion"]},{"cards_removed":["Defend_P"],"damage_healed":0,"gold_gain":0,"player_choice":"Card Removal","damage_taken":0,"max_hp_gain":0,"max_hp_loss":0,"event_name":"The Cleric","floor":55,"gold_loss":50},{"damage_healed":0,"gold_gain":0,"player_choice":"Take Wound","damage_taken":0,"relics_obtained":["Golden Idol"],"max_hp_gain":0,"max_hp_loss":0,"event_name":"Golden Idol","floor":64,"gold_loss":0,"cards_obtained":["Injury"]},{"damage_healed":0,"gold_gain":1,"player_choice":"Relic Relic ","damage_taken":24,"max_hp_gain":0,"max_hp_loss":0,"event_name":"betterThird:BetterScrap","floor":65,"gold_loss":0,"cards_obtained":["ReplayRNGCard"]},{"damage_healed":0,"gold_gain":0,"player_choice":"Upgraded","damage_taken":0,"max_hp_gain":0,"max_hp_loss":0,"event_name":"Upgrade Shrine","floor":70,"gold_loss":0,"cards_upgraded":["Replay:LoomingThreat"]},{"damage_healed":0,"gold_gain":0,"player_choice":"Max HP","damage_taken":0,"max_hp_gain":0,"max_hp_loss":5,"event_name":"Winding Halls","floor":87,"gold_loss":0},{"damage_healed":0,"gold_gain":999,"player_choice":"Gold","damage_taken":0,"max_hp_gain":0,"max_hp_loss":0,"event_name":"MindBloom","floor":88,"gold_loss":0,"cards_obtained":["Normality","Normality"]},{"cards_removed":["Replay:LoomingThreat"],"damage_healed":0,"gold_gain":0,"player_choice":"Purged","damage_taken":0,"max_hp_gain":0,"max_hp_loss":0,"event_name":"Purifier","floor":98,"gold_loss":0},{"damage_healed":0,"gold_gain":0,"player_choice":"Paid Gold","damage_taken":0,"relics_obtained":["Boot"],"max_hp_gain":0,"max_hp_loss":0,"event_name":"WeMeetAgain","floor":108,"gold_loss":87},{"damage_healed":0,"gold_gain":1,"player_choice":"Relic Relic ","damage_taken":16,"max_hp_gain":0,"max_hp_loss":0,"event_name":"betterThird:BetterScrap","floor":111,"gold_loss":0,"cards_obtained":["Battle Trance"]},{"damage_healed":94,"gold_gain":0,"player_choice":"Upgrade","damage_taken":21,"max_hp_gain":0,"max_hp_loss":103,"event_name":"betterThird:BetterShining","floor":112,"gold_loss":0,"cards_upgraded":["Swivel","Establishment"]},{"damage_healed":0,"gold_gain":0,"player_choice":"Copied","damage_taken":0,"max_hp_gain":0,"max_hp_loss":0,"event_name":"Duplicator","floor":126,"gold_loss":0,"cards_obtained":["Wish"]}],"is_beta":false,"boss_relics":[{"not_picked":["Busted Crown","energizedSpire:RedRose"],"picked":"VioletLotus"},{"not_picked":["Pandora\u0027s Box","StuffTheSpire:RunicHypercube"],"picked":"Fusion Hammer"},{"not_picked":["Philosopher\u0027s Stone","hubris:RunicObelisk"],"picked":"HolyWater"},{"not_picked":["Painkiller Herb","Empty Cage"],"picked":"energizedSpire:CrystalSphere"},{"not_picked":["energizedSpire:SpiderWeb","StuffTheSpire:Kangaroo","Coffee Dripper"]},{"not_picked":["energizedSpire:HugeHouse","hubris:HollowSoul"],"picked":"Pandora\u0027s Box"},{"not_picked":["hubris:VirtuousBlindfold","Runic Dome"],"picked":"Calling Bell"},{"not_picked":["Cursed Key","Ring of Chaos"],"picked":"energizedSpire:HugeHouse"}],"items_purged_floors":[21,38,42,97,131],"is_endless":true,"potions_floor_spawned":[2,7,8,13,14,18,24,33,37,41,44,52,67,76,78,84,101,114,116,118,120,122,129,132,137],"killed_by":"3 Darklings","ascension_level":3}}