{"host":"2apb6gwm2fj4theg","time":1610036376,"event":{"mods":["2.2 Compatiblity","AlwaysNeverKeys","BaseMod","ChefMod","Halation","Hubris","Infinite Spire","Ironclad Rager","Minty Spire (QoL Compilation)","Replay The Spire","Shop Mod","Small Relic Pack","StSLib","The Animator","Unceasing Turn Reminder"],"gold_per_floor":[110,110,122,133,150,150,164,179,229,254,254,254,271,288,288,288,288],"floor_reached":16,"playtime":1231,"items_purged":[],"score":106,"play_id":"03a37ab2-5427-490d-a0da-a8e609d42224","local_time":"20210107181936","is_ascension_mode":false,"campfire_choices":[{"data":"chefmod:TodaysSpecial","floor":6.0,"key":"SMITH"},{"floor":11.0,"key":"REST"},{"floor":15.0,"key":"REST"}],"circlet_count":0,"master_deck":["chefmod:Strike","chefmod:Strike","chefmod:Strike","chefmod:Strike","chefmod:Strike","chefmod:Defend","chefmod:Defend","chefmod:Defend","chefmod:QuickThaw","chefmod:TodaysSpecial+1","chefmod:FryPan","chefmod:SearedScallops","chefmod:Defrost","chefmod:Chop","chefmod:LocoMoco","chefmod:FiveAlarmChili","chefmod:FireUp","chefmod:HotSoup","Clumsy","chefmod:DinoKale","chefmod:IcePick","chefmod:ColdSteel"],"relics":["chefmod:TrustyPot","NeowsBlessing","Orichalcum","Dream Catcher","Peace Pipe"],"acts_visited":["Exordium"],"potions_floor_usage":[16],"damage_taken":[{"damage":0.0,"enemies":"2 Louse","floor":1.0,"turns":1.0},{"damage":0.0,"enemies":"Small Slimes","floor":3.0,"turns":1.0},{"damage":0.0,"enemies":"Cultist","floor":4.0,"turns":1.0},{"damage":8.0,"enemies":"Gremlin Gang","floor":5.0,"turns":10.0},{"damage":3.0,"enemies":"2 Fungi Beasts","floor":7.0,"turns":4.0},{"damage":2.0,"enemies":"Looter","floor":8.0,"turns":4.0},{"damage":52.0,"enemies":"Gremlin Nob","floor":10.0,"turns":6.0},{"damage":5.0,"enemies":"Exordium Wildlife","floor":13.0,"turns":4.0},{"damage":2.0,"enemies":"3 Louse","floor":14.0,"turns":4.0},{"damage":48,"enemies":"The Guardian","floor":16,"turns":9}],"seed_played":"-3023273798542881808","potions_obtained":[{"floor":3.0,"key":"Adrenaline Potion"},{"floor":5.0,"key":"AttackPotion"},{"floor":7.0,"key":"Reflective Coating"}],"is_trial":false,"path_per_floor":["M","?","M","M","M","R","M","M","T","E","R","?","M","M","R","B"],"character_chosen":"THE_CHEF","items_purchased":[],"campfire_rested":2,"item_purchase_floors":[],"current_hp_per_floor":[76,76,76,76,68,68,65,63,63,11,33,33,28,26,48,0,0],"gold":288,"neow_bonus":"THREE_ENEMY_KILL","is_daily":false,"chose_seed":false,"campfire_upgraded":1,"win_rate":0.0,"timestamp":1610036376,"path_taken":["M","?","M","M","M","R","M","M","T","E","R","?","?","?","R","BOSS"],"items_purchased_type":[],"build_version":"2020-12-22","purchased_purges":0,"victory":false,"max_hp_per_floor":[76,76,76,76,76,76,76,76,76,76,76,76,76,76,76,76,76],"card_choices":[{"not_picked":["chefmod:SearedScallops","chefmod:Julienne"],"picked":"chefmod:FryPan","floor":1.0},{"not_picked":["chefmod:Ratatouille","chefmod:DinoKale"],"picked":"chefmod:SearedScallops","floor":3.0},{"not_picked":["chefmod:Granita","chefmod:LiquidNitrogen"],"picked":"chefmod:Defrost","floor":4.0},{"not_picked":["chefmod:ZaruSoba","chefmod:Gelato"],"picked":"chefmod:Chop","floor":5.0},{"not_picked":["chefmod:VegetableTart","chefmod:HotSoup"],"picked":"chefmod:LocoMoco","floor":7.0},{"not_picked":["chefmod:DinoKale","chefmod:FullBurn"],"picked":"chefmod:FiveAlarmChili","floor":8.0},{"not_picked":["chefmod:ZaruSoba","chefmod:SliceAndDice"],"picked":"chefmod:FireUp","floor":10.0},{"not_picked":["chefmod:IceCreamCone","chefmod:VegetableTart"],"picked":"chefmod:HotSoup","floor":11.0},{"not_picked":["chefmod:FryPan","chefmod:Granita"],"picked":"chefmod:DinoKale","floor":13.0},{"not_picked":["chefmod:Flambe","chefmod:ZaruSoba"],"picked":"chefmod:IcePick","floor":14.0},{"not_picked":["chefmod:CuttingBoard","chefmod:LiquidNitrogen"],"picked":"chefmod:ColdSteel","floor":15.0}],"player_experience":604966,"relics_obtained":[{"floor":9.0,"key":"Dream Catcher"},{"floor":10.0,"key":"Peace Pipe"}],"event_choices":[{"damage_healed":0.0,"max_hp_gain":0.0,"max_hp_loss":0.0,"gold_gain":0.0,"event_name":"Big Fish","player_choice":"Box","floor":2.0,"gold_loss":0.0,"damage_taken":0.0,"relics_obtained":["Orichalcum"],"cards_obtained":["Regret"]},{"damage_healed":0.0,"max_hp_gain":0.0,"max_hp_loss":0.0,"gold_gain":0.0,"cards_transformed":["Regret"],"event_name":"Transmorgrifier","player_choice":"Transformed","floor":12.0,"gold_loss":0.0,"damage_taken":0.0,"cards_obtained":["Clumsy"]}],"is_beta":false,"boss_relics":[],"items_purged_floors":[],"is_endless":false,"potions_floor_spawned":[3,5,7,10],"killed_by":"The Guardian","ascension_level":0}}