{"host":"56ghxnzsglgdq727","time":1610033154,"event":{"mods":["AchievementEnabler","BaseMod","Downfall","Minty Spire (QoL Compilation)","StSLib"],"gold_per_floor":[0,13,27,38,488,488,488,507,18,118,131,150,75,250,262,262,262,262],"floor_reached":16,"playtime":500,"items_purged":["Slimebound:Icky"],"score":124,"play_id":"bd2cffc6-6c3f-4361-903e-f9a2d930f66c","local_time":"20210107102554","is_ascension_mode":true,"campfire_choices":[{"data":"champ:RapidStrikes","floor":1,"key":"SMITH"},{"data":"champ:Taunt","floor":13,"key":"SMITH"}],"circlet_count":0,"master_deck":["champ:Strike","champ:Strike","champ:Strike","champ:Defend","champ:Defend","champ:Defend","champ:Defend","champ:Taunt+1","champ:IgnorePain","champ:RapidStrikes+1","champ:TornadoPunch","champ:SkillfulDodge","Slimebound:Icky","Slimebound:Icky","champ:TornadoPunch","champ:RapidStrikes","champ:FocusedDefense","champ:Duel","Doubt"],"relics":["champ:ChampionCrown","Mango","Meat on the Bone","downfall:HeartBlessingBlue"],"acts_visited":["Exordium"],"potions_floor_usage":[16,16,16],"damage_taken":[{"damage":8,"enemies":"Jaw Worm","floor":2,"turns":5},{"damage":0,"enemies":"Small Slimes","floor":3,"turns":3},{"damage":8,"enemies":"2 Louse","floor":4,"turns":2},{"damage":12,"enemies":"3 Louse","floor":8,"turns":3},{"damage":10,"enemies":"downfall:FleeingMerchant","floor":9,"turns":4},{"damage":6,"enemies":"Red Slaver","floor":11,"turns":4},{"damage":6,"enemies":"3 Louse","floor":12,"turns":2},{"damage":0,"enemies":"Exordium Wildlife","floor":15,"turns":2},{"damage":64,"enemies":"downfall:Silent","floor":16,"turns":14}],"seed_played":"8014231303848844390","potions_obtained":[{"floor":8,"key":"champ:TechniquePotion"},{"floor":12,"key":"Block Potion"},{"floor":15,"key":"Swift Potion"}],"is_trial":false,"path_per_floor":["R","M","M","M","?","?","T","M","$","?","M","M","R","?","M","B"],"character_chosen":"THE_CHAMP","items_purchased":["champ:FocusedDefense","Meat on the Bone","champ:Duel"],"campfire_rested":0,"item_purchase_floors":[9,9,9],"current_hp_per_floor":[90,82,82,74,74,76,76,64,54,54,60,54,64,64,64,0,0,0],"gold":262,"neow_bonus":"TRANSFORM_TWO_CARDS","is_daily":false,"chose_seed":false,"campfire_upgraded":2,"win_rate":0.0,"timestamp":1610033154,"path_taken":["R","M","M","M","?","?","T","M","$","?","M","M","R","?","M","BOSS"],"items_purchased_type":["Card","Relic","Card"],"build_version":"2020-12-22","purchased_purges":1,"victory":false,"max_hp_per_floor":[90,90,90,90,90,104,104,104,104,104,104,104,114,114,114,114,114,114],"card_choices":[{"not_picked":["champ:DefensiveShout","champ:EnGarde"],"picked":"champ:TornadoPunch","floor":2},{"not_picked":["champ:BringItOn","champ:ShieldSigil"],"picked":"champ:SkillfulDodge","floor":3},{"not_picked":["champ:ShieldSigil","champ:HeartStrike","champ:StanceDance"],"picked":"SKIP","floor":4},{"not_picked":["champ:GutPunch","champ:GladiatorStyle"],"picked":"champ:TornadoPunch","floor":8},{"not_picked":["champ:PerfectForm","champ:BringItOn"],"picked":"champ:RapidStrikes","floor":9},{"not_picked":["champ:PreciseThrust","champ:Lariat","champ:AdrenalArmor"],"picked":"SKIP","floor":11},{"not_picked":["champ:GladiatorsShout","champ:EndlessRage","champ:Circumvent"],"picked":"SKIP","floor":12},{"not_picked":["champ:StanceDance","champ:AdrenalArmor","champ:RageSigil"],"picked":"SKIP","floor":15}],"player_experience":181516,"relics_obtained":[],"event_choices":[{"damage_healed":0,"gold_gain":0,"player_choice":"Success","damage_taken":12,"relics_obtained":["Mango"],"max_hp_gain":0,"max_hp_loss":0,"event_name":"Scrap Ooze","floor":6,"gold_loss":0}],"is_beta":false,"boss_relics":[],"items_purged_floors":[9],"is_endless":false,"potions_floor_spawned":[8,12,15],"killed_by":"downfall:Silent","ascension_level":1}}