{"host":"baymyijz6sxaqj5s","time":1610015373,"event":{"mods":["AchievementEnabler","BaseMod","Colored Map","Colored Powertips","DeckTracker","Highlight Path","KOR Keyword Fix","Keyboard Shortcuts","Minty Spire (QoL Compilation)","Quick Restart","StSLib","SuperFastMode"],"gold_per_floor":[113,128,141,141,153,153,171,186,186,186,186,134,146,160,160,261,261,278,278,278],"floor_reached":19,"playtime":429,"items_purged":[],"score":187,"play_id":"7662e6f1-3654-4647-a140-8a8a6cf168e1","local_time":"20210107192933","is_ascension_mode":true,"campfire_choices":[{"floor":6,"key":"REST"},{"floor":11,"key":"REST"},{"floor":15,"key":"REST"}],"circlet_count":0,"master_deck":["Strike_R","Strike_R","Strike_R","Strike_R","Strike_R","Defend_R","Defend_R","Defend_R","Defend_R","Bash","Spot Weakness","Whirlwind","Flame Barrier","Shrug It Off","Body Slam","Barricade"],"relics":["Burning Blood","Singing Bowl","Matryoshka","Sozu"],"acts_visited":["Exordium","TheCity"],"potions_floor_usage":[5,14,16,16],"damage_taken":[{"damage":1,"enemies":"Cultist","floor":1,"turns":3},{"damage":3,"enemies":"2 Louse","floor":2,"turns":3},{"damage":3,"enemies":"Small Slimes","floor":3,"turns":3},{"damage":68,"enemies":"Gremlin Gang","floor":5,"turns":6},{"damage":17,"enemies":"3 Louse","floor":7,"turns":2},{"damage":19,"enemies":"Large Slime","floor":8,"turns":7},{"damage":1,"enemies":"2 Fungi Beasts","floor":13,"turns":4},{"damage":11,"enemies":"Blue Slaver","floor":14,"turns":4},{"damage":31,"enemies":"Slime Boss","floor":16,"turns":11},{"damage":42,"enemies":"2 Thieves","floor":18,"turns":4},{"damage":63,"enemies":"Spheric Guardian","floor":19,"turns":7}],"seed_played":"-2225348283555448116","potions_obtained":[{"floor":3,"key":"LiquidMemories"},{"floor":5,"key":"PowerPotion"},{"floor":8,"key":"CultistPotion"},{"floor":13,"key":"PowerPotion"}],"is_trial":false,"path_per_floor":["M","M","M","T","M","R","M","M","T","?","R","$","M","M","R","B",null,"M","M"],"character_chosen":"IRONCLAD","items_purchased":["Shrug It Off"],"campfire_rested":3,"item_purchase_floors":[12],"current_hp_per_floor":[88,88,88,88,26,52,43,30,30,30,57,57,64,59,86,61,92,58,0,0],"gold":278,"neow_bonus":"TEN_PERCENT_HP_BONUS","is_daily":false,"chose_seed":false,"campfire_upgraded":0,"win_rate":0.0,"timestamp":1610015373,"path_taken":["M","M","?","?","M","R","M","M","T","?","R","$","M","M","R","BOSS","M","M"],"items_purchased_type":["Card"],"build_version":"2020-12-22","purchased_purges":0,"victory":false,"max_hp_per_floor":[88,88,88,88,88,88,90,90,90,90,90,90,92,92,92,92,92,94,94,94],"card_choices":[{"not_picked":["Cleave","Armaments"],"picked":"Spot Weakness","floor":1},{"not_picked":["Pommel Strike","Clash","Hemokinesis"],"picked":"SKIP","floor":2},{"not_picked":["Twin Strike","Warcry","Wild Strike"],"picked":"SKIP","floor":3},{"not_picked":["Warcry","Anger"],"picked":"Whirlwind","floor":5},{"not_picked":["Corruption","Iron Wave","Bloodletting"],"picked":"Singing Bowl","floor":7},{"not_picked":["Carnage","Clothesline"],"picked":"Flame Barrier","floor":8},{"not_picked":["Carnage","Dual Wield","Second Wind"],"picked":"Singing Bowl","floor":13},{"not_picked":["Flex","Twin Strike"],"picked":"Body Slam","floor":14},{"not_picked":["Limit Break","Impervious"],"picked":"Barricade","floor":16},{"not_picked":["Iron Wave","Perfected Strike","Cleave"],"picked":"Singing Bowl","floor":18}],"player_experience":326687,"relics_obtained":[{"floor":4,"key":"Singing Bowl"},{"floor":9,"key":"Matryoshka"}],"event_choices":[{"damage_healed":0,"gold_gain":0,"player_choice":"Ignored","damage_taken":0,"max_hp_gain":0,"max_hp_loss":0,"event_name":"Golden Idol","floor":10,"gold_loss":0}],"is_beta":false,"boss_relics":[{"not_picked":["Mark of Pain","Coffee Dripper"],"picked":"Sozu"}],"items_purged_floors":[],"is_endless":false,"potions_floor_spawned":[3,5,8,13],"killed_by":"Spheric Guardian","ascension_level":3}}