{"host":"ryuep8ewa00k39z9","time":1610040791,"event":{"mods":["AchievementEnabler","BaseMod","Best Route Mod","Colored Map","Colored Powertips","Displayed Cursed Tome","Highlight Path","Minty Spire (QoL Compilation)","Quick Restart","SuperFastMode"],"gold_per_floor":[114,114,114,289,305,339,357,357,405,415,40,40,40,40,40,139,139,150,130,130,148,148,148,148],"floor_reached":23,"playtime":4014,"items_purged":["Doubt"],"score":290,"play_id":"bf742858-5997-4e96-9b86-e33a323172e5","local_time":"20210107113311","is_ascension_mode":true,"campfire_choices":[{"floor":8.0,"key":"REST"},{"data":"Dualcast","floor":13.0,"key":"SMITH"},{"floor":15.0,"key":"REST"}],"circlet_count":0,"master_deck":["Defend_B","Defend_B","Defend_B","Zap","Dualcast+1","Skim","Scrape","Streamline","Gash","Buffer","Gash","Reboot","Glacier","Cold Snap","Bite","Bite","Bite","Bite","Bite","Turbo"],"relics":["SacredBark","Juzu Bracelet","Tiny Chest","Medical Kit","Cables","SlaversCollar","Mummified Hand"],"acts_visited":["Exordium","TheCity"],"potions_floor_usage":[21,23],"damage_taken":[{"damage":6.0,"enemies":"Jaw Worm","floor":1.0,"turns":4.0},{"damage":5.0,"enemies":"Small Slimes","floor":5.0,"turns":4.0},{"damage":40.0,"enemies":"Gremlin Nob","floor":6.0,"turns":4.0},{"damage":1.0,"enemies":"Cultist","floor":7.0,"turns":3.0},{"damage":0.0,"enemies":"Exordium Thugs","floor":10.0,"turns":4.0},{"damage":24.0,"enemies":"Hexaghost","floor":16.0,"turns":7.0},{"damage":11.0,"enemies":"Chosen","floor":18.0,"turns":5.0},{"damage":20.0,"enemies":"2 Thieves","floor":19.0,"turns":4.0},{"damage":47,"enemies":"Centurion and Healer","floor":21,"turns":8},{"damage":0,"enemies":"Slavers","floor":23,"turns":1}],"seed_played":"-5493898138871772741","potions_obtained":[{"floor":6.0,"key":"DistilledChaos"},{"floor":7.0,"key":"EssenceOfSteel"},{"floor":10.0,"key":"ColorlessPotion"},{"floor":19.0,"key":"Swift Potion"},{"floor":21,"key":"Strength Potion"}],"is_trial":false,"path_per_floor":["M","?","?","?","M","E","M","R","T","M","$","?","R","?","R","B",null,"M","M","?","M","T","E"],"character_chosen":"DEFECT","items_purchased":["Tiny Chest","Medical Kit"],"campfire_rested":2,"item_purchase_floors":[11,11],"current_hp_per_floor":[62,62,55,55,50,10,9,31,31,33,33,30,30,30,52,30,64,55,37,37,12,12,18,18],"gold":148,"neow_bonus":"BOSS_RELIC","is_daily":false,"chose_seed":false,"campfire_upgraded":1,"win_rate":0.0,"timestamp":1610040791,"path_taken":["M","?","?","?","M","E","M","R","T","M","$","?","R","?","R","BOSS","M","M","?","M","?","E"],"items_purchased_type":["Relic","Relic"],"build_version":"2020-12-22","purchased_purges":1,"victory":false,"max_hp_per_floor":[75,75,75,75,75,75,75,75,75,75,75,75,75,75,75,75,75,75,75,75,75,75,75,75],"card_choices":[{"not_picked":["Stack","Compile Driver"],"picked":"Skim","floor":1.0},{"not_picked":["Aggregate","Conserve Battery"],"picked":"Streamline","floor":5.0},{"not_picked":["Coolheaded","Rebound"],"picked":"Gash","floor":6.0},{"not_picked":["Darkness","Leap"],"picked":"Buffer","floor":7.0},{"not_picked":["Cold Snap","Redo"],"picked":"Gash","floor":10.0},{"not_picked":["Seek","Multi-Cast"],"picked":"Reboot","floor":16.0},{"not_picked":["Steam","Steam Power"],"picked":"Glacier","floor":18.0},{"not_picked":["Leap+1","Hello World"],"picked":"Cold Snap","floor":19.0},{"not_picked":["Ball Lightning","Barrage"],"picked":"Turbo","floor":21}],"player_experience":3925113,"relics_obtained":[{"floor":6.0,"key":"Juzu Bracelet"},{"floor":9.0,"key":"Blood Vial"},{"floor":22,"key":"Mummified Hand"}],"event_choices":[{"damage_healed":0.0,"max_hp_gain":0.0,"max_hp_loss":0.0,"gold_gain":0.0,"cards_transformed":["Strike_B"],"event_name":"Living Wall","player_choice":"Change","floor":2.0,"gold_loss":0.0,"damage_taken":0.0,"cards_obtained":["Scrape"]},{"cards_removed":["Defend_B"],"damage_healed":0.0,"max_hp_gain":0.0,"max_hp_loss":0.0,"gold_gain":0.0,"event_name":"Golden Wing","player_choice":"Card Removal","floor":3.0,"gold_loss":0.0,"damage_taken":7.0},{"damage_healed":0.0,"max_hp_gain":0.0,"max_hp_loss":0.0,"gold_gain":175.0,"event_name":"Liars Game","player_choice":"AGREE","floor":4.0,"gold_loss":0.0,"damage_taken":0.0,"cards_obtained":["Doubt"]},{"damage_healed":0.0,"max_hp_gain":0.0,"max_hp_loss":0.0,"gold_gain":0.0,"event_name":"Scrap Ooze","player_choice":"Success","floor":12.0,"gold_loss":0.0,"damage_taken":3.0,"relics_obtained":["Cables"]},{"cards_removed":["Strike_B"],"damage_healed":0.0,"max_hp_gain":0.0,"max_hp_loss":0.0,"gold_gain":0.0,"event_name":"Purifier","player_choice":"Purged","floor":14.0,"gold_loss":0.0,"damage_taken":0.0},{"damage_healed":0.0,"max_hp_gain":0.0,"max_hp_loss":0.0,"gold_gain":0.0,"event_name":"Vampires","player_choice":"Became a vampire (Vial)","floor":20.0,"relics_lost":["Blood Vial"],"gold_loss":0.0,"damage_taken":0.0,"cards_obtained":["Bite","Bite","Bite","Bite","Bite"]}],"is_beta":false,"boss_relics":[{"not_picked":["Runic Dome","Snecko Eye"],"picked":"SlaversCollar"}],"items_purged_floors":[11],"is_endless":false,"potions_floor_spawned":[6,7,10,19,21],"killed_by":"Slavers","ascension_level":8}}