{"host":"uzcks4yhskks9i02","time":1610063086,"event":{"mods":["BaseMod","Minty Spire (QoL Compilation)","Quick Restart"],"gold_per_floor":[113,126,126,142,154,185,196,221,221,251,264,276,276,300,300,374,374,391,391,89,109,124,159,159,74,74,104,123,123,43,56,56,56,56],"floor_reached":33,"playtime":1467,"items_purged":["Regret","Writhe"],"score":535,"play_id":"e69e4ec8-1268-4868-9d5b-d1e827077fbc","local_time":"20210107164446","is_ascension_mode":true,"campfire_choices":[{"floor":13.0,"key":"REST"},{"data":"Rampage","floor":15.0,"key":"SMITH"},{"data":"Apotheosis","floor":24.0,"key":"SMITH"},{"data":"Offering","floor":32.0,"key":"SMITH"}],"circlet_count":0,"master_deck":["AscendersBane","Strike_R","Strike_R","Strike_R","Strike_R","Strike_R","Defend_R","Defend_R","Defend_R","Defend_R","Bash","Thunderclap","Sever Soul","Carnage","True Grit","Rampage+1","Headbutt","Reaper","Headbutt","Pommel Strike","Offering+1","Rage","Double Tap","Blood for Blood+1","Flame Barrier","Apotheosis+1","Infernal Blade","Pommel Strike","Shrug It Off","Pommel Strike","Power Through+1"],"relics":["Burning Blood","Mummified Hand","PreservedInsect","Darkstone Periapt","Mercury Hourglass","Juzu Bracelet","Odd Mushroom","Busted Crown","CaptainsWheel","Lantern","Red Skull","The Courier","Molten Egg 2"],"acts_visited":["Exordium","TheCity"],"potions_floor_usage":[33,33],"damage_taken":[{"damage":1.0,"enemies":"Cultist","floor":1.0,"turns":3.0},{"damage":8.0,"enemies":"Jaw Worm","floor":2.0,"turns":5.0},{"damage":2.0,"enemies":"Small Slimes","floor":4.0,"turns":3.0},{"damage":15.0,"enemies":"Looter","floor":5.0,"turns":3.0},{"damage":32.0,"enemies":"3 Sentries","floor":6.0,"turns":8.0},{"damage":18.0,"enemies":"3 Louse","floor":7.0,"turns":3.0},{"damage":28.0,"enemies":"Lagavulin","floor":8.0,"turns":7.0},{"damage":10.0,"enemies":"Gremlin Nob","floor":10.0,"turns":3.0},{"damage":2.0,"enemies":"Gremlin Gang","floor":11.0,"turns":4.0},{"damage":15.0,"enemies":"Exordium Thugs","floor":12.0,"turns":3.0},{"damage":15.0,"enemies":"The Mushroom Lair","floor":14.0,"turns":3.0},{"damage":42.0,"enemies":"Slime Boss","floor":16.0,"turns":8.0},{"damage":6.0,"enemies":"Spheric Guardian","floor":18.0,"turns":3.0},{"damage":16.0,"enemies":"3 Byrds","floor":21.0,"turns":4.0},{"damage":31.0,"enemies":"Snecko","floor":22.0,"turns":4.0},{"damage":23.0,"enemies":"Gremlin Leader","floor":23.0,"turns":3.0},{"damage":18.0,"enemies":"Book of Stabbing","floor":27.0,"turns":3.0},{"damage":18.0,"enemies":"Centurion and Healer","floor":28.0,"turns":5.0},{"damage":2.0,"enemies":"Cultist and Chosen","floor":31.0,"turns":4.0},{"damage":72,"enemies":"Automaton","floor":33,"turns":6}],"seed_played":"3938594604933091681","potions_obtained":[{"floor":1.0,"key":"Fruit Juice"},{"floor":4.0,"key":"DistilledChaos"},{"floor":7.0,"key":"Swift Potion"},{"floor":10.0,"key":"Dexterity Potion"},{"floor":11.0,"key":"BloodPotion"},{"floor":16.0,"key":"LiquidMemories"},{"floor":21.0,"key":"BlessingOfTheForge"},{"floor":27.0,"key":"PowerPotion"}],"is_trial":false,"path_per_floor":["M","M","?","M","M","E","M","E","T","E","M","M","R","?","R","B",null,"M","?","$","M","M","E","R","?","T","E","M","?","$","M","R","B"],"character_chosen":"IRONCLAD","items_purchased":["Apotheosis","Infernal Blade"],"campfire_rested":1,"item_purchase_floors":[20,20],"current_hp_per_floor":[90,88,88,92,83,57,45,23,23,19,23,22,49,52,52,24,76,76,76,76,93,68,51,51,51,51,58,54,60,60,64,64,0,0],"gold":56,"neow_bonus":"TEN_PERCENT_HP_BONUS","is_daily":false,"chose_seed":false,"campfire_upgraded":3,"win_rate":0.0,"timestamp":1610063086,"path_taken":["M","?","?","M","M","E","M","E","T","E","M","M","R","?","R","BOSS","M","?","$","M","M","E","R","?","T","E","M","?","$","M","R","BOSS"],"items_purchased_type":["Card","Card"],"build_version":"2020-12-22","purchased_purges":2,"victory":false,"max_hp_per_floor":[93,93,93,93,93,93,93,93,93,93,93,93,93,93,93,93,93,93,93,93,93,93,93,93,93,93,93,93,99,99,99,99,99,99],"card_choices":[{"not_picked":["Sever Soul","Warcry"],"picked":"Thunderclap","floor":1.0},{"not_picked":["Headbutt","Heavy Blade"],"picked":"Sever Soul","floor":2.0},{"not_picked":["Thunderclap","Iron Wave"],"picked":"Carnage","floor":4.0},{"not_picked":["Havoc","Entrench"],"picked":"True Grit","floor":5.0},{"not_picked":["Body Slam","Power Through"],"picked":"Rampage","floor":6.0},{"not_picked":["Clash","Hemokinesis"],"picked":"Headbutt","floor":7.0},{"not_picked":["Flame Barrier","Havoc"],"picked":"Reaper","floor":8.0},{"not_picked":["Shrug It Off","Cleave"],"picked":"Headbutt","floor":10.0},{"not_picked":["Pummel","Seeing Red"],"picked":"Pommel Strike","floor":11.0},{"not_picked":["Anger","Pommel Strike"],"picked":"Offering","floor":12.0},{"not_picked":["Power Through","Pommel Strike"],"picked":"Rage","floor":14.0},{"not_picked":["Bludgeon","Impervious"],"picked":"Double Tap","floor":16.0},{"not_picked":[],"picked":"Blood for Blood+1","floor":18.0},{"not_picked":[],"picked":"Pommel Strike","floor":21.0},{"not_picked":[],"picked":"Shrug It Off","floor":22.0},{"not_picked":[],"picked":"Pommel Strike","floor":23.0},{"not_picked":[],"picked":"Power Through+1","floor":27.0},{"not_picked":["Body Slam"],"picked":"SKIP","floor":28.0},{"not_picked":["True Grit"],"picked":"SKIP","floor":31.0}],"player_experience":490629,"relics_obtained":[{"floor":6.0,"key":"PreservedInsect"},{"floor":8.0,"key":"Darkstone Periapt"},{"floor":9.0,"key":"Mercury Hourglass"},{"floor":10.0,"key":"Juzu Bracelet"},{"floor":14.0,"key":"Odd Mushroom"},{"floor":23.0,"key":"CaptainsWheel"},{"floor":26.0,"key":"Red Skull"},{"floor":27.0,"key":"The Courier"}],"event_choices":[{"damage_healed":0.0,"max_hp_gain":0.0,"max_hp_loss":0.0,"gold_gain":0.0,"event_name":"Big Fish","player_choice":"Box","floor":3.0,"gold_loss":0.0,"damage_taken":0.0,"relics_obtained":["Mummified Hand"],"cards_obtained":["Regret"]},{"damage_healed":0.0,"max_hp_gain":0.0,"max_hp_loss":0.0,"gold_gain":0.0,"event_name":"Mushrooms","player_choice":"Fought Mushrooms","floor":14.0,"gold_loss":0.0,"damage_taken":0.0},{"damage_healed":0.0,"max_hp_gain":0.0,"max_hp_loss":0.0,"gold_gain":0.0,"event_name":"The Library","player_choice":"Read","floor":19.0,"gold_loss":0.0,"damage_taken":0.0,"cards_obtained":["Flame Barrier"]},{"damage_healed":0.0,"max_hp_gain":0.0,"max_hp_loss":0.0,"gold_gain":0.0,"event_name":"Addict","player_choice":"Obtained Relic","floor":25.0,"gold_loss":85.0,"damage_taken":0.0,"relics_obtained":["Lantern"]},{"damage_healed":0.0,"max_hp_gain":0.0,"max_hp_loss":0.0,"gold_gain":0.0,"event_name":"The Mausoleum","player_choice":"Opened","floor":29.0,"gold_loss":0.0,"damage_taken":0.0,"relics_obtained":["Molten Egg 2"],"cards_obtained":["Writhe"]}],"is_beta":false,"boss_relics":[{"not_picked":["Snecko Eye","SlaversCollar"],"picked":"Busted Crown"}],"items_purged_floors":[20,30],"is_endless":false,"potions_floor_spawned":[1,4,7,10,11,16,21,27,31],"killed_by":"Automaton","ascension_level":13}}