{"host":"ig7tc0uedzltt2sr","time":1610059683,"event":{"mods":["BaseMod","Better Twitch Integration","Block Reminder","Colored Map","Colored Powertips","Communication Mod","Current Relic Mod","GifTheSpireLib","HexUI Lib","Minty Spire (QoL Compilation)","Quick Restart","Random Character Button","Rare Cards Sparkle","Relic Sorter","Relic Stats","Slay the Relics Exporter","StSLib","SuperFastMode","Synergy Search","Twitch Decklist","Twitch Utils","everything is the same but u backflip on backflip","slay the spire mod where everything is the same but ironclad has a cowboy hat"],"gold_per_floor":[113,127,145,157,177,177,196,196,196,196,196],"floor_reached":10,"playtime":113,"items_purged":[],"score":62,"play_id":"fdf6d8b6-45a9-49c3-9899-f2cbca7d061c","local_time":"20210107144803","is_ascension_mode":false,"campfire_choices":[{"floor":6,"key":"REST"}],"circlet_count":0,"master_deck":["Strike_R","Strike_R","Strike_R","Strike_R","Strike_R","Defend_R","Defend_R","Defend_R","Defend_R","Bash","Metallicize","Reckless Charge","Spot Weakness","Pummel","Wild Strike","Flame Barrier","Parasite"],"relics":["Burning Blood"],"acts_visited":["Exordium"],"potions_floor_usage":[],"damage_taken":[{"damage":7,"enemies":"2 Louse","floor":1,"turns":5},{"damage":20,"enemies":"Jaw Worm","floor":2,"turns":11},{"damage":0,"enemies":"Small Slimes","floor":3,"turns":4},{"damage":21,"enemies":"3 Louse","floor":4,"turns":4},{"damage":17,"enemies":"Exordium Wildlife","floor":5,"turns":5},{"damage":0,"enemies":"Large Slime","floor":7,"turns":5},{"damage":92,"enemies":"Lagavulin","floor":10,"turns":15}],"seed_played":"4875076540774812317","potions_obtained":[{"floor":5,"key":"FearPotion"}],"is_trial":false,"path_per_floor":["M","M","M","M","M","R","M","?","T","E"],"character_chosen":"IRONCLAD","items_purchased":[],"campfire_rested":1,"item_purchase_floors":[],"current_hp_per_floor":[87,73,79,64,53,79,85,88,88,0,0],"gold":196,"neow_bonus":"TEN_PERCENT_HP_BONUS","is_daily":false,"chose_seed":false,"campfire_upgraded":0,"win_rate":0.0,"timestamp":1610059683,"path_taken":["M","M","M","M","M","R","M","?","T","E"],"items_purchased_type":[],"build_version":"2020-12-22","purchased_purges":0,"victory":false,"max_hp_per_floor":[88,88,88,88,88,88,88,88,88,88,88],"relic_stats":{"counters":[7,49],"obtain_stats":[{"Burning Blood":0},{"Burning Blood":0},{"Burning Blood":0}],"Burning Blood":36},"card_choices":[{"not_picked":["Clothesline","Twin Strike"],"picked":"Metallicize","floor":1},{"not_picked":["Heavy Blade","Rupture"],"picked":"Reckless Charge","floor":2},{"not_picked":["Searing Blow","Thunderclap"],"picked":"Spot Weakness","floor":3},{"not_picked":["Thunderclap","Second Wind"],"picked":"Pummel","floor":4},{"not_picked":["Perfected Strike","Inflame"],"picked":"Wild Strike","floor":5},{"not_picked":["Dual Wield","Hemokinesis"],"picked":"Flame Barrier","floor":7}],"player_experience":1459015,"relics_obtained":[],"event_choices":[{"damage_healed":22,"gold_gain":0,"player_choice":"Healed and dodged fight","damage_taken":0,"max_hp_gain":0,"max_hp_loss":0,"event_name":"Mushrooms","floor":8,"gold_loss":0,"cards_obtained":["Parasite"]}],"is_beta":false,"boss_relics":[],"items_purged_floors":[],"is_endless":false,"potions_floor_spawned":[5],"killed_by":"Lagavulin","ascension_level":0}}