{"host":"56ghxnzsglgdq727","time":1610021986,"event":{"mods":["AchievementEnabler","BaseMod","Downfall","Minty Spire (QoL Compilation)","StSLib"],"gold_per_floor":[99,117,292,742,742,761,761,108,108,108,126,159,159,170,189,286,286,286,286],"floor_reached":17,"playtime":525,"items_purged":["Doubt"],"score":188,"play_id":"0783c36c-0f52-42a7-a740-7a37223dbf71","local_time":"20210107071946","is_ascension_mode":true,"campfire_choices":[{"data":"champ:Taunt","floor":1.0,"key":"SMITH"},{"data":"champ:FocusedDefense","floor":9.0,"key":"SMITH"},{"floor":13,"key":"REST"}],"circlet_count":0,"master_deck":["champ:Strike","champ:Strike","champ:Strike","champ:Defend","champ:Defend","champ:Defend","champ:Execute","champ:Taunt+1","Slimebound:Icky","Slimebound:Icky","Slimebound:Icky","champ:FocusedDefense+1","Metallicize","Electrodynamics","champ:VampiricStrike+1","champ:Balance+1","champ:ShieldSigil+1"],"relics":["champ:ChampionCrown","PreservedInsect","Mango","Sundial","PrismaticShard","Akabeko","Juzu Bracelet","Toy Ornithopter","Astrolabe"],"acts_visited":["Exordium","TheCity"],"potions_floor_usage":[16,16],"damage_taken":[{"damage":5.0,"enemies":"2 Louse","floor":2.0,"turns":3.0},{"damage":18.0,"enemies":"Small Slimes","floor":6.0,"turns":4.0},{"damage":10.0,"enemies":"downfall:FleeingMerchant","floor":8.0,"turns":4.0},{"damage":10.0,"enemies":"Jaw Worm","floor":11.0,"turns":4.0},{"damage":14.0,"enemies":"Gremlin Nob","floor":12.0,"turns":3.0},{"damage":5,"enemies":"3 Louse","floor":14,"turns":3},{"damage":6,"enemies":"2 Fungi Beasts","floor":15,"turns":4},{"damage":134,"enemies":"downfall:Defect","floor":16,"turns":11}],"seed_played":"-2328457250313865180","potions_obtained":[{"floor":2.0,"key":"champ:OpenerPotion"},{"floor":6.0,"key":"Block Potion"},{"floor":14,"key":"Dexterity Potion"},{"floor":16,"key":"SkillPotion"}],"is_trial":false,"path_per_floor":["R","M","?","?","?","M","T","$","R","?","M","E","R","M","M","B",null],"character_chosen":"THE_CHAMP","items_purchased":["Sundial","PrismaticShard","Akabeko"],"campfire_rested":1,"item_purchase_floors":[8,8,8],"current_hp_per_floor":[90,90,90,90,95,87,101,101,101,94,84,70,102,102,101,11,109,109,109],"gold":286,"neow_bonus":"RANDOM_COMMON_RELIC","is_daily":false,"chose_seed":false,"campfire_upgraded":2,"win_rate":0.0,"timestamp":1610021986,"path_taken":["R","M","?","?","?","M","T","?","R","?","M","E","R","M","M","BOSS"],"items_purchased_type":["Relic","Relic","Relic"],"build_version":"2020-12-22","purchased_purges":1,"victory":false,"max_hp_per_floor":[90,90,90,90,95,95,109,109,109,109,109,109,109,109,109,109,109,109,109],"card_choices":[{"not_picked":["champ:GladiatorsShout","champ:FaceSlap"],"picked":"champ:Aggression","floor":2.0},{"not_picked":["champ:Circumvent","champ:EndlessRage"],"picked":"champ:FocusedDefense","floor":6.0},{"not_picked":["champ:PerfectedStrike","champ:BerserkersShout","champ:Circumvent"],"picked":"SKIP","floor":8.0},{"not_picked":["Cold Snap","Intimidate","champ:Backstep"],"picked":"SKIP","floor":11.0},{"not_picked":["Slimebound:FinishingTackle","champ:Duel","Weave"],"picked":"SKIP","floor":12.0},{"not_picked":["Flex","Ball Lightning","hexamod:SoulSteal"],"picked":"SKIP","floor":14},{"not_picked":["Scrape","hexamod:BacktrackSmack"],"picked":"Metallicize","floor":15},{"not_picked":["hexamod:SearingWound","Biased Cognition"],"picked":"Electrodynamics","floor":16}],"player_experience":179331,"relics_obtained":[{"floor":7.0,"key":"Mango"},{"floor":12.0,"key":"Toy Ornithopter"}],"event_choices":[{"damage_healed":0.0,"max_hp_gain":5.0,"max_hp_loss":0.0,"gold_gain":0.0,"event_name":"Big Fish","player_choice":"Donut","floor":5.0,"gold_loss":0.0,"damage_taken":0.0},{"damage_healed":0.0,"max_hp_gain":0.0,"max_hp_loss":0.0,"gold_gain":0.0,"event_name":"Scrap Ooze","player_choice":"Success","floor":10.0,"gold_loss":0.0,"damage_taken":7.0,"relics_obtained":["Juzu Bracelet"]}],"is_beta":false,"boss_relics":[{"not_picked":["Runic Dome","Busted Crown"],"picked":"Astrolabe"}],"items_purged_floors":[8],"is_endless":false,"potions_floor_spawned":[2,6,14,16],"ascension_level":1}}