{"host":"p6y17sixyu8q9v1f","time":1610026059,"event":{"mods":["BaseMod","Colored Map","Minty Spire (QoL Compilation)"],"gold_per_floor":[119,119,129,129,48,48,78,94,118,118,145,162,162,172,172,272,272,292,292,282,262,280,280,280,293,293,321,321,352,40,50,50,50,50],"floor_reached":33,"playtime":2829,"items_purged":["Decay"],"score":463,"play_id":"9571a27b-c3d5-4133-8fb0-f796b6871617","local_time":"20210107072739","is_ascension_mode":true,"campfire_choices":[{"data":"Noxious Fumes","floor":6,"key":"SMITH"},{"data":"Prepared","floor":10,"key":"SMITH"},{"floor":15,"key":"REST"},{"floor":23,"key":"REST"},{"floor":32,"key":"REST"}],"circlet_count":0,"master_deck":["Strike_G","Strike_G+1","Strike_G","Strike_G","Strike_G","Defend_G","Defend_G","Defend_G","Defend_G","Defend_G","Survivor+1","Neutralize","Dagger Throw","Prepared+1","Noxious Fumes+1","Eviscerate","Catalyst","Prepared","Burst","Dagger Throw","Underhanded Strike+1","Prepared+1","Riddle With Holes+1","Finisher+1","Bane+1"],"relics":["Ring of the Snake","Tough Bandages","PreservedInsect","Thread and Needle","Akabeko","Regal Pillow","SacredBark","Blood Vial","The Courier","Bag of Marbles","Potion Belt","Calipers"],"acts_visited":["Exordium","TheCity"],"potions_floor_usage":[7,7,16,16,16,18,20,22,22,22,31,31],"damage_taken":[{"damage":2,"enemies":"Cultist","floor":1,"turns":4},{"damage":0,"enemies":"2 Louse","floor":3,"turns":4},{"damage":5,"enemies":"3 Sentries","floor":7,"turns":4},{"damage":0,"enemies":"Small Slimes","floor":8,"turns":3},{"damage":19,"enemies":"Lagavulin","floor":11,"turns":8},{"damage":0,"enemies":"Exordium Wildlife","floor":12,"turns":4},{"damage":0,"enemies":"2 Fungi Beasts","floor":14,"turns":2},{"damage":0,"enemies":"The Guardian","floor":16,"turns":10},{"damage":0,"enemies":"Spheric Guardian","floor":18,"turns":2},{"damage":0,"enemies":"2 Thieves","floor":20,"turns":4},{"damage":30,"enemies":"Shelled Parasite and Fungi","floor":22,"turns":12},{"damage":20,"enemies":"Sentry and Sphere","floor":25,"turns":7},{"damage":38,"enemies":"Gremlin Leader","floor":27,"turns":5},{"damage":0,"enemies":"Slavers","floor":29,"turns":4},{"damage":0,"enemies":"Cultist and Chosen","floor":31,"turns":4},{"damage":62,"enemies":"Automaton","floor":33,"turns":8}],"seed_played":"-9185086743261761888","potions_obtained":[{"floor":1,"key":"Energy Potion"},{"floor":3,"key":"SkillPotion"},{"floor":11,"key":"DistilledChaos"},{"floor":14,"key":"EntropicBrew"},{"floor":18,"key":"Swift Potion"},{"floor":20,"key":"ColorlessPotion"},{"floor":21,"key":"ColorlessPotion"},{"floor":27,"key":"SpeedPotion"},{"floor":29,"key":"CunningPotion"}],"is_trial":false,"path_per_floor":["M","?","M","?","$","R","E","M","T","R","E","M","?","M","R","B",null,"M","?","M","?","M","R","T","M","T","E","?","E","$","M","R","B"],"character_chosen":"THE_SILENT","items_purchased":["Noxious Fumes","Calipers"],"campfire_rested":3,"item_purchase_floors":[5,30],"current_hp_per_floor":[68,54,54,51,51,51,46,46,46,46,27,27,20,20,56,56,67,67,67,67,67,37,70,70,50,50,14,14,16,16,18,54,0,0],"gold":50,"neow_bonus":"ONE_RARE_RELIC","is_daily":false,"chose_seed":false,"campfire_upgraded":2,"win_rate":0.0,"timestamp":1610026059,"path_taken":["M","?","M","?","$","R","E","M","T","R","E","M","?","M","R","BOSS","M","?","M","?","?","R","?","M","T","E","?","E","?","M","R","BOSS"],"items_purchased_type":["Card","Relic"],"build_version":"2020-12-22","purchased_purges":1,"victory":false,"max_hp_per_floor":[70,70,70,70,70,70,70,70,70,70,70,70,70,70,70,70,70,70,70,70,70,70,70,70,70,70,70,70,70,70,70,70,70,70],"card_choices":[{"not_picked":["Choke","Concentrate"],"picked":"Dagger Throw","floor":1},{"not_picked":["Well Laid Plans","Cloak And Dagger"],"picked":"Prepared","floor":3},{"not_picked":["Prepared","Unload"],"picked":"Eviscerate","floor":7},{"not_picked":["PiercingWail","Poisoned Stab","Blade Dance"],"picked":"SKIP","floor":8},{"not_picked":["Dash","Finisher"],"picked":"Catalyst","floor":11},{"not_picked":["Sucker Punch","Outmaneuver"],"picked":"Prepared","floor":12},{"not_picked":["Cloak And Dagger","Skewer","Outmaneuver"],"picked":"SKIP","floor":14},{"not_picked":["Die Die Die","Grand Finale"],"picked":"Burst","floor":16},{"not_picked":["Deflect","Concentrate"],"picked":"Dagger Throw","floor":18},{"not_picked":["Bane","Setup","Well Laid Plans"],"picked":"SKIP","floor":20},{"not_picked":["All Out Attack+1","Eviscerate+1"],"picked":"Underhanded Strike+1","floor":22},{"not_picked":["Blur+1","Heel Hook"],"picked":"Prepared+1","floor":25},{"not_picked":["Masterful Stab","Predator"],"picked":"Riddle With Holes+1","floor":27},{"not_picked":["Flechettes","Poisoned Stab"],"picked":"Finisher+1","floor":29},{"not_picked":["Skewer","Night Terror"],"picked":"Bane+1","floor":31}],"player_experience":1009491,"relics_obtained":[{"floor":7,"key":"Thread and Needle"},{"floor":9,"key":"Akabeko"},{"floor":11,"key":"Regal Pillow"},{"floor":24,"key":"Blood Vial"},{"floor":26,"key":"The Courier"},{"floor":27,"key":"Bag of Marbles"},{"floor":29,"key":"Potion Belt"}],"event_choices":[{"damage_healed":0,"gold_gain":0,"player_choice":"Entered Light","damage_taken":14,"max_hp_gain":0,"max_hp_loss":0,"event_name":"Shining Light","floor":2,"gold_loss":0,"cards_upgraded":["Strike_G","Survivor"]},{"damage_healed":0,"gold_gain":0,"player_choice":"Success","damage_taken":3,"relics_obtained":["PreservedInsect"],"max_hp_gain":0,"max_hp_loss":0,"event_name":"Scrap Ooze","floor":4,"gold_loss":0},{"cards_removed":["Clumsy"],"damage_healed":0,"gold_gain":0,"player_choice":"Card Removal","damage_taken":7,"max_hp_gain":0,"max_hp_loss":0,"event_name":"Golden Wing","floor":13,"gold_loss":0},{"damage_healed":0,"gold_gain":0,"player_choice":"Ignored","damage_taken":0,"max_hp_gain":0,"max_hp_loss":0,"event_name":"Vampires","floor":19,"gold_loss":0},{"damage_healed":0,"gold_gain":0,"player_choice":"Bought 1 Potion","damage_taken":0,"max_hp_gain":0,"max_hp_loss":0,"event_name":"The Woman in Blue","floor":21,"gold_loss":0},{"damage_healed":0,"gold_gain":0,"player_choice":"Smashed Altar","damage_taken":0,"max_hp_gain":0,"max_hp_loss":0,"event_name":"Forgotten Altar","floor":28,"gold_loss":0,"cards_obtained":["Decay"]}],"is_beta":false,"boss_relics":[{"not_picked":["SlaversCollar","Astrolabe"],"picked":"SacredBark"}],"items_purged_floors":[30],"is_endless":false,"potions_floor_spawned":[1,3,11,14,18,20,27,29],"killed_by":"Automaton","ascension_level":5}}