{"host":"wha9hktbkslqvblg","time":1610014150,"event":{"mods":["BaseMod","Colored Map","Minty Spire (QoL Compilation)","Relic Stats","SuperFastMode","everything is the same but u backflip on backflip"],"gold_per_floor":[116,116,116,140,65,96,12,87,87,87,12,35,59,99,99,198,198,221,239,239,74,74,107,107,107],"floor_reached":24,"playtime":493,"items_purged":["Defend_P"],"score":490,"play_id":"87a9726b-a904-496f-b51f-4374d65e5919","local_time":"20210107190910","is_ascension_mode":true,"campfire_choices":[{"data":"Eruption","floor":10,"key":"SMITH"},{"data":"Adaptation","floor":15,"key":"SMITH"}],"circlet_count":0,"master_deck":["AscendersBane","Strike_P","Defend_P","Eruption+1","Vigilance","TalkToTheHand","Halt","EmptyFist","MentalFortress","CrushJoints","Adaptation+1","Ragnarok","Devotion","Protect"],"relics":["PureWater","NeowsBlessing","Golden Idol","Art of War","Mummified Hand","CeramicFish","VioletLotus","Omamori","Smiling Mask"],"acts_visited":["Exordium","TheCity"],"potions_floor_usage":[16,23,23],"damage_taken":[{"damage":0,"enemies":"2 Louse","floor":1,"turns":1},{"damage":0,"enemies":"Small Slimes","floor":4,"turns":1},{"damage":0,"enemies":"Gremlin Nob","floor":6,"turns":1},{"damage":0,"enemies":"Cultist","floor":12,"turns":4},{"damage":3,"enemies":"Large Slime","floor":13,"turns":4},{"damage":11,"enemies":"Lagavulin","floor":14,"turns":7},{"damage":10,"enemies":"The Guardian","floor":16,"turns":10},{"damage":18,"enemies":"Shell Parasite","floor":18,"turns":4},{"damage":20,"enemies":"Book of Stabbing","floor":23,"turns":3},{"damage":5,"enemies":"3 Byrds","floor":24,"turns":2}],"seed_played":"-545503996571410426","potions_obtained":[{"floor":1,"key":"SneckoOil"},{"floor":4,"key":"Block Potion"},{"floor":6,"key":"LiquidBronze"},{"floor":18,"key":"SteroidPotion"}],"is_trial":false,"path_per_floor":["M","?","?","M","?","E","$","?","T","R","$","M","M","E","R","B",null,"M","?","?","$","?","E","M"],"character_chosen":"WATCHER","items_purchased":["MentalFortress","Omamori"],"campfire_rested":0,"item_purchase_floors":[7,21],"current_hp_per_floor":[61,61,61,61,61,61,61,50,50,50,50,50,47,36,36,26,53,35,35,35,35,35,15,10,10],"gold":107,"neow_bonus":"THREE_ENEMY_KILL","is_daily":false,"chose_seed":false,"campfire_upgraded":2,"win_rate":0.0,"timestamp":1610014150,"path_taken":["M","?","?","M","?","E","$","?","T","R","?","M","?","E","R","BOSS","M","?","?","$","?","E","M"],"items_purchased_type":["Card","Relic"],"build_version":"2020-12-22","purchased_purges":1,"victory":false,"max_hp_per_floor":[68,68,62,62,62,62,62,62,62,62,62,62,62,62,62,62,62,62,62,62,62,62,62,62,62],"relic_stats":{"counters":[10,37],"Golden Idol":57,"Mummified Hand":[16],"CeramicFish":36,"VioletLotus":[2],"Art of War":[3],"Smiling Mask":0,"obtain_stats":[{"NeowsBlessing":0,"Golden Idol":3,"Mummified Hand":9,"CeramicFish":14,"VioletLotus":17,"Art of War":6,"Omamori":21,"PureWater":0,"Smiling Mask":23},{"NeowsBlessing":0,"Golden Idol":1,"Mummified Hand":3,"CeramicFish":6,"VioletLotus":7,"Art of War":3,"Omamori":8,"PureWater":0,"Smiling Mask":9},{"NeowsBlessing":0,"Golden Idol":1,"Mummified Hand":3,"CeramicFish":18,"VioletLotus":28,"Art of War":3,"Omamori":32,"PureWater":0,"Smiling Mask":35}]},"card_choices":[{"not_picked":["Sanctity","JustLucky"],"picked":"TalkToTheHand","floor":1},{"not_picked":["SashWhip","Worship"],"picked":"EmptyFist","floor":4},{"not_picked":["FlurryOfBlows","SignatureMove","ClearTheMind"],"picked":"SKIP","floor":6},{"not_picked":["Consecrate","Worship"],"picked":"CrushJoints","floor":12},{"not_picked":["WaveOfTheHand","Protect","Perseverance"],"picked":"SKIP","floor":13},{"not_picked":["Collect","Weave"],"picked":"Adaptation","floor":14},{"not_picked":["Brilliance","DeusExMachina"],"picked":"Ragnarok","floor":16},{"not_picked":["BowlingBash","ThirdEye","ClearTheMind"],"picked":"SKIP","floor":18},{"not_picked":["Ragnarok","Sanctity","Indignation"],"picked":"SKIP","floor":23}],"player_experience":941033,"relics_obtained":[{"floor":6,"key":"Art of War"},{"floor":9,"key":"Mummified Hand"},{"floor":14,"key":"CeramicFish"},{"floor":23,"key":"Smiling Mask"}],"event_choices":[{"damage_healed":0,"gold_gain":0,"cards_transformed":["Strike_P"],"player_choice":"Change","damage_taken":0,"max_hp_gain":0,"max_hp_loss":0,"event_name":"Living Wall","floor":2,"gold_loss":0,"cards_obtained":["Halt"]},{"damage_healed":0,"gold_gain":0,"player_choice":"Lose Max HP","damage_taken":0,"relics_obtained":["Golden Idol"],"max_hp_gain":0,"max_hp_loss":6,"event_name":"Golden Idol","floor":3,"gold_loss":0},{"cards_removed":["Defend_P"],"damage_healed":0,"gold_gain":0,"player_choice":"Card Removal","damage_taken":0,"max_hp_gain":0,"max_hp_loss":0,"event_name":"The Cleric","floor":5,"gold_loss":75},{"damage_healed":0,"gold_gain":75,"player_choice":"Gather Gold","damage_taken":11,"max_hp_gain":0,"max_hp_loss":0,"event_name":"World of Goop","floor":8,"gold_loss":0},{"damage_healed":0,"gold_gain":0,"cards_transformed":["Strike_P","Defend_P"],"player_choice":"Became Test Subject","damage_taken":0,"max_hp_gain":0,"max_hp_loss":0,"event_name":"Drug Dealer","floor":19,"gold_loss":0,"cards_obtained":["Devotion","Protect"]},{"cards_removed":["Strike_P"],"damage_healed":0,"gold_gain":0,"player_choice":"Elegance","damage_taken":0,"max_hp_gain":0,"max_hp_loss":0,"event_name":"Back to Basics","floor":20,"gold_loss":0},{"damage_healed":0,"gold_gain":0,"player_choice":"Ignored","damage_taken":0,"max_hp_gain":0,"max_hp_loss":0,"event_name":"Ghosts","floor":22,"gold_loss":0}],"is_beta":false,"boss_relics":[{"not_picked":["SacredBark","HolyWater"],"picked":"VioletLotus"}],"items_purged_floors":[11],"is_endless":false,"potions_floor_spawned":[1,4,6,18],"killed_by":"3 Byrds","ascension_level":20}}