{"host":"2lrkmsuh7nz013qb","time":1610027703,"event":{"mods":["BaseMod","Colored Map","DeckTracker","Minty Spire (QoL Compilation)","SuperFastMode","everything is the same but u backflip on backflip"],"gold_per_floor":[119,131,28,43,43,68,68,26,78,108,133,33,69,19,19,19,19],"floor_reached":16,"playtime":470,"items_purged":["Strike_G","Strike_G","Strike_G"],"score":216,"play_id":"e95f2b6e-04ec-4700-923f-620adb94ef4a","local_time":"20210107225503","is_ascension_mode":true,"campfire_choices":[{"floor":7,"key":"REST"},{"data":"Well Laid Plans","floor":15,"key":"SMITH"}],"circlet_count":0,"master_deck":["AscendersBane","Strike_G","Strike_G","Defend_G","Defend_G","Defend_G","Defend_G","Survivor","Neutralize","Underhanded Strike","Prepared","Deadly Poison","Well Laid Plans+1","Blade Dance","Footwork","Blade Dance","Backflip"],"relics":["Ring of the Snake","Bird Faced Urn","Blood Vial","CeramicFish","Smiling Mask"],"acts_visited":["Exordium"],"potions_floor_usage":[13,13],"damage_taken":[{"damage":0,"enemies":"2 Louse","floor":1,"turns":4},{"damage":1,"enemies":"Cultist","floor":2,"turns":5},{"damage":2,"enemies":"Jaw Worm","floor":4,"turns":4},{"damage":37,"enemies":"3 Sentries","floor":6,"turns":15},{"damage":5,"enemies":"Red Slaver","floor":11,"turns":4},{"damage":16,"enemies":"Lagavulin","floor":13,"turns":5},{"damage":34,"enemies":"Hexaghost","floor":16,"turns":12}],"seed_played":"-691494976699758254","potions_obtained":[{"floor":2,"key":"GhostInAJar"},{"floor":4,"key":"FearPotion"},{"floor":13,"key":"PowerPotion"}],"is_trial":false,"path_per_floor":["M","M","$","M","?","E","R","$","T","?","M","$","E","$","R","B"],"character_chosen":"THE_SILENT","items_purchased":["Deadly Poison","Footwork"],"campfire_rested":1,"item_purchase_floors":[3,8],"current_hp_per_floor":[59,58,58,56,56,21,39,39,39,39,40,40,28,28,28,0,0],"gold":19,"neow_bonus":"ONE_RARE_RELIC","is_daily":false,"chose_seed":false,"campfire_upgraded":1,"win_rate":0.0,"timestamp":1610027703,"path_taken":["M","M","$","M","?","E","R","?","T","?","?","?","E","$","R","BOSS"],"items_purchased_type":["Card","Card"],"build_version":"2020-12-22","purchased_purges":3,"victory":false,"max_hp_per_floor":[60,60,60,60,60,60,60,60,60,60,60,60,60,60,60,60,60],"card_choices":[{"not_picked":["PiercingWail","Deflect"],"picked":"Underhanded Strike","floor":1},{"not_picked":["Slice","Riddle With Holes"],"picked":"Prepared","floor":2},{"not_picked":["Unload","Flying Knee"],"picked":"Well Laid Plans","floor":4},{"not_picked":["Concentrate","Dagger Throw"],"picked":"Blade Dance","floor":6},{"not_picked":["Deflect","Sucker Punch"],"picked":"Blade Dance","floor":11},{"not_picked":["Terror","Deflect"],"picked":"Backflip","floor":13}],"player_experience":746170,"relics_obtained":[{"floor":6,"key":"Blood Vial"},{"floor":9,"key":"CeramicFish"},{"floor":13,"key":"Smiling Mask"}],"event_choices":[{"cards_removed":["Defend_G"],"damage_healed":0,"gold_gain":0,"player_choice":"Card Removal","damage_taken":0,"max_hp_gain":0,"max_hp_loss":0,"event_name":"Wheel of Change","floor":5,"gold_loss":0},{"damage_healed":0,"gold_gain":30,"player_choice":"Searched \u00271\u0027 times","damage_taken":0,"max_hp_gain":0,"max_hp_loss":0,"event_name":"Dead Adventurer","floor":10,"gold_loss":0}],"is_beta":false,"boss_relics":[],"items_purged_floors":[3,12,14],"is_endless":false,"potions_floor_spawned":[2,4,6,13],"killed_by":"Hexaghost","ascension_level":20}}