{"host":"rylkjufw9dlhr07b","time":1610048888,"event":{"mods":["AchievementEnabler","BaseMod","Better Note","BetterRewards","Hubris","Minty Spire (QoL Compilation)","Quick Restart","Replay The Spire","StSLib"],"gold_per_floor":[111,163,163,177,193,193,207,207,207,222,63,93,4,4,4,128,128,141,141,141,27,52,52,52,52],"floor_reached":24,"playtime":1051,"items_purged":["Injury"],"score":481,"play_id":"7fcbe035-cba8-45e3-a32a-5fddd3e2a9cd","local_time":"20210107204808","is_ascension_mode":true,"campfire_choices":[{"data":"ReplayTheSpireMod:Scrap Shanks","floor":6,"key":"SMITH"},{"floor":15,"key":"REST"}],"circlet_count":0,"master_deck":["AscendersBane","Strike_G","Strike_G","Strike_G+1","Strike_G","Strike_G","Defend_G","Defend_G","Defend_G","Defend_G","Defend_G+1","ReplayTheSpireMod:Scrap Shanks+1","Dodge and Roll","Footwork","Quick Slash","Hidden Blade","Blade Dance","Poisoned Stab","Leap","Beam Cell","Leg Sweep","Noxious Fumes","Distraction","Heel Hook","Bane+1","Dagger Throw","Die Die Die","ReplayTheSpireMod:Private Reserves","Cloak And Dagger","Cloak And Dagger","Heel Hook","After Image"],"relics":["Ring of the Snake","Simple Rune","Bronze Scales","ReplayFunnel","Golden Idol","hubris:Backtick","Replay:Ringing Soul","CultistMask"],"acts_visited":["Exordium","TheCity"],"potions_floor_usage":[5,10,16,24],"damage_taken":[{"damage":0,"enemies":"Small Slimes","floor":1,"turns":6},{"damage":3,"enemies":"Jaw Worm","floor":4,"turns":5},{"damage":0,"enemies":"2 Louse","floor":5,"turns":5},{"damage":7,"enemies":"Looter","floor":7,"turns":4},{"damage":8,"enemies":"Exordium Wildlife","floor":10,"turns":4},{"damage":16,"enemies":"3 Sentries","floor":12,"turns":9},{"damage":32,"enemies":"Slime Boss","floor":16,"turns":11},{"damage":20,"enemies":"Chosen","floor":18,"turns":5},{"damage":0,"enemies":"3 Byrds","floor":22,"turns":3},{"damage":20,"enemies":"Gremlin Leader","floor":24,"turns":3}],"seed_played":"-301349297880986264","potions_obtained":[{"floor":2,"key":"Venom Potion"},{"floor":2,"key":"Flashbang"},{"floor":5,"key":"PowerPotion"},{"floor":18,"key":"AttackPotion"},{"floor":22,"key":"Poison Potion"}],"is_trial":false,"path_per_floor":["M","?","?","M","M","R","M","?","T","M","$","E","$","?","R","B",null,"M","?","?","$","M","?","E"],"character_chosen":"THE_SILENT","items_purchased":["ReplayTheSpireMod:Scrap Shanks","Dodge and Roll","Noxious Fumes","Distraction","Bane+1","Dagger Throw","Cloak And Dagger"],"campfire_rested":1,"item_purchase_floors":[0,0,11,11,13,13,21],"current_hp_per_floor":[63,63,63,60,60,60,53,53,53,45,45,29,29,29,50,18,57,40,31,31,34,37,40,20,20],"gold":52,"neow_bonus":"","is_daily":false,"chose_seed":false,"campfire_upgraded":1,"win_rate":0.0,"timestamp":1610048888,"path_taken":["M","?","?","M","M","R","M","?","T","M","$","E","?","?","R","BOSS","M","?","?","$","M","?","E"],"items_purchased_type":["Card","Card","Card","Card","Card","Card","Card"],"build_version":"2020-12-22","purchased_purges":1,"victory":false,"max_hp_per_floor":[70,70,70,70,70,70,70,70,70,70,70,70,70,70,70,70,70,73,76,76,79,82,85,85,85],"card_choices":[{"not_picked":["Infinite Blades","Backflip","Footwork"],"picked":"SKIP","floor":1},{"not_picked":["Infinite Blades","Backflip"],"picked":"Footwork","floor":1},{"not_picked":["Flying Knee","PiercingWail"],"picked":"Quick Slash","floor":2},{"not_picked":["Backflip","Terror"],"picked":"Hidden Blade","floor":4},{"not_picked":["Blur","ReplayTheSpireMod:Shiv Toss"],"picked":"Blade Dance","floor":5},{"not_picked":["Underhanded Strike","Catalyst"],"picked":"Poisoned Stab","floor":7},{"not_picked":["Quick Slash","Dodge and Roll"],"picked":"Leg Sweep","floor":10},{"not_picked":["Reflex","Calculated Gamble"],"picked":"Heel Hook","floor":12},{"not_picked":["Burst","Atom Bomb"],"picked":"Die Die Die","floor":16},{"not_picked":["Choke","Outmaneuver+1"],"picked":"Acrobatics+1","floor":18},{"not_picked":["Blur+1","Terror+1"],"picked":"Heel Hook","floor":22}],"player_experience":520814,"relics_obtained":[{"floor":2,"key":"Simple Rune"},{"floor":9,"key":"Bronze Scales"},{"floor":12,"key":"ReplayFunnel"}],"event_choices":[{"cards_removed":["ReplayTheSpireMod:Splinters"],"damage_healed":0,"gold_gain":0,"player_choice":"Forget","damage_taken":0,"max_hp_gain":0,"max_hp_loss":0,"event_name":"Living Wall","floor":3,"gold_loss":0},{"damage_healed":0,"gold_gain":0,"player_choice":"Take Wound","damage_taken":0,"relics_obtained":["Golden Idol"],"max_hp_gain":0,"max_hp_loss":0,"event_name":"Golden Idol","floor":14,"gold_loss":0,"cards_obtained":["Injury"]},{"damage_healed":0,"gold_gain":0,"player_choice":"CARD ","damage_taken":12,"max_hp_gain":0,"max_hp_loss":0,"event_name":"Knowing Skull","floor":19,"potions_obtained":[],"gold_loss":0,"cards_obtained":["ReplayTheSpireMod:Private Reserves"]},{"damage_healed":0,"gold_gain":0,"player_choice":"Trade","damage_taken":0,"relics_obtained":["CultistMask"],"max_hp_gain":0,"max_hp_loss":0,"event_name":"FaceTrader","floor":20,"gold_loss":0},{"damage_healed":0,"gold_gain":0,"cards_transformed":["Acrobatics"],"player_choice":"Transformed","damage_taken":0,"max_hp_gain":0,"max_hp_loss":0,"event_name":"Transmorgrifier","floor":23,"gold_loss":0,"cards_obtained":["After Image"]}],"is_beta":false,"boss_relics":[{"not_picked":["Philosopher\u0027s Stone","Runic Pyramid"],"picked":"hubris:Backtick"}],"items_purged_floors":[21],"is_endless":false,"potions_floor_spawned":[4,5,7,18,22],"killed_by":"Gremlin Leader","ascension_level":11}}