{"host":"28p8ce41sjwa6lzf","time":1610040998,"event":{"mods":["BaseMod","Bestiary","Colored Map","Colored Powertips","Dark Map","Highlight Path","Minty Spire (QoL Compilation)","Permanent Neow","Quick Restart","Random Character Button","Rare Cards Sparkle","Relic Stats","StSLib","Unceasing Turn Reminder"],"gold_per_floor":[118,132,132,132,146,171,186,186,186,186,86,86,86,97,97,171,171,183,199,0,0,0,0],"floor_reached":22,"playtime":8354,"items_purged":["Strike_R"],"score":368,"play_id":"1ae4e602-83a7-4a3f-889f-44468d1ba416","local_time":"20210107113638","is_ascension_mode":true,"campfire_choices":[{"data":"Corruption","floor":8.0,"key":"SMITH"},{"data":"Carnage","floor":13.0,"key":"SMITH"},{"data":"Sentinel","floor":15.0,"key":"SMITH"}],"circlet_count":0,"master_deck":["AscendersBane","Strike_R+1","Strike_R+1","Strike_R+1","Defend_R","Defend_R","Defend_R","Defend_R","Bash+1","Shrug It Off","Cleave","Corruption+1","Carnage+1","Sentinel+1","Headbutt","Shrug It Off","Fiend Fire","Limit Break"],"relics":["Burning Blood","Whetstone","MealTicket","Nunchaku","Strawberry","Pantograph","Black Star"],"acts_visited":["Exordium","TheCity"],"potions_floor_usage":[],"damage_taken":[{"damage":1.0,"enemies":"Cultist","floor":1.0,"turns":4.0},{"damage":0.0,"enemies":"Jaw Worm","floor":2.0,"turns":5.0},{"damage":2.0,"enemies":"Small Slimes","floor":5.0,"turns":4.0},{"damage":35.0,"enemies":"3 Sentries","floor":6.0,"turns":9.0},{"damage":1.0,"enemies":"Looter","floor":7.0,"turns":2.0},{"damage":0.0,"enemies":"Large Slime","floor":14.0,"turns":5.0},{"damage":57.0,"enemies":"Hexaghost","floor":16.0,"turns":11.0},{"damage":20.0,"enemies":"Chosen","floor":18.0,"turns":5.0},{"damage":2.0,"enemies":"3 Byrds","floor":19.0,"turns":6.0},{"damage":58,"enemies":"Sentry and Sphere","floor":22,"turns":7}],"seed_played":"1329102021649416078","potions_obtained":[{"floor":5.0,"key":"Block Potion"},{"floor":6.0,"key":"DistilledChaos"},{"floor":14.0,"key":"Dexterity Potion"},{"floor":16.0,"key":"DistilledChaos"}],"is_trial":false,"path_per_floor":["M","M","?","?","M","E","M","R","T","T","$","?","R","M","R","B",null,"M","M","?","?","M"],"character_chosen":"IRONCLAD","items_purchased":["Shrug It Off"],"campfire_rested":0,"item_purchase_floors":[11],"current_hp_per_floor":[73,75,52,52,56,27,32,32,32,39,54,28,28,34,34,8,64,50,54,54,54,0,0],"gold":0,"neow_bonus":"RANDOM_COMMON_RELIC","is_daily":false,"chose_seed":false,"campfire_upgraded":3,"win_rate":0.0,"timestamp":1610040998,"path_taken":["M","M","?","?","M","E","?","R","T","?","$","?","R","M","R","BOSS","M","M","?","?","M"],"items_purchased_type":["Card"],"build_version":"2020-12-22","purchased_purges":1,"victory":false,"max_hp_per_floor":[75,75,75,75,75,75,75,75,75,82,82,82,82,82,82,82,82,82,82,82,82,82,82],"relic_stats":{"Nunchaku":[5],"counters":[10,58],"Pantograph":25,"MealTicket":15,"Black Star":0,"Whetstone":["Strike_R","Strike_R"],"obtain_stats":[{"Nunchaku":9,"Strawberry":10,"Pantograph":12,"MealTicket":6,"Black Star":17,"Whetstone":0,"Burning Blood":0},{"Nunchaku":5,"Strawberry":5,"Pantograph":5,"MealTicket":4,"Black Star":7,"Whetstone":0,"Burning Blood":0},{"Nunchaku":24,"Strawberry":24,"Pantograph":24,"MealTicket":22,"Black Star":40,"Whetstone":0,"Burning Blood":0}],"Burning Blood":50},"card_choices":[{"not_picked":["Cleave","Power Through"],"picked":"Shrug It Off","floor":1.0},{"not_picked":["Warcry","Sword Boomerang"],"picked":"Cleave","floor":2.0},{"not_picked":["Headbutt","Clothesline"],"picked":"Carnage","floor":5.0},{"not_picked":["Flex","Intimidate"],"picked":"Sentinel","floor":6.0},{"not_picked":["Cleave","Perfected Strike"],"picked":"Headbutt","floor":7.0},{"not_picked":["Flex","Havoc"],"picked":"Fiend Fire","floor":14.0},{"not_picked":["Demon Form","Fiend Fire"],"picked":"Limit Break","floor":16.0},{"not_picked":["Flex","Reckless Charge","Cleave"],"picked":"SKIP","floor":18.0},{"not_picked":["Cleave","Seeing Red","Armaments+1"],"picked":"SKIP","floor":19.0}],"player_experience":1102885,"relics_obtained":[{"floor":6.0,"key":"MealTicket"},{"floor":9.0,"key":"Nunchaku"},{"floor":10.0,"key":"Strawberry"}],"event_choices":[{"damage_healed":0.0,"max_hp_gain":0.0,"max_hp_loss":0.0,"gold_gain":0.0,"event_name":"Shining Light","player_choice":"Entered Light","floor":3.0,"gold_loss":0.0,"damage_taken":23.0,"cards_upgraded":["Strike_R","Bash"]},{"damage_healed":0.0,"max_hp_gain":0.0,"max_hp_loss":0.0,"gold_gain":0.0,"cards_transformed":["Strike_R"],"event_name":"Transmorgrifier","player_choice":"Transformed","floor":4.0,"gold_loss":0.0,"damage_taken":0.0,"cards_obtained":["Corruption"]},{"damage_healed":0.0,"max_hp_gain":0.0,"max_hp_loss":0.0,"gold_gain":0.0,"event_name":"Scrap Ooze","player_choice":"Success","floor":12.0,"gold_loss":0.0,"damage_taken":26.0,"relics_obtained":["Pantograph"]},{"damage_healed":0.0,"max_hp_gain":0.0,"max_hp_loss":0.0,"gold_gain":0.0,"event_name":"Masked Bandits","player_choice":"Paid Fearfully","floor":20.0,"gold_loss":199.0,"damage_taken":0.0}],"is_beta":false,"boss_relics":[{"not_picked":["Cursed Key","Busted Crown"],"picked":"Black Star"}],"items_purged_floors":[11],"is_endless":false,"potions_floor_spawned":[5,6,14,16],"killed_by":"Sentry and Sphere","ascension_level":20}}