{"host":"n7mxhpjy89lltbhc","time":1610020715,"event":{"mods":["2.2 Compatiblity","Act Like it!","Bard","BaseMod","Better Match","Better Sensory Stone","Better Synergies","Better Vampires","BetterRewards","Colored Map","Colored Powertips","Downfall","Exacting","Gensokyo","Hubris","Infinite Spire","Jedi Mod","Marisa????????","Minty Spire (QoL Compilation)","Permanent Neow","Rare Cards Sparkle","Relic Sorter","Relic Stats","Replay The Spire","Shop Mod","Small Relic Pack","Spicy Shops","StSLib","Strawberry Spire","Td1madao Mod","The Blue Laboratory","The Marked","The Servant 0.9.4","Waifu the Spire","Wandering Minibosses"],"gold_per_floor":[119,119,134,161,175,175,228,228,255,282,307,638,41,41,41,145,145,162,72,89,44,75,127,127,152,152,152,182,182,182,235,235,334,334,364,364,364,399,452,477,477,507,507,518,518,0,25,40,40,40],"floor_reached":51,"playtime":2915,"items_purged":["bard:Strike"],"score":1346,"play_id":"ac821808-7df9-4aa0-b522-4c12a5b0948a","local_time":"25640107185835","is_ascension_mode":true,"campfire_choices":[{"data":"bard:Doot","floor":6.0,"key":"SMITH"},{"data":"bard:BestowCurse","floor":8,"key":"SMITH"},{"data":"bard:BestowCurse","floor":15,"key":"SMITH"},{"data":"bard:Improv","floor":24,"key":"SMITH"},{"data":"bard:Blink","floor":27,"key":"SMITH"},{"data":"bard:Balestra","floor":29,"key":"SMITH"},{"floor":32,"key":"REST"},{"data":"bard:SplendidForm","floor":41,"key":"SMITH"},{"data":"bard:SixFourTime","floor":45,"key":"SMITH"},{"data":"bard:Aphasia","floor":49,"key":"SMITH"}],"circlet_count":0,"master_deck":["bard:Riposte","bard:Inspire","bard:FirstStrike","bard:BestowCurse+1","bard:Doot+1","bard:Encore","bard:Sift","bard:BestowCurse+1","bard:Aphasia+1","bard:Balestra+1","bard:Blink+1","bard:Improv+1","bard:CovetousAura+1","bard:Flourish","bard:HarmoniousVoice+1","bard:OffKey","bard:Parry","bard:FalseLife+1","bard:ReverseGravity","bard:SixFourTime+1","bard:SplendidForm+1","bard:Demoralize","bard:Fermata","bard:DiscordantVoice","bard:EchoEcho"],"relics":["bard:PitchPipe","bard:BagPipes","Anchor","Bronze Scales","Bottled Flame","hexamod:BolsterEngine","Old Coin","bard:CoralOrchestra","Orrery","relicPack:OneForAll","jedi:hotpepper","Replay:PocketPolymizer","Sundial","Gremlin Horn","hubris:PeanutButter","Bottled Tornado","hubris:TerracottaHorce","wanderingMiniBosses:Inkheart","MealTicket","strawberrySpire:MawJerky","CaptainsWheel","Lee\u0027s Waffle","hubris:BottledRain"],"acts_visited":["Exordium","TheCity","Gensokyo:Gensokyoest"],"potions_floor_usage":[16,16,25,38,50,50],"damage_taken":[{"damage":1.0,"enemies":"Small Slimes","floor":1.0,"turns":3.0},{"damage":6.0,"enemies":"Cultist","floor":3.0,"turns":4.0},{"damage":0.0,"enemies":"2 Louse","floor":4.0,"turns":2.0},{"damage":0.0,"enemies":"2 Fungi Beasts","floor":5.0,"turns":4.0},{"damage":0,"enemies":"3 Sentries","floor":7,"turns":5},{"damage":0,"enemies":"Looter","floor":10,"turns":2},{"damage":0,"enemies":"Exordium Thugs","floor":11,"turns":4},{"damage":14,"enemies":"Lagavulin","floor":12,"turns":7},{"damage":12,"enemies":"The Guardian","floor":16,"turns":9},{"damage":0,"enemies":"Chosen","floor":18,"turns":3},{"damage":4,"enemies":"3 Byrds","floor":20,"turns":5},{"damage":8,"enemies":"Centurion and Healer","floor":22,"turns":6},{"damage":40,"enemies":"Replay:Snechameleon","floor":23,"turns":3},{"damage":16,"enemies":"Gremlin Leader","floor":25,"turns":5},{"damage":18,"enemies":"Nightmare","floor":28,"turns":7},{"damage":0,"enemies":"Replay:Snechameleon","floor":31,"turns":6},{"damage":0,"enemies":"hubris:MusketHawk","floor":33,"turns":9},{"damage":14,"enemies":"Gensokyo:AncientGuardian","floor":35,"turns":7},{"damage":14,"enemies":"Gensokyo:3_Boulders","floor":38,"turns":5},{"damage":5,"enemies":"Gensokyo:Marisa","floor":40,"turns":4},{"damage":0,"enemies":"Gensokyo:4_Bats","floor":42,"turns":1},{"damage":0,"enemies":"Gensokyo:SeedOfUnknown","floor":44,"turns":5},{"damage":0,"enemies":"Gensokyo:Kasen","floor":47,"turns":5},{"damage":0,"enemies":"Gensokyo:Sharpion","floor":48,"turns":4},{"damage":0,"enemies":"Gensokyo:Shinki","floor":50,"turns":8}],"seed_played":"419411758066499411","potions_obtained":[{"floor":4.0,"key":"SkillPotion"},{"floor":5.0,"key":"jedi:StrikingPotion"},{"floor":10,"key":"Flashbang"},{"floor":18,"key":"blueLaboratory:Moonshine"},{"floor":25,"key":"ColorlessPotion"},{"floor":40,"key":"Ancient Potion"}],"is_trial":false,"path_per_floor":["M","?","M","M","M","R","E","R","T","M","M","E","$","?","R","B",null,"M","?","M","$","M","E","R","E","T","R","NM","R","?","E","R","B",null,"M","?","?","M","T","E","R","M","T","M","R","?","E","M","R","B",null],"character_chosen":"BARD","items_purchased":["bard:CoralOrchestra","bard:Aphasia","Orrery","bard:Flourish"],"campfire_rested":1,"item_purchase_floors":[13,13,13,21],"current_hp_per_floor":[62,62,56,56,66,66,66,66,66,66,66,52,52,52,52,40,49,49,49,45,45,37,37,37,21,21,21,17,17,17,17,32,32,47,47,47,47,33,33,28,28,28,28,28,28,56,58,58,58,58],"gold":40,"neow_bonus":"RANDOM_COMMON_RELIC","is_daily":false,"chose_seed":false,"campfire_upgraded":9,"win_rate":0.0,"timestamp":1610020715,"path_taken":["M","?","?","M","M","R","E","R","T","M","M","E","$","?","R","BOSS","M","?","?","?","M","E","R","E","T","R","NM","R","?","E","R","BOSS","M","?","?","M","?","E","R","M","T","?","R","?","E","M","R","BOSS"],"items_purchased_type":["Relic","Card","Relic","Card"],"build_version":"2020-12-22","purchased_purges":1,"victory":true,"max_hp_per_floor":[70,70,70,70,70,70,70,70,70,70,70,70,70,70,70,70,52,52,52,52,52,52,52,52,52,52,52,52,52,52,52,52,52,52,52,52,52,52,52,52,52,52,52,52,52,56,58,58,58,58],"relic_stats":{"Lee\u0027s Waffle":28,"Gremlin Horn":[7,7],"counters":[25,123],"Sundial":[8],"Bronze Scales":[426],"MealTicket":0,"obtain_stats":[{"bard:BagPipes":0,"Lee\u0027s Waffle":46,"Replay:PocketPolymizer":23,"bard:PitchPipe":0,"Gremlin Horn":26,"Bottled Tornado":31,"Old Coin":12,"hubris:TerracottaHorce":34,"relicPack:OneForAll":14,"Anchor":0,"Bottled Flame":7,"CaptainsWheel":43,"jedi:hotpepper":17,"Sundial":25,"Bronze Scales":7,"Orrery":13,"hubris:PeanutButter":28,"MealTicket":39,"strawberrySpire:MawJerky":40,"hexamod:BolsterEngine":9,"jedi:command_shop":46,"wanderingMiniBosses:Inkheart":38,"bard:CoralOrchestra":13,"hubris:BottledRain":47},{"bard:BagPipes":0,"Lee\u0027s Waffle":22,"Replay:PocketPolymizer":13,"bard:PitchPipe":0,"Gremlin Horn":14,"Bottled Tornado":16,"Old Coin":8,"hubris:TerracottaHorce":17,"relicPack:OneForAll":8,"Anchor":0,"Bottled Flame":5,"CaptainsWheel":21,"jedi:hotpepper":9,"Sundial":14,"Bronze Scales":5,"Orrery":8,"hubris:PeanutButter":15,"MealTicket":19,"strawberrySpire:MawJerky":20,"hexamod:BolsterEngine":5,"jedi:command_shop":22,"wanderingMiniBosses:Inkheart":19,"bard:CoralOrchestra":8,"hubris:BottledRain":23},{"bard:BagPipes":0,"Lee\u0027s Waffle":106,"Replay:PocketPolymizer":57,"bard:PitchPipe":0,"Gremlin Horn":62,"Bottled Tornado":75,"Old Coin":31,"hubris:TerracottaHorce":84,"relicPack:OneForAll":31,"Anchor":0,"Bottled Flame":18,"CaptainsWheel":101,"jedi:hotpepper":40,"Sundial":62,"Bronze Scales":18,"Orrery":31,"hubris:PeanutButter":69,"MealTicket":96,"strawberrySpire:MawJerky":100,"hexamod:BolsterEngine":18,"jedi:command_shop":106,"wanderingMiniBosses:Inkheart":96,"bard:CoralOrchestra":31,"hubris:BottledRain":111}]},"card_choices":[{"not_picked":["bard:Parry","bard:OffKey","bard:LingeringEcho"],"picked":"SKIP","floor":1.0},{"not_picked":["bard:BucklerBash","bard:Greatness"],"picked":"bard:FirstStrike","floor":3.0},{"not_picked":["bard:QuickSong","bard:GlyphOfWarding"],"picked":"bard:BestowCurse","floor":4.0},{"not_picked":["bard:BestowCurse","bard:Thunderwave"],"picked":"bard:Doot","floor":5.0},{"not_picked":["bard:Gamble","bard:GreaterMagicWeapon"],"picked":"bard:Encore","floor":7},{"not_picked":["bard:EchoEcho","bard:FeastOnFear"],"picked":"bard:Sift","floor":10},{"not_picked":["bard:LingeringEcho","bard:FeastOnFear","bard:GreaterMagicWeapon"],"picked":"SKIP","floor":11},{"not_picked":["bard:PhantasmalForce","bard:Sift"],"picked":"bard:BestowCurse","floor":12},{"not_picked":["bard:QuickSong","bard:Fermata"],"picked":"bard:Balestra","floor":13},{"not_picked":["bard:HideousLaughter","bard:DeathMetal"],"picked":"bard:Blink","floor":13},{"not_picked":["bard:MantleOfInspiration","bard:LifeDrain"],"picked":"bard:Improv","floor":13},{"not_picked":["bard:Rhapsody","bard:MnemonicVestments"],"picked":"bard:CovetousAura","floor":16},{"not_picked":["bard:Aphasia","bard:FeastOnFear","bard:BucklerBash"],"picked":"SKIP","floor":18},{"not_picked":["bard:FeastOnFear","bard:Greatness+1","bard:Parry"],"picked":"SKIP","floor":20},{"not_picked":["bard:BestowCurse","bard:DervishDance+1","bard:BucklerBash+1"],"picked":"SKIP","floor":22},{"not_picked":["bard:FeastOnFear","bard:Focused","bard:SongBolt+1"],"picked":"SKIP","floor":23},{"not_picked":["bard:SongBolt","bard:GreaterMagicWeapon"],"picked":"bard:HarmoniousVoice+1","floor":25},{"not_picked":["bard:InspiringSong","bard:Accelerando","bard:PowerWordStun"],"picked":"SKIP","floor":28},{"not_picked":["bard:ViciousMockery+1","bard:MantleOfInspiration+1"],"picked":"bard:FalseLife+1","floor":31},{"not_picked":["bard:Improv","bard:PowerWordStun"],"picked":"bard:ReverseGravity","floor":33},{"not_picked":["bard:QuickSong","bard:Heroism"],"picked":"bard:SixFourTime","floor":35},{"not_picked":["bard:Fermata","bard:FaerieFire","bard:BucklerBash+1"],"picked":"SKIP","floor":38},{"not_picked":["bard:StudiedStrike","bard:FalseLife"],"picked":"bard:SplendidForm","floor":40},{"not_picked":["bard:ViciousMockery","bard:EnGarde","bard:Parry"],"picked":"SKIP","floor":42},{"not_picked":["bard:Thunderwave","bard:ViciousMockery","bard:Aphasia"],"picked":"SKIP","floor":44},{"not_picked":["bard:Blink","bard:Fermata"],"picked":"bard:DiscordantVoice","floor":47},{"not_picked":["bard:Solo+1","bard:GreaterMagicWeapon+1","bard:SongBolt"],"picked":"SKIP","floor":48}],"player_experience":1068208,"relics_obtained":[{"floor":7,"key":"Bronze Scales"},{"floor":7,"key":"Bottled Flame"},{"floor":9,"key":"hexamod:BolsterEngine"},{"floor":12,"key":"Old Coin"},{"floor":23,"key":"Replay:PocketPolymizer"},{"floor":25,"key":"Sundial"},{"floor":26,"key":"Gremlin Horn"},{"floor":28,"key":"hubris:PeanutButter"},{"floor":31,"key":"Bottled Tornado"},{"floor":38,"key":"wanderingMiniBosses:Inkheart"},{"floor":39,"key":"MealTicket"},{"floor":40,"key":"strawberrySpire:MawJerky"},{"floor":43,"key":"CaptainsWheel"},{"floor":47,"key":"hubris:BottledRain"}],"event_choices":[{"cards_removed":["bard:Strike"],"damage_healed":0.0,"max_hp_gain":0.0,"max_hp_loss":0.0,"gold_gain":0.0,"event_name":"Purifier","player_choice":"Purged","floor":2.0,"gold_loss":0.0,"damage_taken":0.0},{"cards_removed":["bard:Strike"],"damage_healed":0,"gold_gain":0,"player_choice":"Upgrade and Remove","damage_taken":0,"max_hp_gain":0,"max_hp_loss":0,"event_name":"Designer","floor":19,"gold_loss":90,"cards_upgraded":["bard:CovetousAura"]},{"damage_healed":0,"gold_gain":3,"player_choice":"1","damage_taken":0,"max_hp_gain":0,"max_hp_loss":0,"event_name":"betterStone:BetterStone","floor":36,"gold_loss":0}],"is_beta":false,"boss_relics":[{"not_picked":["Runic Dome","bard:DeepVero"],"picked":"jedi:hotpepper"},{"not_picked":["Runic Pyramid","Astrolabe"],"picked":"hubris:TerracottaHorce"}],"items_purged_floors":[13],"is_endless":false,"potions_floor_spawned":[4,5,10,11,18,25,33,35,40,47],"ascension_level":8}}