{"host":"April","time":1610013489,"event":{"mods":["BaseMod","Minty Spire (QoL Compilation)"],"gold_per_floor":[114,114,127,127,144,179,179,212,239,265,279,279,295,309,309,407,407,424,424,384,394,58,58,83,83,109,109,139,68,68,167,167,269,269,279,279,330,182,36,67,79,91,91],"floor_reached":42,"playtime":2088,"items_purged":[],"score":527,"play_id":"6c7389a2-2fd8-466f-b3ae-9b2e278b891d","local_time":"20210107015809","is_ascension_mode":true,"campfire_choices":[{"data":"Clothesline","floor":7.0,"key":"SMITH"},{"data":"Defend_R","floor":12.0,"key":"SMITH"},{"data":"Shockwave","floor":15.0,"key":"SMITH"},{"data":"Metallicize","floor":23.0,"key":"SMITH"},{"data":"Barricade","floor":25.0,"key":"SMITH"},{"floor":32.0,"key":"REST"},{"data":"Limit Break","floor":41,"key":"SMITH"}],"circlet_count":0,"master_deck":["Strike_R+1","Strike_R+1","Strike_R+1","Strike_R+1","Strike_R+1","Defend_R+1","Defend_R+1","Defend_R+1","Defend_R+1","Bash+1","Clothesline+1","Whirlwind","Feel No Pain","Shockwave+1","Spot Weakness","Ghostly Armor+1","Wild Strike","Cleave+1","Power Through","Immolate","Havoc+1","Flame Barrier","Feed","Metallicize+1","Barricade+1","Blood for Blood","Dark Embrace","Limit Break+1","Shockwave+1","Uppercut+1"],"relics":["Burning Blood","Juzu Bracelet","Boot","Orichalcum","InkBottle","Black Star","Strange Spoon","War Paint","Red Skull","Blood Vial","Ginger","Whetstone","Snecko Eye","Ice Cream","Lee\u0027s Waffle","Membership Card","Akabeko","MawBank"],"acts_visited":["Exordium","TheCity","TheBeyond"],"potions_floor_usage":[40],"damage_taken":[{"damage":5.0,"enemies":"Jaw Worm","floor":1.0,"turns":5.0},{"damage":0.0,"enemies":"Cultist","floor":3.0,"turns":3.0},{"damage":4.0,"enemies":"Small Slimes","floor":5.0,"turns":3.0},{"damage":13.0,"enemies":"3 Sentries","floor":6.0,"turns":7.0},{"damage":26.0,"enemies":"Gremlin Nob","floor":8.0,"turns":5.0},{"damage":13.0,"enemies":"3 Sentries","floor":10.0,"turns":6.0},{"damage":2.0,"enemies":"Exordium Thugs","floor":11.0,"turns":4.0},{"damage":1.0,"enemies":"Blue Slaver","floor":13.0,"turns":4.0},{"damage":6.0,"enemies":"2 Fungi Beasts","floor":14.0,"turns":4.0},{"damage":45.0,"enemies":"The Guardian","floor":16.0,"turns":17.0},{"damage":0.0,"enemies":"Chosen","floor":18.0,"turns":4.0},{"damage":5.0,"enemies":"Shell Parasite","floor":21.0,"turns":4.0},{"damage":42.0,"enemies":"Slavers","floor":24.0,"turns":5.0},{"damage":28.0,"enemies":"Gremlin Leader","floor":28.0,"turns":9.0},{"damage":42.0,"enemies":"Collector","floor":33.0,"turns":14.0},{"damage":3.0,"enemies":"Orb Walker","floor":35.0,"turns":4.0},{"damage":76.0,"enemies":"2 Orb Walkers","floor":37.0,"turns":7.0},{"damage":30,"enemies":"Nemesis","floor":40,"turns":9},{"damage":82,"enemies":"Giant Head","floor":42,"turns":10}],"seed_played":"-333018654066277707","potions_obtained":[{"floor":1.0,"key":"SneckoOil"},{"floor":3.0,"key":"PowerPotion"},{"floor":8.0,"key":"Dexterity Potion"},{"floor":11.0,"key":"BlessingOfTheForge"},{"floor":24.0,"key":"Weak Potion"},{"floor":37.0,"key":"Dexterity Potion"}],"is_trial":false,"path_per_floor":["M","?","M","?","M","E","R","E","T","E","M","R","M","M","R","B",null,"M","?","?","M","$","R","E","R","T","?","E","$","?","?","R","B",null,"M","?","?","$","$","E","R","E"],"character_chosen":"IRONCLAD","items_purchased":["Strange Spoon","Feed","Metallicize","Dark Embrace","Lee\u0027s Waffle","Membership Card"],"campfire_rested":1,"item_purchase_floors":[22,22,22,29,38,39],"current_hp_per_floor":[88,70,76,88,88,81,81,61,61,54,58,58,63,63,63,24,88,88,88,88,88,88,88,52,52,52,52,32,32,32,32,58,24,88,88,88,21,98,98,77,77,0,0],"gold":91,"neow_bonus":"TEN_PERCENT_HP_BONUS","is_daily":false,"chose_seed":false,"campfire_upgraded":6,"win_rate":0.0,"timestamp":1610013489,"path_taken":["M","?","M","?","?","E","R","E","T","E","M","R","M","M","R","BOSS","M","?","?","M","$","R","E","R","T","?","E","$","?","?","R","BOSS","M","?","?","?","$","E","R","E"],"items_purchased_type":["Relic","Card","Card","Card","Relic","Relic"],"build_version":"2020-12-18","purchased_purges":0,"victory":false,"max_hp_per_floor":[88,88,88,88,88,88,88,88,88,88,88,88,88,88,88,88,88,88,88,88,88,88,88,88,88,88,88,88,88,88,88,88,88,88,88,88,91,98,98,101,101,101,101],"card_choices":[{"not_picked":["Sword Boomerang","Twin Strike"],"picked":"Clothesline","floor":1.0},{"not_picked":["Spot Weakness","Rage"],"picked":"Whirlwind","floor":3.0},{"not_picked":["Flex","Infernal Blade"],"picked":"Feel No Pain","floor":5.0},{"not_picked":["Sever Soul","Bloodletting"],"picked":"Shockwave","floor":6.0},{"not_picked":["Flex","Wild Strike"],"picked":"Spot Weakness","floor":8.0},{"not_picked":["Headbutt","Entrench"],"picked":"Ghostly Armor","floor":10.0},{"not_picked":["Sword Boomerang","Burning Pact"],"picked":"Wild Strike","floor":11.0},{"not_picked":["Searing Blow","Heavy Blade"],"picked":"Cleave","floor":13.0},{"not_picked":["Pommel Strike","Shrug It Off"],"picked":"Power Through","floor":14.0},{"not_picked":["Impervious","Feed"],"picked":"Immolate","floor":16.0},{"not_picked":["Flex","Heavy Blade"],"picked":"Havoc+1","floor":18.0},{"not_picked":["Body Slam","Seeing Red+1"],"picked":"Flame Barrier","floor":21.0},{"not_picked":["Twin Strike","Shockwave"],"picked":"Barricade","floor":24.0},{"not_picked":["Sentinel","Twin Strike"],"picked":"Blood for Blood","floor":28.0},{"not_picked":["Impervious","Juggernaut"],"picked":"Limit Break","floor":33.0},{"not_picked":["Anger+1","Rupture"],"picked":"Shockwave+1","floor":35.0},{"not_picked":["Whirlwind+1","Seeing Red+1"],"picked":"Uppercut+1","floor":40}],"player_experience":2560014,"relics_obtained":[{"floor":6.0,"key":"Juzu Bracelet"},{"floor":8.0,"key":"Boot"},{"floor":9.0,"key":"Orichalcum"},{"floor":10.0,"key":"InkBottle"},{"floor":24.0,"key":"War Paint"},{"floor":24.0,"key":"Red Skull"},{"floor":26.0,"key":"Blood Vial"},{"floor":28.0,"key":"Ginger"},{"floor":28.0,"key":"Whetstone"},{"floor":37.0,"key":"Ice Cream"},{"floor":40,"key":"Akabeko"},{"floor":40,"key":"MawBank"}],"event_choices":[{"damage_healed":0.0,"max_hp_gain":0.0,"max_hp_loss":0.0,"gold_gain":0.0,"event_name":"Shining Light","player_choice":"Entered Light","floor":2.0,"gold_loss":0.0,"damage_taken":18.0,"cards_upgraded":["Defend_R","Strike_R"]},{"damage_healed":12.0,"max_hp_gain":0.0,"max_hp_loss":0.0,"gold_gain":0.0,"event_name":"Wheel of Change","player_choice":"Full Heal","floor":4.0,"gold_loss":0.0,"damage_taken":0.0},{"damage_healed":0.0,"max_hp_gain":0.0,"max_hp_loss":0.0,"gold_gain":0.0,"event_name":"Vampires","player_choice":"Ignored","floor":19.0,"gold_loss":0.0,"damage_taken":0.0},{"damage_healed":0.0,"max_hp_gain":0.0,"max_hp_loss":0.0,"gold_gain":0.0,"event_name":"Designer","player_choice":"Upgraded Two","floor":20.0,"gold_loss":40.0,"damage_taken":0.0,"cards_upgraded":["Defend_R","Bash"]},{"damage_healed":0.0,"max_hp_gain":0.0,"max_hp_loss":0.0,"gold_gain":0.0,"event_name":"Beggar","player_choice":"Ignored","floor":27.0,"gold_loss":0.0,"damage_taken":0.0},{"damage_healed":0.0,"max_hp_gain":0.0,"max_hp_loss":0.0,"gold_gain":0.0,"event_name":"Back to Basics","player_choice":"Simplicity","floor":30.0,"gold_loss":0.0,"damage_taken":0.0,"cards_upgraded":["Strike_R","Strike_R","Strike_R"]},{"damage_healed":0.0,"max_hp_gain":0.0,"max_hp_loss":0.0,"gold_gain":99.0,"event_name":"Nest","player_choice":"Stole From Cult","floor":31.0,"gold_loss":0.0,"damage_taken":0.0},{"damage_healed":0.0,"max_hp_gain":0.0,"max_hp_loss":0.0,"gold_gain":0.0,"event_name":"Tomb of Lord Red Mask","player_choice":"Ignored","floor":36.0,"gold_loss":0.0,"damage_taken":0.0},{"damage_healed":0.0,"max_hp_gain":0.0,"max_hp_loss":0.0,"gold_gain":0.0,"event_name":"Mysterious Sphere","player_choice":"Fight","floor":37.0,"gold_loss":0.0,"damage_taken":0.0}],"is_beta":true,"boss_relics":[{"not_picked":["Empty Cage","Coffee Dripper"],"picked":"Black Star"},{"not_picked":["Calling Bell","SlaversCollar"],"picked":"Snecko Eye"}],"items_purged_floors":[],"is_endless":false,"potions_floor_spawned":[1,3,8,11,13,16,18,21,24,37],"killed_by":"Giant Head","ascension_level":1}}