{"host":"8i4doyxqctgl5qb0","time":1610058575,"event":{"mods":["AchievementEnabler","BaseMod","Block Reminder","Colored Powertips","Downfall","Minty Spire (QoL Compilation)","Permanent Neow","Potion Indicator Mod","Rare Cards Sparkle","StSLib","SuperFastMode"],"gold_per_floor":[99,111,111,111,211,211,237,255,275,293,293,308,233,245,258,354,354,354,374,387,387,387,387,387,419,91,121,121,137,62,75,92,195,195,120,136,186,14,14,32,32,32,87,99,112,212,212,231,242,242,242,273,31,31,31,31,31],"floor_reached":55,"playtime":2111,"items_purged":["Slimebound:Defend_Slimebound"],"score":756,"play_id":"a6a673f7-7690-406f-b825-62054c5121de","local_time":"20210108062935","is_ascension_mode":false,"campfire_choices":[{"data":"Slimebound:Split","floor":1.0,"key":"SMITH"},{"floor":11.0,"key":"RECALL"},{"data":"Slimebound:LevelUp","floor":13.0,"key":"SMITH"},{"data":"Slimebound:MinionMaster","floor":18.0,"key":"SMITH"},{"floor":23.0,"key":"REST"},{"floor":30.0,"key":"REST"},{"data":"Slimebound:FirmFortitude","floor":35.0,"key":"SMITH"},{"data":"Slimebound:Darklings","floor":47.0,"key":"SMITH"},{"floor":54,"key":"REST"}],"circlet_count":0,"master_deck":["Slimebound:Tackle","Slimebound:Defend_Slimebound","Slimebound:Defend_Slimebound+1","Slimebound:Defend_Slimebound","Slimebound:Split+1","Slimebound:CorrosiveSpit+1","Slimebound:SplitAcid","Slimebound:ProtectTheBoss","Slimebound:SplitAcid","Slimebound:LevelUp+1","Slimebound:CheckThePlaybook","Slimebound:LeadByExample+1","Slimebound:MinionMaster+1","Slimebound:ForwardTackle+1","Slimebound:ServeAndProtect","Slimebound:Tackle+1","Slimebound:Tackle+1","Slimebound:Tackle+1","Slimebound:SlimeSpikes","Slimebound:SplitLeeching+1","Slimebound:SplitAcid","Slimebound:FirmFortitude+1","Slimebound:RallyTheTroops","Slimebound:AcidTongue","Slimebound:SplitAcid+1","Slimebound:SlimeSlap","Slimebound:Darklings+1","Slimebound:SplitMire+1","expansioncontent:Corrupt","Slimebound:Repurpose","Slimebound:Prepare+1","Slimebound:SplitBruiser+1","Slimebound:PrepareCrush","Slimebound:Equalize","Slimebound:FinishingTackle","Injury","Slimebound:Split","expansioncontent:Sear","Slimebound:GoopSpray+1","Slimebound:ComboTackle+1","Slimebound:DivideAndConquer+1"],"relics":["Slimebound:AbsorbEndCombatUpgraded","Lantern","Vajra","MealTicket","downfall:HeartBlessingRed","Busted Crown","Meat on the Bone","Bottled Flame","Matryoshka","Red Mask","Pear","downfall:HeartBlessingBlue","downfall:HeartBlessingGreen","Thread and Needle","Slimebound:SelfDamagePreventRelic","PreservedInsect","Bird Faced Urn","downfall:GremlinSack","Nunchaku","Mummified Hand"],"acts_visited":["Exordium","TheCity","TheBeyond","TheEnding"],"potions_floor_usage":[55],"damage_taken":[{"damage":9.0,"enemies":"Jaw Worm","floor":2.0,"turns":3.0},{"damage":8.0,"enemies":"2 Louse","floor":8.0,"turns":2.0},{"damage":17.0,"enemies":"Cultist","floor":9.0,"turns":3.0},{"damage":30.0,"enemies":"Gremlin Gang","floor":10.0,"turns":3.0},{"damage":21.0,"enemies":"3 Louse","floor":12.0,"turns":2.0},{"damage":18.0,"enemies":"2 Fungi Beasts","floor":14.0,"turns":3.0},{"damage":26.0,"enemies":"Exordium Wildlife","floor":15.0,"turns":4.0},{"damage":33.0,"enemies":"downfall:Ironclad","floor":16.0,"turns":6.0},{"damage":34.0,"enemies":"3 Byrds","floor":19.0,"turns":3.0},{"damage":31.0,"enemies":"Snecko","floor":20.0,"turns":3.0},{"damage":57.0,"enemies":"Book of Stabbing","floor":25.0,"turns":4.0},{"damage":43.0,"enemies":"downfall:FleeingMerchant","floor":26.0,"turns":4.0},{"damage":45.0,"enemies":"Masked Bandits","floor":27.0,"turns":4.0},{"damage":25.0,"enemies":"3 Cultists","floor":29.0,"turns":3.0},{"damage":27.0,"enemies":"Centurion and Healer","floor":31.0,"turns":4.0},{"damage":15.0,"enemies":"Snake Plant","floor":32.0,"turns":2.0},{"damage":80.0,"enemies":"downfall:Silent","floor":33.0,"turns":6.0},{"damage":15.0,"enemies":"3 Shapes","floor":36.0,"turns":3.0},{"damage":22.0,"enemies":"Mind Bloom Boss Battle","floor":37.0,"turns":4.0},{"damage":38.0,"enemies":"downfall:FleeingMerchant","floor":38.0,"turns":4.0},{"damage":5.0,"enemies":"3 Darklings","floor":40.0,"turns":3.0},{"damage":36.0,"enemies":"downfall:FleeingMerchant","floor":43.0,"turns":4.0},{"damage":36.0,"enemies":"Writhing Mass","floor":44.0,"turns":5.0},{"damage":14.0,"enemies":"Sphere and 2 Shapes","floor":45.0,"turns":3.0},{"damage":16.0,"enemies":"Sphere and 2 Shapes","floor":46.0,"turns":2.0},{"damage":24.0,"enemies":"4 Shapes","floor":48.0,"turns":3.0},{"damage":53.0,"enemies":"Spire Growth","floor":49.0,"turns":5.0},{"damage":93,"enemies":"downfall:Defect","floor":50,"turns":8},{"damage":130,"enemies":"downfall:CharBossMerchant","floor":52,"turns":7},{"damage":172,"enemies":"downfall:NeowBoss","floor":55,"turns":13}],"seed_played":"4385457053531892617","potions_obtained":[{"floor":6.0,"key":"hexamod:EctoCoolerPotion"},{"floor":6.0,"key":"FairyPotion"},{"floor":6.0,"key":"PowerPotion"},{"floor":16.0,"key":"EssenceOfSteel"},{"floor":25.0,"key":"FairyPotion"},{"floor":33.0,"key":"LiquidMemories"},{"floor":46.0,"key":"Slimebound:ThreeZeroPotion"},{"floor":52,"key":"Fire Potion"}],"is_trial":false,"path_per_floor":["R","M","?","?","?","?","T","M","M","M","R","M","R","M","M","B",null,"R","M","M","?","?","R","T","E","$","?","T","M","R","M","M","B",null,"R","M","?","$","?","M","T","?","$","M","M","?","R","M","M","B",null,"E","$","R","B"],"character_chosen":"SLIMEBOUND","items_purchased":["Matryoshka","Slimebound:SelfDamagePreventRelic","expansioncontent:Corrupt","Slimebound:Repurpose","Mummified Hand"],"campfire_rested":3,"item_purchase_floors":[26,38,43,43,53],"current_hp_per_floor":[60,60,57,57,57,57,57,59,56,46,46,41,41,41,29,16,60,60,42,29,29,29,47,47,30,42,31,41,44,78,73,72,34,80,80,73,67,66,66,73,73,73,68,64,76,78,78,80,65,58,80,39,54,78,0,0,0],"gold":31,"neow_bonus":"RANDOM_COMMON_RELIC","is_daily":false,"chose_seed":false,"campfire_upgraded":5,"win_rate":0.0,"timestamp":1610058575,"path_taken":["R","M","?","?","?","?","T","?","M","M","R","M","R","M","M","BOSS","R","?","M","?","?","R","T","E","?","?","?","?","R","M","M","BOSS","R","M","?","$","?","M","T","?","$","M","M","?","R","M","M","BOSS","E","$","R","BOSS"],"items_purchased_type":["Relic","Relic","Card","Card","Relic"],"build_version":"2020-12-22","purchased_purges":1,"victory":false,"max_hp_per_floor":[60,60,60,60,60,60,60,60,60,60,60,60,60,60,60,60,60,60,60,60,60,60,60,60,60,60,60,70,70,80,80,80,80,80,80,80,80,80,80,80,80,80,80,80,80,80,80,80,80,80,80,80,80,80,80,80,80],"card_choices":[{"not_picked":["Slimebound:SpikyOuterGoop","Slimebound:LeechingTouch"],"picked":"Slimebound:SplitAcid","floor":2.0},{"not_picked":["Slimebound:GoopSpray","Slimebound:LeechEnergy"],"picked":"Slimebound:ProtectTheBoss","floor":8.0},{"not_picked":["Slimebound:LeechingTouch","Slimebound:GoopSpray"],"picked":"Slimebound:SplitAcid","floor":9.0},{"not_picked":["Slimebound:GrowthPunch","Slimebound:RollThrough"],"picked":"Slimebound:LevelUp","floor":10.0},{"not_picked":["Slimebound:SlimeTap","Slimebound:SamplingLick"],"picked":"Slimebound:CheckThePlaybook","floor":12.0},{"not_picked":["Slimebound:ServeAndProtect","Slimebound:SlimeTap"],"picked":"Slimebound:LeadByExample","floor":14.0},{"not_picked":["Slimebound:GrowthPunch","Slimebound:RollThrough","Slimebound:ViciousTackle"],"picked":"SKIP","floor":15.0},{"not_picked":["Slimebound:Darklings","Slimebound:DuplicatedForm"],"picked":"Slimebound:MinionMaster","floor":16.0},{"not_picked":[],"picked":"Slimebound:ForwardTackle+1","floor":19.0},{"not_picked":[],"picked":"Slimebound:ServeAndProtect","floor":20.0},{"not_picked":[],"picked":"Slimebound:SlimeSpikes","floor":25.0},{"not_picked":[],"picked":"Slimebound:SplitLeeching+1","floor":26.0},{"not_picked":[],"picked":"Slimebound:SplitAcid","floor":29.0},{"not_picked":["Slimebound:ViciousTackle"],"picked":"SKIP","floor":31.0},{"not_picked":[],"picked":"Slimebound:FirmFortitude","floor":32.0},{"not_picked":[],"picked":"Slimebound:RallyTheTroops","floor":33.0},{"not_picked":[],"picked":"Slimebound:AcidTongue","floor":36.0},{"not_picked":[],"picked":"Slimebound:SplitAcid+1","floor":37.0},{"not_picked":[],"picked":"Slimebound:SlimeSlap","floor":38.0},{"not_picked":["Slimebound:LeechEnergy"],"picked":"SKIP","floor":40.0},{"not_picked":[],"picked":"Slimebound:SplitMire+1","floor":43.0},{"not_picked":[],"picked":"Slimebound:Prepare+1","floor":44.0},{"not_picked":[],"picked":"Slimebound:SplitBruiser+1","floor":45.0},{"not_picked":[],"picked":"Slimebound:GoopSpray+1","floor":48.0},{"not_picked":[],"picked":"Slimebound:ComboTackle+1","floor":49.0},{"not_picked":[],"picked":"Slimebound:DivideAndConquer+1","floor":52}],"player_experience":115859,"relics_obtained":[{"floor":7.0,"key":"MealTicket"},{"floor":24.0,"key":"Meat on the Bone"},{"floor":25.0,"key":"Bottled Flame"},{"floor":27.0,"key":"Red Mask"},{"floor":28.0,"key":"Pear"},{"floor":37.0,"key":"Thread and Needle"},{"floor":41.0,"key":"PreservedInsect"},{"floor":41.0,"key":"Bird Faced Urn"},{"floor":46.0,"key":"downfall:GremlinSack"},{"floor":52,"key":"Nunchaku"}],"event_choices":[{"damage_healed":0.0,"max_hp_gain":0.0,"max_hp_loss":0.0,"gold_gain":0.0,"event_name":"Scrap Ooze","player_choice":"Success","floor":3.0,"gold_loss":0.0,"damage_taken":3.0,"relics_obtained":["Vajra"]},{"damage_healed":0.0,"max_hp_gain":0.0,"max_hp_loss":0.0,"gold_gain":0.0,"event_name":"Lab","player_choice":"Got Potions","floor":6.0,"gold_loss":0.0,"damage_taken":0.0},{"cards_removed":["Regret"],"damage_healed":0.0,"max_hp_gain":0.0,"max_hp_loss":0.0,"gold_gain":0.0,"event_name":"Back to Basics","player_choice":"Elegance","floor":22.0,"gold_loss":0.0,"damage_taken":0.0},{"damage_healed":0.0,"max_hp_gain":0.0,"max_hp_loss":0.0,"gold_gain":0.0,"event_name":"Masked Bandits","player_choice":"Fought Bandits","floor":27.0,"gold_loss":0.0,"damage_taken":0.0},{"damage_healed":0.0,"max_hp_gain":0.0,"max_hp_loss":0.0,"gold_gain":0.0,"event_name":"Upgrade Shrine","player_choice":"Upgraded","floor":39.0,"gold_loss":0.0,"damage_taken":0.0,"cards_upgraded":["Slimebound:LeadByExample"]}],"is_beta":false,"boss_relics":[{"not_picked":["Runic Pyramid","Astrolabe"],"picked":"Busted Crown"},{"not_picked":["Pandora\u0027s Box","Empty Cage"],"picked":"Slimebound:AbsorbEndCombatUpgraded"}],"items_purged_floors":[26],"is_endless":false,"potions_floor_spawned":[9,10,14,16,25,29,31,33,37,44,45,46,48,52],"killed_by":"downfall:NeowBoss","ascension_level":0}}