{"host":"wg33yb1rgt3nbe17","time":1610005356,"event":{"mods":["AchievementEnabler","BaseMod","Colored Map","Minty Spire (QoL Compilation)","Permanent Neow","Relic Stats","StSLib"],"gold_per_floor":[117,127,137,212,19,19,44,44,69,98,98,98,124,154,166,252,264,292,323,347,385,414,426,470,482,494,506,536,548,560,280,280,358,358,375,375,1,1,11,11,233,268,268,268,268,143,143,154,154,154],"floor_reached":51,"playtime":1478,"items_purged":["Strike_R","Strike_R","Defend_R"],"score":1312,"play_id":"45eea216-e18f-45ce-a649-bd3f8e091493","local_time":"20210107024236","is_ascension_mode":true,"campfire_choices":[{"data":"Infernal Blade","floor":6,"key":"SMITH"},{"data":"Uppercut","floor":8,"key":"SMITH"},{"data":"Whirlwind","floor":11,"key":"SMITH"},{"floor":15,"key":"REST"},{"data":"Whirlwind","floor":23,"key":"SMITH"},{"floor":25,"key":"REST"},{"data":"Offering","floor":27,"key":"SMITH"},{"floor":30,"key":"REST"},{"data":"True Grit","floor":32,"key":"SMITH"},{"floor":40,"key":"REST"},{"floor":45,"key":"REST"},{"data":"Bloodletting","floor":49,"key":"SMITH"}],"circlet_count":0,"master_deck":["AscendersBane","Strike_R","Strike_R","Defend_R","Defend_R","Defend_R","Bash","Ghostly Armor","Infernal Blade+1","Shrug It Off","Shrug It Off","Uppercut+1","Whirlwind+1","Headbutt","Whirlwind+1","Offering+1","Burning Pact","True Grit+1","Inflame","Intimidate","Bloodletting+1","Rage"],"relics":["Black Blood","Lantern","Blood Vial","Art of War","Ancient Tea Set","Bag of Marbles","MawBank","Red Mask","Regal Pillow","Lizard Tail","Akabeko","Busted Crown","Vajra","Bag of Preparation","Bottled Lightning","Sundial"],"acts_visited":["Exordium","TheCity","TheBeyond"],"potions_floor_usage":[10,16,16,22,24,24,33,36,50],"damage_taken":[{"damage":9,"enemies":"Jaw Worm","floor":1,"turns":3},{"damage":0,"enemies":"Small Slimes","floor":2,"turns":3},{"damage":0,"enemies":"Cultist","floor":3,"turns":2},{"damage":32,"enemies":"Gremlin Nob","floor":7,"turns":4},{"damage":12,"enemies":"3 Sentries","floor":10,"turns":7},{"damage":16,"enemies":"2 Fungi Beasts","floor":13,"turns":3},{"damage":0,"enemies":"Looter","floor":14,"turns":4},{"damage":30,"enemies":"Hexaghost","floor":16,"turns":5},{"damage":21,"enemies":"Shell Parasite","floor":18,"turns":5},{"damage":6,"enemies":"Chosen","floor":19,"turns":3},{"damage":31,"enemies":"Snecko","floor":20,"turns":5},{"damage":6,"enemies":"Masked Bandits","floor":21,"turns":1},{"damage":24,"enemies":"Cultist and Chosen","floor":22,"turns":4},{"damage":28,"enemies":"Book of Stabbing","floor":24,"turns":4},{"damage":52,"enemies":"3 Cultists","floor":28,"turns":5},{"damage":78,"enemies":"Collector","floor":33,"turns":6},{"damage":14,"enemies":"3 Shapes","floor":35,"turns":1},{"damage":35,"enemies":"2 Orb Walkers","floor":36,"turns":3},{"damage":16,"enemies":"Orb Walker","floor":39,"turns":3},{"damage":72,"enemies":"Reptomancer","floor":42,"turns":6},{"damage":6,"enemies":"Jaw Worm Horde","floor":48,"turns":1},{"damage":58,"enemies":"Donu and Deca","floor":50,"turns":7}],"seed_played":"5363573614725730902","potions_obtained":[{"floor":2,"key":"PowerPotion"},{"floor":3,"key":"Strength Potion"},{"floor":7,"key":"DuplicationPotion"},{"floor":14,"key":"BlessingOfTheForge"},{"floor":18,"key":"Energy Potion"},{"floor":19,"key":"SpeedPotion"},{"floor":22,"key":"Energy Potion"},{"floor":28,"key":"SmokeBomb"},{"floor":39,"key":"HeartOfIron"}],"is_trial":false,"path_per_floor":["M","M","M","?","$","R","E","R","T","E","R","?","M","M","R","B",null,"M","M","M","?","M","R","E","R","T","R","M","?","R","$","R","B",null,"M","?","$","?","M","R","?","E","T","?","R","$","T","M","R","B",null],"character_chosen":"IRONCLAD","items_purchased":["Blood Vial","Shrug It Off","Akabeko","Energy Potion","SmokeBomb","Vajra"],"campfire_rested":5,"item_purchase_floors":[5,5,31,31,37,37],"current_hp_per_floor":[65,71,75,64,64,64,40,40,40,36,36,18,10,18,40,18,61,54,62,45,53,43,43,29,66,66,66,28,28,65,65,65,49,69,69,48,48,48,46,75,75,15,15,15,52,52,52,60,60,16],"gold":154,"neow_bonus":"RANDOM_COMMON_RELIC","is_daily":false,"chose_seed":false,"campfire_upgraded":7,"win_rate":0.0,"timestamp":1610005356,"path_taken":["M","M","M","?","$","R","E","R","T","E","R","?","M","M","R","BOSS","M","M","M","?","M","R","E","R","T","R","M","?","R","?","R","BOSS","M","?","$","?","?","R","?","E","T","?","R","$","?","M","R","BOSS"],"items_purchased_type":["Relic","Card","Relic","Potion","Potion","Relic"],"build_version":"2020-12-22","purchased_purges":3,"victory":true,"max_hp_per_floor":[75,75,75,75,75,75,75,75,75,75,75,75,75,75,75,75,75,75,75,75,75,75,75,75,75,75,75,75,75,75,75,75,75,75,75,75,75,75,75,75,75,75,75,75,75,75,75,75,75,75],"relic_stats":{"Blood Vial":36,"Regal Pillow":52,"Lizard Tail":37,"Busted Crown":8,"counters":[22,85],"Sundial":[0],"Black Blood":214,"Art of War":[1],"Bag of Preparation":[4],"MawBank":228,"obtain_stats":[{"Lantern":0,"Regal Pillow":24,"Black Blood":17,"Vajra":37,"Bag of Preparation":42,"Ancient Tea Set":9,"MawBank":12,"Burning Blood":0,"Akabeko":31,"Blood Vial":5,"Lizard Tail":26,"Busted Crown":34,"Sundial":47,"Art of War":7,"Bag of Marbles":10,"Red Mask":21,"Bottled Lightning":43},{"Lantern":0,"Regal Pillow":14,"Black Blood":8,"Vajra":18,"Bag of Preparation":20,"Ancient Tea Set":4,"MawBank":5,"Burning Blood":0,"Akabeko":15,"Blood Vial":3,"Lizard Tail":14,"Busted Crown":16,"Sundial":20,"Art of War":4,"Bag of Marbles":5,"Red Mask":12,"Bottled Lightning":20},{"Lantern":0,"Regal Pillow":53,"Black Blood":31,"Vajra":68,"Bag of Preparation":77,"Ancient Tea Set":12,"MawBank":19,"Burning Blood":0,"Akabeko":58,"Blood Vial":8,"Lizard Tail":53,"Busted Crown":64,"Sundial":77,"Art of War":12,"Bag of Marbles":19,"Red Mask":45,"Bottled Lightning":77}]},"card_choices":[{"not_picked":["True Grit","Rupture"],"picked":"Ghostly Armor","floor":1},{"not_picked":["Warcry","Perfected Strike"],"picked":"Infernal Blade","floor":2},{"not_picked":["Thunderclap","Perfected Strike"],"picked":"Shrug It Off","floor":3},{"not_picked":["Sentinel","Heavy Blade"],"picked":"Uppercut","floor":7},{"not_picked":["Metallicize","Wild Strike"],"picked":"Whirlwind","floor":10},{"not_picked":["Burning Pact","Sword Boomerang"],"picked":"Headbutt","floor":13},{"not_picked":["Body Slam","Armaments"],"picked":"Whirlwind","floor":14},{"not_picked":["Feed","Exhume"],"picked":"Offering","floor":16},{"not_picked":["Sword Boomerang","Body Slam"],"picked":"Burning Pact","floor":18},{"not_picked":["Entrench","Body Slam"],"picked":"True Grit","floor":19},{"not_picked":["Havoc","Cleave"],"picked":"Inflame","floor":20},{"not_picked":["Thunderclap","Cleave","Clothesline+1"],"picked":"SKIP","floor":22},{"not_picked":["Headbutt","Body Slam"],"picked":"Intimidate","floor":24},{"not_picked":["Rupture+1","Cleave","Berserk"],"picked":"SKIP","floor":28},{"not_picked":["Immolate","Berserk"],"picked":"Brutality","floor":33},{"not_picked":["Heavy Blade"],"picked":"SKIP","floor":35},{"not_picked":["Entrench"],"picked":"SKIP","floor":39},{"not_picked":["Dark Embrace"],"picked":"SKIP","floor":42},{"not_picked":["Clothesline+1"],"picked":"SKIP","floor":48}],"player_experience":554937,"relics_obtained":[{"floor":7,"key":"Art of War"},{"floor":9,"key":"Ancient Tea Set"},{"floor":10,"key":"Bag of Marbles"},{"floor":21,"key":"Red Mask"},{"floor":24,"key":"Regal Pillow"},{"floor":26,"key":"Lizard Tail"},{"floor":42,"key":"Bag of Preparation"},{"floor":43,"key":"Bottled Lightning"},{"floor":47,"key":"Sundial"}],"event_choices":[{"damage_healed":0,"gold_gain":75,"player_choice":"Gather Gold","damage_taken":11,"max_hp_gain":0,"max_hp_loss":0,"event_name":"World of Goop","floor":4,"gold_loss":0},{"damage_healed":0,"gold_gain":0,"player_choice":"Success","damage_taken":18,"relics_obtained":["MawBank"],"max_hp_gain":0,"max_hp_loss":0,"event_name":"Scrap Ooze","floor":12,"gold_loss":0},{"damage_healed":0,"gold_gain":0,"player_choice":"Fought Bandits","damage_taken":0,"max_hp_gain":0,"max_hp_loss":0,"event_name":"Masked Bandits","floor":21,"gold_loss":0},{"damage_healed":0,"gold_gain":0,"player_choice":"Read","damage_taken":0,"max_hp_gain":0,"max_hp_loss":0,"event_name":"The Library","floor":29,"gold_loss":0,"cards_obtained":["Bloodletting"]},{"damage_healed":0,"gold_gain":0,"player_choice":"Fight","damage_taken":0,"max_hp_gain":0,"max_hp_loss":0,"event_name":"Mysterious Sphere","floor":36,"gold_loss":0},{"damage_healed":0,"gold_gain":0,"cards_transformed":["Strike_R"],"player_choice":"Transformed","damage_taken":0,"max_hp_gain":0,"max_hp_loss":0,"event_name":"Transmorgrifier","floor":38,"gold_loss":0,"cards_obtained":["Rage"]},{"damage_healed":0,"gold_gain":222,"player_choice":"Wore Mask","damage_taken":0,"max_hp_gain":0,"max_hp_loss":0,"event_name":"Tomb of Lord Red Mask","floor":41,"gold_loss":0},{"cards_removed":["Brutality"],"damage_healed":0,"gold_gain":0,"player_choice":"Removed Power","damage_taken":0,"max_hp_gain":0,"max_hp_loss":0,"event_name":"Falling","floor":44,"gold_loss":0}],"is_beta":false,"boss_relics":[{"not_picked":["SacredBark","Runic Pyramid"],"picked":"Black Blood"},{"not_picked":["Black Star","SlaversCollar"],"picked":"Busted Crown"}],"items_purged_floors":[31,37,46],"is_endless":false,"potions_floor_spawned":[2,3,7,14,18,19,22,28,39,42],"ascension_level":18}}