{"host":"a4s27ghlnr83kbqz","time":1610020633,"event":{"mods":["AchievementEnabler","BaseMod","Colored Map","Minty Spire (QoL Compilation)","Permanent Neow","SuperFastMode"],"gold_per_floor":[118,136,150,164,178,208,208,226,226,226,252,263,283,293,293,367,417,430,430,430],"floor_reached":19,"playtime":425,"items_purged":[],"score":370,"play_id":"b331d3dd-e51d-4ed7-98e4-3c17d2d8279a","local_time":"20210107195713","is_ascension_mode":true,"campfire_choices":[{"data":"Immolate","floor":7,"key":"SMITH"},{"data":"Bloodletting","floor":10,"key":"SMITH"},{"data":"Fire Breathing","floor":15,"key":"SMITH"}],"circlet_count":0,"master_deck":["AscendersBane","Strike_R","Strike_R","Strike_R","Strike_R","Strike_R","Defend_R+1","Defend_R","Defend_R","Defend_R","Bash","Immolate+1","Shrug It Off","Pommel Strike","Bloodletting+1","Carnage","Shrug It Off","Fire Breathing+1","Second Wind","Body Slam","Brutality","Feel No Pain"],"relics":["Burning Blood","PreservedInsect","Ornamental Fan","Red Skull","Tiny House"],"acts_visited":["Exordium","TheCity"],"potions_floor_usage":[16,19],"damage_taken":[{"damage":1,"enemies":"Cultist","floor":1,"turns":3},{"damage":7,"enemies":"Small Slimes","floor":2,"turns":2},{"damage":4,"enemies":"Jaw Worm","floor":3,"turns":2},{"damage":0,"enemies":"3 Louse","floor":4,"turns":1},{"damage":4,"enemies":"Lots of Slimes","floor":5,"turns":2},{"damage":15,"enemies":"3 Sentries","floor":6,"turns":4},{"damage":9,"enemies":"Looter","floor":8,"turns":3},{"damage":24,"enemies":"Lagavulin","floor":11,"turns":5},{"damage":3,"enemies":"Blue Slaver","floor":12,"turns":2},{"damage":12,"enemies":"Exordium Wildlife","floor":13,"turns":2},{"damage":3,"enemies":"3 Louse","floor":14,"turns":4},{"damage":23,"enemies":"Slime Boss","floor":16,"turns":7},{"damage":24,"enemies":"2 Thieves","floor":18,"turns":4},{"damage":55,"enemies":"Masked Bandits","floor":19,"turns":4}],"seed_played":"-5696177132550279632","potions_obtained":[{"floor":1,"key":"Dexterity Potion"},{"floor":2,"key":"AttackPotion"},{"floor":16,"key":"Ancient Potion"},{"floor":17,"key":"CultistPotion"}],"is_trial":false,"path_per_floor":["M","M","M","M","M","E","R","M","T","R","E","M","M","M","R","B",null,"M","?"],"character_chosen":"IRONCLAD","items_purchased":[],"campfire_rested":0,"item_purchase_floors":[],"current_hp_per_floor":[73,72,74,75,75,66,66,63,63,63,45,48,42,45,45,28,68,50,0,0],"gold":430,"neow_bonus":"ONE_RANDOM_RARE_CARD","is_daily":false,"chose_seed":false,"campfire_upgraded":3,"win_rate":0.0,"timestamp":1610020633,"path_taken":["M","M","M","M","M","E","R","M","T","R","E","M","M","M","R","BOSS","M","?"],"items_purchased_type":[],"build_version":"2020-12-22","purchased_purges":0,"victory":false,"max_hp_per_floor":[75,75,75,75,75,75,75,75,75,75,75,75,75,75,75,75,80,80,80,80],"card_choices":[{"not_picked":["Burning Pact","Clash","Spot Weakness"],"picked":"SKIP","floor":1},{"not_picked":["Body Slam","Sentinel"],"picked":"Shrug It Off","floor":2},{"not_picked":["Clash","Havoc"],"picked":"Pommel Strike","floor":3},{"not_picked":["Body Slam","Sword Boomerang","Perfected Strike"],"picked":"SKIP","floor":4},{"not_picked":["Burning Pact","Twin Strike"],"picked":"Bloodletting","floor":5},{"not_picked":["Flex","Feel No Pain"],"picked":"Carnage","floor":6},{"not_picked":["Intimidate","Clash"],"picked":"Shrug It Off","floor":8},{"not_picked":["Entrench","Clash"],"picked":"Fire Breathing","floor":11},{"not_picked":["Clothesline","Clash"],"picked":"Second Wind","floor":12},{"not_picked":["Barricade","Armaments","Clash"],"picked":"SKIP","floor":13},{"not_picked":["Iron Wave","Clash"],"picked":"Body Slam","floor":14},{"not_picked":["Demon Form","Exhume"],"picked":"Brutality","floor":16},{"not_picked":["Whirlwind","Flex"],"picked":"Feel No Pain","floor":17},{"not_picked":["Sword Boomerang","Clothesline","Armaments"],"picked":"SKIP","floor":18}],"player_experience":1086490,"relics_obtained":[{"floor":6,"key":"PreservedInsect"},{"floor":9,"key":"Ornamental Fan"},{"floor":11,"key":"Red Skull"}],"event_choices":[{"damage_healed":0,"gold_gain":0,"player_choice":"Fought Bandits","damage_taken":0,"max_hp_gain":0,"max_hp_loss":0,"event_name":"Masked Bandits","floor":19,"gold_loss":0}],"is_beta":false,"boss_relics":[{"not_picked":["Velvet Choker","Runic Pyramid"],"picked":"Tiny House"}],"items_purged_floors":[],"is_endless":false,"potions_floor_spawned":[1,2,5,6,13,16,18],"killed_by":"Masked Bandits","ascension_level":20}}