{"host":"jtxptf9isiqyc7jm","time":1610039347,"event":{"mods":["Act Like it!","BaseMod","Bestiary","BetterRewards","Colored Powertips","Custom Start","Downfall","Friendly Minions","Hermit","Hubris","Infinite Spire","Jorbs\u0027s Wanderer Trilogy","Kiyohime????","Koishi","Lobotomy","Marisa????????","Minty Spire (QoL Compilation)","Prisma Mod","Remilia??????","Replay The Spire","Shop Mod","StSLib","The Construct","The Cursed","The Disciple","The Hierophant","The Jungle","The Runesmith","The Senshi","The Servant 0.9.4"],"gold_per_floor":[115,115,135,149,201,229,229,246,246,246,246,246,259,272,272,272,272],"floor_reached":16,"playtime":724,"items_purged":[],"score":102,"play_id":"d999c069-a7f5-43ad-8565-e5fc4453ae78","local_time":"20210107170907","is_ascension_mode":false,"campfire_choices":[{"floor":7,"key":"REST"},{"data":"Outmaneuver","floor":10,"key":"SMITH"},{"data":"Jack Of All Trades","floor":12,"key":"SMITH"},{"floor":15,"key":"REST"}],"circlet_count":0,"master_deck":["Strike_G","Strike_G","Strike_G","Strike_G","Strike_G","Defend_G","Defend_G","Defend_G","Defend_G","Defend_G","Survivor","Neutralize","Jack Of All Trades+1","Escape Plan+1","Cloak And Dagger","Riddle With Holes","Poisoned Stab","Crippling Poison","Outmaneuver+1","Accuracy+1","Deadly Poison"],"relics":["Ring of the Snake","Frozen Egg 2","WingedGreaves"],"acts_visited":["Exordium"],"potions_floor_usage":[6,6,16,16],"damage_taken":[{"damage":7,"enemies":"2 Louse","floor":1,"turns":4},{"damage":0,"enemies":"Small Slimes","floor":3,"turns":3},{"damage":0,"enemies":"Jaw Worm","floor":4,"turns":6},{"damage":10,"enemies":"Gremlin Nob","floor":6,"turns":5},{"damage":0,"enemies":"2 Fungi Beasts","floor":8,"turns":2},{"damage":3,"enemies":"Large Slime","floor":13,"turns":6},{"damage":8,"enemies":"Lots of Slimes","floor":14,"turns":3},{"damage":72,"enemies":"Slime Boss","floor":16,"turns":10}],"seed_played":"-8485808779770189571","potions_obtained":[{"floor":1,"key":"FearPotion"},{"floor":3,"key":"LifebloodPotion"},{"floor":5,"key":"LifebloodPotion"},{"floor":5,"key":"Guardian:BlockOnCardUsePotion"},{"floor":5,"key":"DuplicationPotion"},{"floor":8,"key":"LiquidMemories"},{"floor":14,"key":"Block Potion"}],"is_trial":false,"path_per_floor":["M","?","M","M","?","E","R","M","T","R","?","R","M","M","R","B"],"character_chosen":"THE_SILENT","items_purchased":[],"campfire_rested":2,"item_purchase_floors":[],"current_hp_per_floor":[63,63,63,63,46,36,57,57,57,57,57,57,54,46,67,0,0],"gold":272,"neow_bonus":"RANDOM_COLORLESS","is_daily":false,"chose_seed":false,"campfire_upgraded":2,"win_rate":0.0,"timestamp":1610039347,"path_taken":["M","?","M","M","?","E","R","M","T","R","?","R","?","M","R","BOSS"],"items_purchased_type":[],"build_version":"2020-12-22","purchased_purges":0,"victory":false,"max_hp_per_floor":[70,70,70,70,70,70,70,70,70,70,70,70,70,70,70,70,70],"card_choices":[{"not_picked":["Replay:SS_forest_2","expansioncontent:SlimeTackle"],"picked":"Jack Of All Trades","floor":0},{"not_picked":["PiercingWail","Blade Dance"],"picked":"Infinite Blades","floor":1},{"not_picked":["Hidden Blade","Deflect"],"picked":"Cloak And Dagger","floor":3},{"not_picked":["Calculated Gamble","Flying Knee"],"picked":"Riddle With Holes","floor":4},{"not_picked":["Sucker Punch","Predator"],"picked":"Poisoned Stab","floor":5},{"not_picked":["Deflect","Acrobatics"],"picked":"Crippling Poison","floor":6},{"not_picked":["Crippling Poison","Cloak And Dagger"],"picked":"Outmaneuver","floor":8},{"not_picked":["Storm of Steel","Blade Dance"],"picked":"Accuracy+1","floor":13},{"not_picked":["Backflip","Poisoned Stab"],"picked":"Deadly Poison","floor":14}],"player_experience":123337,"relics_obtained":[{"floor":6,"key":"Frozen Egg 2"},{"floor":9,"key":"WingedGreaves"}],"event_choices":[{"damage_healed":0,"gold_gain":0,"player_choice":"Ignored","damage_taken":0,"max_hp_gain":0,"max_hp_loss":0,"event_name":"Liars Game","floor":11,"gold_loss":0}],"is_beta":false,"boss_relics":[],"items_purged_floors":[],"is_endless":false,"potions_floor_spawned":[1,3,8,14],"killed_by":"Slime Boss","ascension_level":0}}