{"host":"mdbnki27vzqujy5q","time":1610001075,"event":{"mods":["BaseMod","Colored Powertips","Minty Spire (QoL Compilation)","Quick Restart"],"gold_per_floor":[114,114,114,134,149,182,182,182,253,253,24,24,24,41,41,138,138,149,49,66,66,66,97,197,215,215,215,314,314,341,341,341],"floor_reached":31,"playtime":1139,"items_purged":["Strike_G","Defend_G"],"score":309,"play_id":"0636d0ba-d52e-4c1a-99c6-ca6d3c3e3fd0","local_time":"20210106223115","is_ascension_mode":true,"campfire_choices":[{"data":"Predator","floor":7.0,"key":"SMITH"},{"data":"Neutralize","floor":10,"key":"SMITH"},{"data":"Dagger Throw","floor":13,"key":"SMITH"},{"data":"Dagger Spray","floor":15,"key":"SMITH"},{"data":"Tools of the Trade","floor":29,"key":"SMITH"}],"circlet_count":0,"master_deck":["Strike_G","Strike_G","Strike_G+1","Strike_G","Defend_G","Defend_G","Defend_G","Survivor","Neutralize+1","Blade Dance","Dagger Spray+1","Dagger Throw+1","Predator+1","Underhanded Strike","Tools of the Trade+1","Quick Slash+1","Infinite Blades","Caltrops","Slice"],"relics":["Coffee Dripper","Juzu Bracelet","Shuriken","Gremlin Horn","Bronze Scales","WristBlade","Potion Belt","Mummified Hand","Whetstone"],"acts_visited":["Exordium","TheCity"],"potions_floor_usage":[30,31],"damage_taken":[{"damage":0.0,"enemies":"Small Slimes","floor":1.0,"turns":4.0},{"damage":2.0,"enemies":"2 Louse","floor":4.0,"turns":2.0},{"damage":1.0,"enemies":"Cultist","floor":5.0,"turns":3.0},{"damage":21.0,"enemies":"Lagavulin","floor":6.0,"turns":8.0},{"damage":0,"enemies":"3 Louse","floor":14,"turns":1},{"damage":29,"enemies":"Hexaghost","floor":16,"turns":6},{"damage":13,"enemies":"3 Byrds","floor":18,"turns":3},{"damage":9,"enemies":"2 Thieves","floor":20,"turns":2},{"damage":10,"enemies":"Gremlin Leader","floor":23,"turns":3},{"damage":20,"enemies":"Centurion and Healer","floor":25,"turns":2},{"damage":0,"enemies":"Book of Stabbing","floor":30,"turns":3},{"damage":10,"enemies":"Snake Plant","floor":31,"turns":1}],"seed_played":"6691098577154307091","potions_obtained":[{"floor":1.0,"key":"Poison Potion"},{"floor":4.0,"key":"CunningPotion"},{"floor":5.0,"key":"DistilledChaos"},{"floor":14,"key":"Energy Potion"},{"floor":20,"key":"SteroidPotion"},{"floor":25,"key":"PowerPotion"},{"floor":30,"key":"AttackPotion"}],"is_trial":false,"path_per_floor":["M","?","?","M","M","E","R","?","T","R","$","?","R","M","R","B",null,"M","$","M","$","?","E","?","M","T","?","?","R","E","M"],"character_chosen":"THE_SILENT","items_purchased":["Bronze Scales"],"campfire_rested":0,"item_purchase_floors":[11],"current_hp_per_floor":[70,63,63,61,60,39,39,39,39,39,39,62,62,62,62,33,70,57,57,48,48,48,38,38,18,18,6,6,6,6,0,0],"gold":341,"neow_bonus":"BOSS_RELIC","is_daily":false,"chose_seed":false,"campfire_upgraded":5,"win_rate":0.0,"timestamp":1610001075,"path_taken":["M","?","?","M","M","E","R","?","T","R","$","?","R","M","R","BOSS","M","$","M","$","?","E","?","M","T","?","?","R","E","M"],"items_purchased_type":["Relic"],"build_version":"2020-12-22","purchased_purges":2,"victory":false,"max_hp_per_floor":[70,70,70,70,70,70,70,70,70,70,70,70,70,70,70,70,70,70,70,70,70,70,70,70,70,70,70,70,70,70,70,70],"card_choices":[{"not_picked":["Eviscerate","Dodge and Roll"],"picked":"Blade Dance","floor":1.0},{"not_picked":["Reflex","Acrobatics"],"picked":"Dagger Spray","floor":4.0},{"not_picked":["Terror","Bane"],"picked":"Dagger Throw","floor":5.0},{"not_picked":["Poisoned Stab","Bouncing Flask"],"picked":"Predator","floor":6.0},{"not_picked":["Blur","Terror"],"picked":"Underhanded Strike","floor":14},{"not_picked":["Night Terror","Venomology"],"picked":"Tools of the Trade","floor":16},{"not_picked":["Dagger Throw","Acrobatics"],"picked":"Quick Slash","floor":18},{"not_picked":["Underhanded Strike","A Thousand Cuts"],"picked":"Infinite Blades","floor":20},{"not_picked":["Dagger Throw","Dagger Spray+1"],"picked":"Caltrops","floor":23},{"not_picked":["Prepared","Calculated Gamble"],"picked":"Slice","floor":25},{"not_picked":["Blade Dance","Masterful Stab+1","Bane"],"picked":"SKIP","floor":30}],"player_experience":35424,"relics_obtained":[{"floor":6.0,"key":"Shuriken"},{"floor":9,"key":"Gremlin Horn"},{"floor":23,"key":"Potion Belt"},{"floor":26,"key":"Mummified Hand"},{"floor":30,"key":"Whetstone"}],"event_choices":[{"cards_removed":["Defend_G"],"damage_healed":0.0,"max_hp_gain":0.0,"max_hp_loss":0.0,"gold_gain":0.0,"event_name":"Golden Wing","player_choice":"Card Removal","floor":2.0,"gold_loss":0.0,"damage_taken":7.0},{"damage_healed":0.0,"max_hp_gain":0.0,"max_hp_loss":0.0,"gold_gain":0.0,"event_name":"WeMeetAgain","player_choice":"Gave Potion","floor":3.0,"gold_loss":0.0,"damage_taken":0.0,"relics_obtained":["Juzu Bracelet"]},{"damage_healed":0,"gold_gain":0,"player_choice":"Fled","damage_taken":0,"max_hp_gain":0,"max_hp_loss":0,"event_name":"Scrap Ooze","floor":8,"gold_loss":0},{"damage_healed":23,"gold_gain":0,"player_choice":"Banana","damage_taken":0,"max_hp_gain":0,"max_hp_loss":0,"event_name":"Big Fish","floor":12,"gold_loss":0},{"damage_healed":0,"gold_gain":100,"player_choice":"Pray","damage_taken":0,"max_hp_gain":0,"max_hp_loss":0,"event_name":"Golden Shrine","floor":24,"gold_loss":0},{"damage_healed":0,"gold_gain":0,"player_choice":"POTION ","damage_taken":12,"max_hp_gain":0,"max_hp_loss":0,"event_name":"Knowing Skull","floor":27,"potions_obtained":["SneckoOil"],"gold_loss":0,"cards_obtained":[]},{"damage_healed":0,"gold_gain":99,"player_choice":"Stole From Cult","damage_taken":0,"max_hp_gain":0,"max_hp_loss":0,"event_name":"Nest","floor":28,"gold_loss":0}],"is_beta":false,"boss_relics":[{"not_picked":["SlaversCollar","Runic Dome"],"picked":"WristBlade"}],"items_purged_floors":[11,19],"is_endless":false,"potions_floor_spawned":[1,4,5,14,20,25,30],"killed_by":"Snake Plant","ascension_level":1}}