{"host":"acw864156wjp8gcv","time":1610063711,"event":{"mods":["2.2 Compatiblity","AchievementEnabler","Aspiration","BaseMod","Beaked The Cultist","Better Altar","Better Match","Better Note","Better Sensory Stone","Better Silent Start","Better Skull","Better Third Choice","Better Vampires","BetterRewards","Challenge The Spire","Colored Map","Colored Powertips","Conspire","Curses Come First","Downfall","Energized Spire","GifTheSpireLib","Halation","Hubris","Infinite Spire","Ironclad Rager","Jedi Mod","Mimic Mod","Minty Spire (QoL Compilation)","Permanent Neow","Relic Sorter","Replay The Spire","Shop Mod","Spicy Shops","Spikes Relics","StSLib","Stuff the Spire","The Blue Laboratory","The Construct","The Jungle","Wandering Minibosses","everything is the same but u backflip on backflip","vexMod"],"gold_per_floor":[110,110,174,224,235,235,253,283,321,334,334,384,398,462,462,582,582,597,597,686,736,802,842,863,903,903,939,939,977,1043,189,189,317,317,362,404,454,507,559,633,633,693,736,736,808,918,918,1021,1021,1021,1021,1021,314,368,368],"floor_reached":56,"playtime":2192,"items_purged":["construct:Defend_Gold+2"],"score":2650,"play_id":"30e78ede-9611-4461-8e90-bcbf7a8ef3da","local_time":"20210107175511","is_ascension_mode":true,"campfire_choices":[{"floor":6,"key":"RECALL"},{"data":"construct:ScopeCore","floor":11,"key":"SMITH"},{"data":"construct:LaserCore","floor":15,"key":"SMITH"},{"data":"infinitespire:NeuralNetwork","floor":28,"key":"SMITH"},{"data":"construct:Autoturret","floor":32,"key":"SMITH"},{"data":"construct:Autoturret+1","floor":41,"key":"SMITH"},{"data":"construct:LaserCore+1","floor":44,"key":"SMITH"},{"data":"construct:GuardCore","floor":47,"key":"SMITH"},{"data":"construct:GuardCore+1","floor":49,"key":"SMITH"},{"data":"construct:ForceCore","floor":52,"key":"SMITH"}],"circlet_count":0,"master_deck":["construct:Strike_Gold+2","construct:Strike_Gold+2","construct:Strike_Gold+2","construct:Strike_Gold+2","construct:Strike_Gold+2","construct:Defend_Gold+2","construct:Defend_Gold+2","construct:Defend_Gold+2","construct:Defend_Gold+2","construct:AttackMode+2","construct:ScopeCore+1","construct:LaserCore+2","infinitespire:NeuralNetwork+1","construct:ForceCore+1","construct:Autoturret+2","construct:GuardCore+2","construct:ScopeCore+1"],"relics":["construct:ClockworkPhoenix","SuspiciousGoo","conspire:RunicOctahedron","SsserpentHead","halation:PromiseList","infinitespire:Satchel","wanderingMiniBosses:AbyssPearl","Golden Idol","aspiration:PoetsPen_weak","hubris:TerracottaHorce","aspiration:Nostalgia","Sizzling Blood","hubris:MysteriousPyramids","Replay:Rubber Ducky","StuffTheSpire:Barrel","aspiration:FetidBarrel","jedi:heavyjacket","halation:Sosunser","Prayer Wheel","Bronze Scales","infinitespire:EvilPickle","Calling Bell","PreservedInsect","Mirror","aspiration:AnachronicSnailShell","beaked:SacredNecklace","Replay:Accelerometer","Golden Egg","hubris:Metronome","Whetstone","Pear","Bag of Marbles","jedi:firstaidkit"],"acts_visited":["Exordium","TheCity","TheBeyond","TheEnding"],"potions_floor_usage":[],"damage_taken":[{"damage":6,"enemies":"conspire:RoseBush","floor":1,"turns":2},{"damage":0,"enemies":"Cultist","floor":3,"turns":2},{"damage":0,"enemies":"Small Slimes","floor":5,"turns":2},{"damage":4,"enemies":"conspire:2 RoseBushes","floor":7,"turns":4},{"damage":0,"enemies":"Lagavulin","floor":8,"turns":4},{"damage":6,"enemies":"Red Slaver","floor":9,"turns":5},{"damage":0,"enemies":"Red Slaver","floor":10,"turns":1},{"damage":0,"enemies":"Blue Slaver","floor":13,"turns":2},{"damage":0,"enemies":"Large Slime","floor":14,"turns":2},{"damage":19,"enemies":"The Guardian","floor":16,"turns":4},{"damage":0,"enemies":"Shell Parasite","floor":18,"turns":1},{"damage":0,"enemies":"Spheric Guardian","floor":20,"turns":3},{"damage":0,"enemies":"Spheric Guardian","floor":22,"turns":1},{"damage":0,"enemies":"Gremlin Leader","floor":23,"turns":2},{"damage":0,"enemies":"Snake Plant","floor":24,"turns":2},{"damage":16,"enemies":"Slavers","floor":25,"turns":2},{"damage":0,"enemies":"Book of Stabbing","floor":27,"turns":2},{"damage":0,"enemies":"Slavers","floor":29,"turns":4},{"damage":0,"enemies":"Centurion and Healer","floor":30,"turns":3},{"damage":0,"enemies":"Pondfish","floor":33,"turns":4},{"damage":0,"enemies":"3 Darklings","floor":35,"turns":3},{"damage":0,"enemies":"Orb Walker","floor":36,"turns":2},{"damage":0,"enemies":"Writhing Mass","floor":38,"turns":2},{"damage":0,"enemies":"Spire Growth","floor":39,"turns":2},{"damage":3,"enemies":"Nightmare","floor":40,"turns":3},{"damage":0,"enemies":"4 Shapes","floor":42,"turns":3},{"damage":0,"enemies":"Maw","floor":43,"turns":2},{"damage":0,"enemies":"Maw","floor":45,"turns":2},{"damage":0,"enemies":"Nemesis","floor":48,"turns":3},{"damage":0,"enemies":"Time Eater","floor":50,"turns":5},{"damage":0,"enemies":"Shield and Spear","floor":54,"turns":2},{"damage":29,"enemies":"The Heart","floor":55,"turns":5}],"seed_played":"-4655635053778317498","potions_obtained":[{"floor":8,"key":"blueLaboratory:BottleOfRum"},{"floor":10,"key":"FearPotion"},{"floor":14,"key":"blueLaboratory:PyrophylliteBrew"}],"is_trial":false,"path_per_floor":["M","?","M","?","M","R","M","E","MIM","M","R","?","M","M","R","B",null,"M","AVR","MIM","?","M","E","M","E","T","E","R","E","M","$","R","B",null,"M","M","?","M","M","NM","R","M","MIM","R","M","?","R","E","R","B",null,"R","$","E","B",null],"character_chosen":"THE_CONSTRUCT_MOD","items_purchased":["jedi:heavyjacket","halation:Sosunser","construct:Autoturret","Prayer Wheel","Bronze Scales","Whetstone","Pear","Bag of Marbles","DuplicationPotion"],"campfire_rested":0,"item_purchase_floors":[31,31,31,31,31,53,53,53,53],"current_hp_per_floor":[79,79,79,79,79,79,75,75,69,69,69,48,48,48,48,29,85,85,85,89,89,89,89,89,77,77,81,81,85,89,89,89,89,89,89,89,67,67,67,67,67,67,67,67,67,67,67,67,67,67,67,67,77,77,55],"gold":368,"neow_bonus":"CURSED_BOSS_RELIC","is_daily":false,"chose_seed":false,"campfire_upgraded":9,"win_rate":0.0,"timestamp":1610063711,"path_taken":["M","?","?","?","M","R","M","E","MIM","M","R","?","M","?","R","BOSS","M","AVR","?","?","?","E","M","E","T","E","R","E","?","$","R","BOSS","M","M","?","M","M","NM","R","M","MIM","R","M","?","R","E","R","BOSS","R","$","E","BOSS"],"items_purchased_type":["Relic","Relic","Card","Relic","Relic","Relic","Relic","Relic","Potion"],"build_version":"2020-12-22","purchased_purges":1,"victory":true,"max_hp_per_floor":[85,85,85,85,85,85,85,85,85,85,85,85,85,85,85,85,85,85,85,89,89,89,89,89,89,89,89,89,89,89,89,89,89,89,89,89,67,67,67,67,67,67,67,67,67,67,67,67,67,67,67,67,77,77,77],"card_choices":[{"not_picked":["construct:Backfire","construct:SuppressiveFire","construct:Accumulate"],"picked":"SKIP","floor":1},{"not_picked":["construct:Anticipate","construct:FocusedBeam","construct:ModeShift"],"picked":"SKIP","floor":3},{"not_picked":["construct:ScrapCannon","construct:SuppressiveFire","construct:Analyze"],"picked":"SKIP","floor":5},{"not_picked":["construct:Enhance","construct:ChargeShot","construct:Anticipate"],"picked":"SKIP","floor":7},{"not_picked":["construct:HammerDown","construct:OneWayMirror"],"picked":"construct:ScopeCore","floor":8},{"not_picked":["construct:FocusedBeam","construct:HeavyBolt","construct:Analyze"],"picked":"SKIP","floor":10},{"not_picked":["construct:Forcefield","construct:ClusterMines"],"picked":"construct:LaserCore","floor":13},{"not_picked":["construct:SweepLaser","construct:HeavyBolt","construct:Isolate"],"picked":"SKIP","floor":14},{"not_picked":["construct:UnbalancingBlast","construct:SyphonStrike","construct:Construct_Overclock"],"picked":"SKIP","floor":18},{"not_picked":["construct:Boost+1","construct:Antimatter","construct:Dampening"],"picked":"SKIP","floor":22},{"not_picked":["construct:Autoturret","construct:LaserCore"],"picked":"construct:ForceCore","floor":23},{"not_picked":["construct:MetalShell","construct:SweepLaser","construct:SyphonStrike"],"picked":"SKIP","floor":24},{"not_picked":["construct:Analyze","construct:Reinforce","construct:GatlingGun"],"picked":"SKIP","floor":25},{"not_picked":["construct:Analyze","construct:VentSteam"],"picked":"construct:ModeShift","floor":27},{"not_picked":["construct:Versatility+1","construct:Accumulate","construct:VentSteam"],"picked":"SKIP","floor":29},{"not_picked":["construct:Backup","construct:ClusterMines","construct:HeavyBolt+1"],"picked":"SKIP","floor":30},{"not_picked":["construct:Versatility+1","construct:ScrapCannon+1","construct:VentSteam+1"],"picked":"SKIP","floor":35},{"not_picked":["construct:ElectricArmor","construct:Backfire+1","construct:ModeShift"],"picked":"SKIP","floor":35},{"not_picked":["construct:SuppressiveFire","construct:MassProduction","construct:Chainstrike+1"],"picked":"SKIP","floor":36},{"not_picked":["construct:ModeShift","construct:UnbalancingBlast","construct:FierceBash+1"],"picked":"SKIP","floor":36},{"not_picked":["construct:Autoturret+1","construct:ShiftStrike+1","construct:VentSteam"],"picked":"SKIP","floor":38},{"not_picked":["construct:HeavyBolt+1","construct:FierceBash+1","construct:ClusterMines+1"],"picked":"SKIP","floor":38},{"not_picked":["construct:SuppressiveFire","construct:ShiftStrike"],"picked":"construct:GuardCore","floor":39},{"not_picked":["construct:HastyRepair","construct:OneWayMirror+1","construct:Backup"],"picked":"SKIP","floor":39},{"not_picked":["construct:FocusedBeam+1","construct:Accumulate","construct:Chainstrike+1"],"picked":"SKIP","floor":40},{"not_picked":["construct:Accumulate","construct:Backup","construct:FierceBash+1"],"picked":"SKIP","floor":42},{"not_picked":["construct:SweepLaser","construct:Boost","construct:Hazardproof+1"],"picked":"SKIP","floor":42},{"not_picked":["construct:Anticipate+1","construct:MetalShell","construct:Failsafe"],"picked":"SKIP","floor":45},{"not_picked":["construct:SuppressiveFire","construct:Forcefield+1","construct:PointDefense+1"],"picked":"SKIP","floor":45},{"not_picked":["construct:Backfire","construct:Versatility+1"],"picked":"construct:ScopeCore+1","floor":48},{"not_picked":["construct:Reinforce+1","construct:Electrocute+1","construct:Boost"],"picked":"SKIP","floor":54}],"player_experience":130849,"relics_obtained":[{"floor":8,"key":"halation:PromiseList"},{"floor":9,"key":"infinitespire:Satchel"},{"floor":9,"key":"wanderingMiniBosses:AbyssPearl"},{"floor":20,"key":"aspiration:Nostalgia"},{"floor":23,"key":"hubris:MysteriousPyramids"},{"floor":25,"key":"Replay:Rubber Ducky"},{"floor":27,"key":"StuffTheSpire:Barrel"},{"floor":29,"key":"aspiration:FetidBarrel"},{"floor":34,"key":"PreservedInsect"},{"floor":34,"key":"Mirror"},{"floor":34,"key":"aspiration:AnachronicSnailShell"},{"floor":40,"key":"SuspiciousGoo"},{"floor":43,"key":"Replay:Accelerometer"},{"floor":46,"key":"Golden Egg"},{"floor":48,"key":"hubris:Metronome"},{"floor":54,"key":"jedi:firstaidkit"}],"event_choices":[{"damage_healed":0,"gold_gain":0,"player_choice":"Trade","damage_taken":0,"relics_obtained":["SsserpentHead"],"max_hp_gain":0,"max_hp_loss":0,"event_name":"FaceTrader","floor":2,"gold_loss":0},{"damage_healed":0,"gold_gain":0,"player_choice":"Take Damage","damage_taken":21,"relics_obtained":["Golden Idol"],"max_hp_gain":0,"max_hp_loss":0,"event_name":"Golden Idol","floor":12,"gold_loss":0},{"cards_removed":["construct:DefenseMode"],"damage_healed":0,"gold_gain":0,"player_choice":"Purged","damage_taken":0,"max_hp_gain":0,"max_hp_loss":0,"event_name":"Purifier","floor":21,"gold_loss":0}],"is_beta":false,"boss_relics":[{"not_picked":["Kintsugi","Empty Cage"],"picked":"aspiration:PoetsPen_weak"},{"not_picked":["vexMod:RockOfEvil","Busted Crown"],"picked":"Calling Bell"}],"items_purged_floors":[31],"is_endless":false,"potions_floor_spawned":[8,10,14,16,23,24,25,27,30,33,35,38,40,48],"ascension_level":8}}