{"host":"1c52r9kaxdyo25eq","time":1610035464,"event":{"mods":["AchievementEnabler","BaseMod","Minty Spire (QoL Compilation)","Rare Cards Sparkle","SuperFastMode","everything is the same but u backflip on backflip"],"gold_per_floor":[109,124,139,214,214,214,249,249,276,156,170,190,207,257,257,335,335,350,350,350],"floor_reached":19,"playtime":351,"items_purged":[],"score":338,"play_id":"92090d61-3cf8-4062-9fa0-02c9861d9764","local_time":"20210108010424","is_ascension_mode":true,"campfire_choices":[{"data":"Eruption","floor":6.0,"key":"SMITH"},{"data":"CrushJoints","floor":8.0,"key":"SMITH"},{"floor":15.0,"key":"REST"}],"circlet_count":0,"master_deck":["AscendersBane","Strike_P","Strike_P","Strike_P","Defend_P","Defend_P","Defend_P","Eruption+1","Vigilance","Adaptation","CrushJoints+1","Adaptation","Ragnarok"],"relics":["Sozu","Dream Catcher","Regal Pillow","Boot","Empty Cage"],"acts_visited":["Exordium","TheCity"],"potions_floor_usage":[],"damage_taken":[{"damage":0.0,"enemies":"2 Louse","floor":1.0,"turns":4.0},{"damage":2.0,"enemies":"Small Slimes","floor":2.0,"turns":3.0},{"damage":0.0,"enemies":"Cultist","floor":3.0,"turns":2.0},{"damage":16.0,"enemies":"Gremlin Nob","floor":7.0,"turns":3.0},{"damage":9.0,"enemies":"Looter","floor":11.0,"turns":3.0},{"damage":15.0,"enemies":"Red Slaver","floor":12.0,"turns":4.0},{"damage":12.0,"enemies":"3 Louse","floor":13.0,"turns":4.0},{"damage":35.0,"enemies":"Hexaghost","floor":16.0,"turns":7.0},{"damage":38.0,"enemies":"3 Byrds","floor":18.0,"turns":5.0},{"damage":6,"enemies":"Spheric Guardian","floor":19,"turns":3}],"seed_played":"1646969778744650714","potions_obtained":[],"is_trial":false,"path_per_floor":["M","M","M","?","?","R","E","R","T","?","M","M","M","?","R","B",null,"M","M"],"character_chosen":"WATCHER","items_purchased":[],"campfire_rested":1,"item_purchase_floors":[],"current_hp_per_floor":[61,59,59,48,53,53,37,37,37,37,28,13,1,1,37,2,55,17,11,11],"gold":350,"neow_bonus":"BOSS_RELIC","is_daily":false,"chose_seed":false,"campfire_upgraded":2,"win_rate":0.0,"timestamp":1610035464,"path_taken":["M","M","M","?","?","R","E","R","T","?","M","M","?","?","R","BOSS","M","M"],"items_purchased_type":[],"build_version":"2020-12-22","purchased_purges":0,"victory":false,"max_hp_per_floor":[68,68,68,68,73,73,73,73,73,73,73,73,73,73,73,73,73,73,73,73],"card_choices":[{"not_picked":["Protect","EmptyMind"],"picked":"Adaptation","floor":1.0},{"not_picked":["CutThroughFate","Vengeance","FlurryOfBlows"],"picked":"SKIP","floor":2.0},{"not_picked":["WreathOfFlame","JustLucky","Collect"],"picked":"SKIP","floor":3.0},{"not_picked":["WheelKick","DeceiveReality"],"picked":"CrushJoints","floor":7.0},{"not_picked":["PathToVictory","Adaptation","WaveOfTheHand"],"picked":"SKIP","floor":11.0},{"not_picked":["PathToVictory","WaveOfTheHand"],"picked":"Adaptation","floor":11.0},{"not_picked":["BowlingBash","Prostrate","LikeWater"],"picked":"SKIP","floor":12.0},{"not_picked":["FlyingSleeves","PathToVictory","SashWhip"],"picked":"SKIP","floor":13.0},{"not_picked":["SpiritShield","ConjureBlade"],"picked":"Ragnarok","floor":16.0},{"not_picked":["Wireheading","EmptyBody","WaveOfTheHand+1"],"picked":"SKIP","floor":18.0}],"player_experience":556439,"relics_obtained":[{"floor":7.0,"key":"Dream Catcher"},{"floor":9.0,"key":"Regal Pillow"}],"event_choices":[{"damage_healed":0.0,"max_hp_gain":0.0,"max_hp_loss":0.0,"gold_gain":75.0,"event_name":"World of Goop","player_choice":"Gather Gold","floor":4.0,"gold_loss":0.0,"damage_taken":11.0},{"damage_healed":0.0,"max_hp_gain":5.0,"max_hp_loss":0.0,"gold_gain":0.0,"event_name":"Big Fish","player_choice":"Donut","floor":5.0,"gold_loss":0.0,"damage_taken":0.0},{"damage_healed":0.0,"max_hp_gain":0.0,"max_hp_loss":0.0,"gold_gain":0.0,"event_name":"WeMeetAgain","player_choice":"Paid Gold","floor":10.0,"gold_loss":120.0,"damage_taken":0.0,"relics_obtained":["Boot"]},{"damage_healed":0.0,"max_hp_gain":0.0,"max_hp_loss":0.0,"gold_gain":50.0,"event_name":"Golden Shrine","player_choice":"Pray","floor":14.0,"gold_loss":0.0,"damage_taken":0.0}],"is_beta":false,"boss_relics":[{"not_picked":["Ectoplasm","Cursed Key"],"picked":"Empty Cage"}],"items_purged_floors":[],"is_endless":false,"potions_floor_spawned":[2,12,13],"killed_by":"Spheric Guardian","ascension_level":20}}