{"host":"69bxgjr0sv0a6xc4","time":1610032936,"event":{"mods":["Act Like it!","BaseMod","Better Altar","Better Match","Better Note","Better Sensory Stone","Better Skull","Better Third Choice","BetterRewards","DeckTracker","Friendly Minions","Jorbs\u0027s Wanderer Trilogy","Lobotomy","LobotomyExtend","Minty Spire (QoL Compilation)","Relic Stats","Spicy Shops","StSLib","The Bladedancer","Unceasing Turn Reminder"],"gold_per_floor":[275,292,292,302,1,36,57,57,83,83,83,83,97,114,114,114,114],"floor_reached":16,"playtime":511,"items_purged":["Strike_G","Strike_G"],"score":175,"play_id":"e8862221-ee0b-4419-a81f-445d08e3a050","local_time":"20210107162216","is_ascension_mode":true,"campfire_choices":[{"floor":11,"key":"REST"},{"data":"Caltrops","floor":15,"key":"SMITH"}],"circlet_count":0,"master_deck":["AscendersBane","Strike_G","Strike_G","Strike_G","Defend_G","Defend_G","Defend_G","Defend_G","Defend_G","Survivor","Neutralize","Scorched","Noxious Fumes+1","Caltrops+1","Deadly Poison","CherryBlossoms"],"relics":["Ring of the Snake","CogitoBucket","LetterFromLob","Regal Pillow","Odd Mushroom","Bag of Preparation","HellTrain"],"acts_visited":["Exordium"],"potions_floor_usage":[6,13],"damage_taken":[{"damage":0,"enemies":"Jaw Worm","floor":1,"turns":5},{"damage":0,"enemies":"2 Louse","floor":2,"turns":2},{"damage":0,"enemies":"Small Slimes","floor":4,"turns":1},{"damage":32,"enemies":"Gremlin Nob","floor":6,"turns":4},{"damage":25,"enemies":"The Mushroom Lair","floor":7,"turns":3},{"damage":6,"enemies":"3 Louse","floor":13,"turns":2},{"damage":9,"enemies":"Blue Slaver","floor":14,"turns":3},{"damage":54,"enemies":"Hexaghost","floor":16,"turns":5}],"seed_played":"9000733022160242790","potions_obtained":[{"floor":1,"key":"Weak Potion"},{"floor":2,"key":"BlessingOfTheForge"},{"floor":4,"key":"AttackPotion"},{"floor":14,"key":"SteroidPotion"}],"is_trial":false,"path_per_floor":["M","M","?","M","$","E","?","?","T","$","R","?","M","M","R","B"],"character_chosen":"THE_SILENT","items_purchased":["Caltrops","Deadly Poison"],"campfire_rested":1,"item_purchase_floors":[5,5],"current_hp_per_floor":[59,59,59,59,59,27,2,2,2,2,36,41,35,26,26,0,0],"gold":114,"neow_bonus":"","is_daily":false,"chose_seed":false,"campfire_upgraded":1,"win_rate":0.0,"timestamp":1610032936,"path_taken":["M","M","?","M","$","E","?","?","T","$","R","?","?","M","R","BOSS"],"items_purchased_type":["Card","Card"],"build_version":"2020-12-22","purchased_purges":2,"victory":false,"max_hp_per_floor":[66,66,66,66,66,66,66,66,66,66,66,71,71,71,71,71,71],"relic_stats":{"Regal Pillow":15,"counters":[9,26],"Bag of Preparation":[6],"obtain_stats":[{"CogitoBucket":0,"Regal Pillow":6,"LetterFromLob":1,"Bag of Preparation":9,"Odd Mushroom":7,"HellTrain":13,"Ring of the Snake":0},{"CogitoBucket":0,"Regal Pillow":4,"LetterFromLob":1,"Bag of Preparation":5,"Odd Mushroom":5,"HellTrain":7,"Ring of the Snake":0},{"CogitoBucket":0,"Regal Pillow":12,"LetterFromLob":5,"Bag of Preparation":15,"Odd Mushroom":15,"HellTrain":18,"Ring of the Snake":0}],"Ring of the Snake":[18]},"card_choices":[{"not_picked":["FairyFestival","MHz"],"picked":"Scorched","floor":1},{"not_picked":["Dodge and Roll","Deadly Poison","Dash"],"picked":"SKIP","floor":1},{"not_picked":["Cloak And Dagger","Flechettes"],"picked":"Noxious Fumes","floor":2},{"not_picked":["Dagger Spray","Distraction","Backflip"],"picked":"SKIP","floor":4},{"not_picked":["Dodge and Roll","Dagger Spray","PiercingWail"],"picked":"SKIP","floor":6},{"not_picked":["OSAHOGD","WallGazer"],"picked":"CherryBlossoms","floor":13},{"not_picked":["Reflex","Quick Slash","Backflip"],"picked":"SKIP","floor":13},{"not_picked":["Deadly Poison","Underhanded Strike","Blur"],"picked":"SKIP","floor":14}],"player_experience":868161,"relics_obtained":[{"floor":1,"key":"LetterFromLob"},{"floor":6,"key":"Regal Pillow"},{"floor":7,"key":"Odd Mushroom"},{"floor":9,"key":"Bag of Preparation"}],"event_choices":[{"damage_healed":0,"gold_gain":0,"player_choice":"Grow","damage_taken":0,"max_hp_gain":0,"max_hp_loss":0,"event_name":"Living Wall","floor":3,"gold_loss":0,"cards_upgraded":["Noxious Fumes"]},{"damage_healed":0,"gold_gain":0,"player_choice":"Fought Mushrooms","damage_taken":0,"max_hp_gain":0,"max_hp_loss":0,"event_name":"Mushrooms","floor":7,"gold_loss":0},{"damage_healed":2,"gold_gain":0,"player_choice":"Leave","damage_taken":0,"max_hp_gain":0,"max_hp_loss":66,"event_name":"betterThird:BetterShining","floor":8,"gold_loss":0},{"damage_healed":0,"gold_gain":0,"player_choice":"Donut","damage_taken":0,"max_hp_gain":5,"max_hp_loss":0,"event_name":"Big Fish","floor":12,"gold_loss":0}],"is_beta":false,"boss_relics":[],"items_purged_floors":[5,5],"is_endless":false,"potions_floor_spawned":[1,2,4,14],"killed_by":"Hexaghost","ascension_level":15}}