{"host":"uv231blk40vjdojr","time":1610019850,"event":{"mods":["BaseMod","Minty Spire (QoL Compilation)","Relic Stats"],"gold_per_floor":[110,110,35,35,35,35,66,79,79,24,24,62,75,95,95,188,188,207,225,225,225],"floor_reached":20,"playtime":902,"items_purged":["Injury"],"score":346,"play_id":"f959c0e1-407a-4599-9945-0102385b0b3b","local_time":"20210107124410","is_ascension_mode":true,"campfire_choices":[{"data":"Apotheosis","floor":6,"key":"SMITH"},{"floor":11,"key":"REST"},{"data":"Well Laid Plans","floor":15,"key":"SMITH"}],"circlet_count":0,"master_deck":["AscendersBane","Strike_G","Strike_G","Strike_G","Strike_G","Strike_G","Defend_G","Defend_G","Defend_G","Defend_G","Defend_G","Survivor","Neutralize","Apotheosis+1","Skewer","Blade Dance","Accuracy","Noxious Fumes","Crippling Poison","Well Laid Plans+1","Bullet Time","Dagger Spray","Dodge and Roll"],"relics":["Ring of the Snake","Golden Idol","Omamori","Mummified Hand","Pantograph","SacredBark"],"acts_visited":["Exordium","TheCity"],"potions_floor_usage":[18,19],"damage_taken":[{"damage":2,"enemies":"Jaw Worm","floor":1,"turns":5},{"damage":21,"enemies":"Gremlin Nob","floor":7,"turns":4},{"damage":0,"enemies":"Small Slimes","floor":8,"turns":3},{"damage":1,"enemies":"Lagavulin","floor":12,"turns":5},{"damage":1,"enemies":"Cultist","floor":13,"turns":4},{"damage":5,"enemies":"Gremlin Gang","floor":14,"turns":6},{"damage":12,"enemies":"Slime Boss","floor":16,"turns":7},{"damage":16,"enemies":"Spheric Guardian","floor":18,"turns":4},{"damage":1,"enemies":"Chosen","floor":19,"turns":4},{"damage":41,"enemies":"Shelled Parasite and Fungi","floor":20,"turns":4}],"seed_played":"-5600918979478433554","potions_obtained":[{"floor":8,"key":"SpeedPotion"},{"floor":12,"key":"DuplicationPotion"},{"floor":19,"key":"GhostInAJar"}],"is_trial":false,"path_per_floor":["M","?","$","?","?","R","E","M","T","$","R","E","M","M","R","B",null,"M","M","M"],"character_chosen":"THE_SILENT","items_purchased":["Swift Potion"],"campfire_rested":1,"item_purchase_floors":[10],"current_hp_per_floor":[57,57,57,57,57,57,36,36,36,36,54,53,52,47,47,48,57,41,40,0,0],"gold":225,"neow_bonus":"RANDOM_COLORLESS_2","is_daily":false,"chose_seed":false,"campfire_upgraded":2,"win_rate":0.0,"timestamp":1610019850,"path_taken":["M","?","$","?","?","R","E","M","T","$","R","E","M","M","R","BOSS","M","M","?"],"items_purchased_type":["Potion"],"build_version":"2020-12-22","purchased_purges":1,"victory":false,"max_hp_per_floor":[66,60,60,60,60,60,60,60,60,60,60,60,60,60,60,60,60,60,60,60,60],"relic_stats":{"counters":[10,46],"Golden Idol":51,"Mummified Hand":[13],"Pantograph":13,"obtain_stats":[{"Golden Idol":2,"Mummified Hand":9,"Pantograph":12,"SacredBark":17,"Omamori":7,"Ring of the Snake":0},{"Golden Idol":1,"Mummified Hand":3,"Pantograph":4,"SacredBark":7,"Omamori":2,"Ring of the Snake":0},{"Golden Idol":5,"Mummified Hand":12,"Pantograph":17,"SacredBark":34,"Omamori":9,"Ring of the Snake":0}],"Ring of the Snake":[20]},"card_choices":[{"not_picked":["Magnetism","Mayhem"],"picked":"Apotheosis","floor":0},{"not_picked":["Dagger Spray","All Out Attack"],"picked":"Skewer","floor":1},{"not_picked":["Riddle With Holes","Outmaneuver"],"picked":"Blade Dance","floor":7},{"not_picked":["Bane","All Out Attack"],"picked":"Accuracy","floor":8},{"not_picked":["Backflip","Heel Hook"],"picked":"Noxious Fumes","floor":12},{"not_picked":["Leg Sweep","Expertise"],"picked":"Crippling Poison","floor":13},{"not_picked":["Underhanded Strike","All Out Attack"],"picked":"Well Laid Plans","floor":14},{"not_picked":["Malaise","Wraith Form v2"],"picked":"Bullet Time","floor":16},{"not_picked":["Poisoned Stab","Noxious Fumes"],"picked":"Dagger Spray","floor":18},{"not_picked":["Prepared","Backstab+1"],"picked":"Dodge and Roll","floor":19}],"player_experience":594751,"relics_obtained":[{"floor":7,"key":"Omamori"},{"floor":9,"key":"Mummified Hand"},{"floor":12,"key":"Pantograph"}],"event_choices":[{"damage_healed":0,"gold_gain":0,"player_choice":"Lose Max HP","damage_taken":0,"relics_obtained":["Golden Idol"],"max_hp_gain":0,"max_hp_loss":6,"event_name":"Golden Idol","floor":2,"gold_loss":0},{"damage_healed":0,"gold_gain":0,"player_choice":"Ignored","damage_taken":0,"max_hp_gain":0,"max_hp_loss":0,"event_name":"Liars Game","floor":4,"gold_loss":0},{"damage_healed":0,"gold_gain":0,"player_choice":"0 cards matched","damage_taken":0,"max_hp_gain":0,"max_hp_loss":0,"event_name":"Match and Keep!","floor":5,"gold_loss":0,"cards_obtained":[]}],"is_beta":false,"boss_relics":[{"not_picked":["Tiny House","Snecko Eye"],"picked":"SacredBark"}],"items_purged_floors":[3],"is_endless":false,"potions_floor_spawned":[8,12,13,19],"killed_by":"Shelled Parasite and Fungi","ascension_level":18}}