{"host":"11728qvdvolffudn","time":1610031716,"event":{"mods":["BaseMod","Block Reminder","Colored Powertips","Curses Come First","Custom Start","Displayed Cursed Tome","Filter the Spire","Highlight Path","Minty Spire (QoL Compilation)","Permanent Neow","Quick Restart","Rare Cards Sparkle","Relic Stats","StSLib"],"gold_per_floor":[115,126,140,65,78,78,98,98,98,98,198,216,216,228,228,330,330,317,317,317,317,328,328,328,328,351,351,211,229,242,256,256,256,256],"floor_reached":33,"playtime":2878,"items_purged":["Strike_B","Strike_B"],"score":239,"play_id":"6087130a-072d-400b-9aac-f1443fdd7ed8","local_time":"20210107150156","is_ascension_mode":false,"campfire_choices":[{"data":"Defragment","floor":6,"key":"SMITH"},{"data":"Self Repair","floor":8,"key":"SMITH"},{"data":"Darkness","floor":10,"key":"SMITH"},{"floor":15,"key":"REST"},{"data":"Capacitor","floor":23,"key":"SMITH"},{"floor":25,"key":"REST"},{"data":"Fusion","floor":27,"key":"SMITH"},{"floor":32,"key":"REST"}],"circlet_count":0,"master_deck":["Strike_B+1","Strike_B","Defend_B","Defend_B","Defend_B","Defend_B","Zap","Dualcast","Redo","Self Repair+1","Darkness+1","Defragment+1","Reinforced Body+1","Fusion+1","Self Repair","Biased Cognition","Capacitor+1","Necronomicurse","Genetic Algorithm","Capacitor","Cold Snap+1","Chill+1"],"relics":["Cracked Core","Molten Egg 2","Inserter","Necronomicon","Letter Opener","Bronze Scales"],"acts_visited":["Exordium","TheCity"],"potions_floor_usage":[16,18,22,22,22,22,33],"damage_taken":[{"damage":3,"enemies":"Small Slimes","floor":1,"turns":3},{"damage":1,"enemies":"Cultist","floor":2,"turns":3},{"damage":11,"enemies":"Jaw Worm","floor":3,"turns":3},{"damage":28,"enemies":"Exordium Wildlife","floor":5,"turns":5},{"damage":14,"enemies":"Blue Slaver","floor":7,"turns":4},{"damage":6,"enemies":"3 Louse","floor":12,"turns":4},{"damage":10,"enemies":"Looter","floor":14,"turns":4},{"damage":34,"enemies":"Slime Boss","floor":16,"turns":11},{"damage":19,"enemies":"2 Thieves","floor":18,"turns":5},{"damage":60,"enemies":"3 Byrds","floor":22,"turns":7},{"damage":16,"enemies":"Snake Plant","floor":29,"turns":3},{"damage":27,"enemies":"Centurion and Healer","floor":30,"turns":8},{"damage":24,"enemies":"Snecko","floor":31,"turns":7},{"damage":53,"enemies":"Automaton","floor":33,"turns":10}],"seed_played":"-8264382888945335928","potions_obtained":[{"floor":1,"key":"EntropicBrew"},{"floor":7,"key":"Energy Potion"},{"floor":12,"key":"Regen Potion"},{"floor":18,"key":"FearPotion"},{"floor":30,"key":"DistilledChaos"},{"floor":31,"key":"GamblersBrew"}],"is_trial":false,"path_per_floor":["M","M","M","$","M","R","M","R","T","R","?","M","?","M","R","B",null,"M","?","?","?","M","R","?","R","T","R","$","M","M","M","R","B"],"character_chosen":"DEFECT","items_purchased":["Capacitor"],"campfire_rested":3,"item_purchase_floors":[28],"current_hp_per_floor":[72,75,71,71,50,50,43,43,43,43,43,47,32,32,54,52,75,73,73,59,43,25,25,25,49,49,49,49,50,40,23,47,0,0],"gold":256,"neow_bonus":"THREE_CARDS","is_daily":false,"chose_seed":false,"campfire_upgraded":5,"win_rate":0.0,"timestamp":1610031716,"path_taken":["M","M","M","$","M","R","M","R","T","R","?","?","?","M","R","BOSS","M","?","?","?","M","R","?","R","T","R","?","M","M","?","R","BOSS"],"items_purchased_type":["Card"],"build_version":"2020-12-22","purchased_purges":2,"victory":false,"max_hp_per_floor":[75,75,75,75,75,75,75,75,75,75,75,75,75,75,75,75,75,75,75,80,80,80,80,80,80,80,80,80,80,80,80,80,80,80],"relic_stats":{"Inserter":[19],"counters":[14,77],"Bronze Scales":[69],"Necronomicon":[0],"Letter Opener":[60],"obtain_stats":[{"Inserter":17,"Bronze Scales":26,"Molten Egg 2":9,"Necronomicon":21,"Letter Opener":24,"Cracked Core":0},{"Inserter":8,"Bronze Scales":10,"Molten Egg 2":5,"Necronomicon":9,"Letter Opener":10,"Cracked Core":0},{"Inserter":37,"Bronze Scales":49,"Molten Egg 2":18,"Necronomicon":42,"Letter Opener":49,"Cracked Core":0}]},"card_choices":[{"not_picked":["Barrage","Skim"],"picked":"Redo","floor":0},{"not_picked":["Steam","Lockon"],"picked":"Self Repair","floor":1},{"not_picked":["Hologram","Barrage"],"picked":"Darkness","floor":2},{"not_picked":["Storm","BootSequence"],"picked":"Defragment","floor":3},{"not_picked":["Barrage","Chaos"],"picked":"Reinforced Body","floor":5},{"not_picked":["Barrage","Conserve Battery","Streamline"],"picked":"SKIP","floor":7},{"not_picked":["Blizzard+1","Go for the Eyes+1"],"picked":"Fusion","floor":12},{"not_picked":["Cold Snap+1","Redo"],"picked":"Self Repair","floor":14},{"not_picked":["All For One+1","Machine Learning"],"picked":"Biased Cognition","floor":16},{"not_picked":["Hologram+1","Force Field","Go for the Eyes+1"],"picked":"SKIP","floor":18},{"not_picked":["Streamline+1","Leap"],"picked":"Genetic Algorithm","floor":22},{"not_picked":["Gash+1","Amplify","Steam"],"picked":"SKIP","floor":29},{"not_picked":["Steam","Compile Driver+1"],"picked":"Cold Snap+1","floor":30},{"not_picked":["Loop+1","Heatsinks"],"picked":"Chill+1","floor":31}],"player_experience":75049,"relics_obtained":[{"floor":9,"key":"Molten Egg 2"},{"floor":26,"key":"Bronze Scales"}],"event_choices":[{"damage_healed":0,"gold_gain":100,"player_choice":"Pray","damage_taken":0,"max_hp_gain":0,"max_hp_loss":0,"event_name":"Golden Shrine","floor":11,"gold_loss":0},{"damage_healed":0,"gold_gain":0,"player_choice":"Entered Light","damage_taken":15,"max_hp_gain":0,"max_hp_loss":0,"event_name":"Shining Light","floor":13,"gold_loss":0,"cards_upgraded":["Reinforced Body","Strike_B"]},{"damage_healed":0,"gold_gain":0,"player_choice":"Read","damage_taken":0,"max_hp_gain":0,"max_hp_loss":0,"event_name":"The Library","floor":19,"gold_loss":0,"cards_obtained":["Capacitor"]},{"damage_healed":0,"gold_gain":0,"player_choice":"Shed Blood","damage_taken":19,"max_hp_gain":5,"max_hp_loss":0,"event_name":"Forgotten Altar","floor":20,"gold_loss":0},{"damage_healed":0,"gold_gain":0,"player_choice":"Obtained Book","damage_taken":16,"max_hp_gain":0,"max_hp_loss":0,"event_name":"Cursed Tome","floor":21,"gold_loss":0},{"damage_healed":0,"gold_gain":0,"player_choice":"Opened","damage_taken":0,"relics_obtained":["Letter Opener"],"max_hp_gain":0,"max_hp_loss":0,"event_name":"The Mausoleum","floor":24,"gold_loss":0}],"is_beta":false,"boss_relics":[{"not_picked":["Empty Cage","Calling Bell"],"picked":"Inserter"}],"items_purged_floors":[4,28],"is_endless":false,"potions_floor_spawned":[1,7,12,14,18,30,31],"killed_by":"Automaton","ascension_level":0}}