{"host":"7tvb1em0d2fx72q7","time":1610001878,"event":{"mods":["BaseMod","Challenge The Spire","Minty Spire (QoL Compilation)","StSLib","everything is the same but u backflip on backflip"],"gold_per_floor":[20,40,54,54,74,104,104,139,194,194,222,236,386,102,102,180,180,200,217,34,34,65,65,65,65,91,108,137,154,154,167,167,242,242,252,252,252],"floor_reached":36,"playtime":3260,"items_purged":["Doubt","Strike_G"],"score":804,"play_id":"68419ddc-c50b-42a7-98f4-39b85a96c136","local_time":"20210107014438","is_ascension_mode":true,"campfire_choices":[{"data":"Crippling Poison","floor":7,"key":"SMITH"},{"floor":10,"key":"REST"},{"data":"Leg Sweep","floor":15,"key":"SMITH"},{"data":"Ghostly","floor":23,"key":"SMITH"},{"data":"Ghostly","floor":25,"key":"SMITH"},{"data":"Ghostly","floor":32,"key":"SMITH"}],"circlet_count":0,"master_deck":["AscendersBane","Strike_G","Strike_G","Strike_G","Strike_G","Defend_G","Defend_G+1","Defend_G+1","Defend_G","Defend_G","Survivor","Neutralize","Predator","Deadly Poison","Quick Slash","Dagger Spray","Crippling Poison+1","Deadly Poison","Burst","Crippling Poison","Leg Sweep+1","Malaise","Bane","Well Laid Plans","Ghostly+1","Ghostly+1","Ghostly+1","Clumsy","Leg Sweep","PiercingWail","Acrobatics","Night Terror"],"relics":["Ring of the Snake","CaptainsWheel","PreservedInsect","Blue Candle","Pen Nib","MealTicket","Cursed Key","Red Mask","Art of War","Philosopher\u0027s Stone"],"acts_visited":["Exordium","TheCity","TheBeyond"],"potions_floor_usage":[6,11,16,22,29,36,36],"damage_taken":[{"damage":2,"enemies":"Jaw Worm","floor":1,"turns":5},{"damage":3,"enemies":"Small Slimes","floor":2,"turns":3},{"damage":0,"enemies":"2 Louse","floor":3,"turns":2},{"damage":4,"enemies":"Blue Slaver","floor":5,"turns":4},{"damage":9,"enemies":"Gremlin Nob","floor":6,"turns":4},{"damage":5,"enemies":"Lagavulin","floor":8,"turns":5},{"damage":7,"enemies":"3 Sentries","floor":11,"turns":6},{"damage":20,"enemies":"Large Slime","floor":12,"turns":6},{"damage":16,"enemies":"The Guardian","floor":16,"turns":13},{"damage":7,"enemies":"Shell Parasite","floor":18,"turns":6},{"damage":19,"enemies":"2 Thieves","floor":19,"turns":4},{"damage":16,"enemies":"Masked Bandits","floor":22,"turns":4},{"damage":1,"enemies":"Centurion and Healer","floor":27,"turns":7},{"damage":10,"enemies":"Book of Stabbing","floor":28,"turns":8},{"damage":3,"enemies":"Snake Plant","floor":29,"turns":6},{"damage":0,"enemies":"3 Cultists","floor":31,"turns":7},{"damage":21,"enemies":"Champ","floor":33,"turns":18},{"damage":5,"enemies":"3 Darklings","floor":35,"turns":6},{"damage":29,"enemies":"2 Orb Walkers","floor":36,"turns":3}],"seed_played":"-3030938908280519985","potions_obtained":[{"floor":1,"key":"SteroidPotion"},{"floor":2,"key":"Swift Potion"},{"floor":3,"key":"Fire Potion"},{"floor":6,"key":"Fire Potion"},{"floor":16,"key":"Energy Potion"},{"floor":22,"key":"DistilledChaos"},{"floor":33,"key":"Regen Potion"}],"is_trial":false,"path_per_floor":["M","M","M","?","M","E","R","E","T","R","E","M","?","$","R","B",null,"M","M","$","?","?","R","?","R","T","M","E","M","?","M","R","B",null,"M","?"],"character_chosen":"THE_SILENT","items_purchased":["Crippling Poison","Leg Sweep","LiquidMemories","Well Laid Plans"],"campfire_rested":1,"item_purchase_floors":[14,14,14,20],"current_hp_per_floor":[57,54,54,34,30,21,21,16,16,35,28,8,8,23,23,7,51,44,25,40,33,17,17,17,17,17,16,6,3,33,33,33,12,28,23,0,0],"gold":252,"neow_bonus":"ONE_RARE_RELIC","is_daily":false,"chose_seed":false,"campfire_upgraded":5,"win_rate":0.0,"timestamp":1610001878,"path_taken":["M","M","M","?","M","E","R","E","T","R","E","M","?","$","R","BOSS","M","M","$","?","?","R","?","R","T","?","E","M","?","?","R","BOSS","M","?"],"items_purchased_type":["Card","Card","Potion","Card"],"build_version":"2020-12-22","purchased_purges":2,"victory":false,"max_hp_per_floor":[66,66,66,66,66,66,66,66,66,66,66,66,66,66,66,66,66,66,66,66,33,33,33,33,33,33,33,33,33,33,33,33,33,33,33,33,33],"card_choices":[{"not_picked":["Eviscerate","Dagger Throw"],"picked":"Predator","floor":1},{"not_picked":["Flechettes","Setup"],"picked":"Deadly Poison","floor":2},{"not_picked":["Tactician","Dodge and Roll"],"picked":"Quick Slash","floor":3},{"not_picked":["Catalyst","Infinite Blades"],"picked":"Dagger Spray","floor":5},{"not_picked":["Dodge and Roll","Cloak And Dagger"],"picked":"Crippling Poison","floor":6},{"not_picked":["Slice","Flying Knee"],"picked":"Deadly Poison","floor":8},{"not_picked":["Unload","Outmaneuver"],"picked":"Burst","floor":11},{"not_picked":["Slice","Concentrate"],"picked":"Escape Plan","floor":12},{"not_picked":["Storm of Steel","Envenom"],"picked":"Malaise","floor":16},{"not_picked":["Deadly Poison","Blade Dance+1"],"picked":"Bane","floor":18},{"not_picked":["Slice","Deadly Poison","Bane"],"picked":"SKIP","floor":19},{"not_picked":["Slice","Outmaneuver"],"picked":"Leg Sweep","floor":27},{"not_picked":["Dagger Spray","Prepared","Reflex"],"picked":"SKIP","floor":28},{"not_picked":["Outmaneuver","All Out Attack"],"picked":"PiercingWail","floor":29},{"not_picked":["Poisoned Stab","Predator"],"picked":"Acrobatics","floor":31},{"not_picked":["Die Die Die","Venomology"],"picked":"Night Terror","floor":33},{"not_picked":["Masterful Stab","Tactician+1","Reflex"],"picked":"SKIP","floor":35}],"player_experience":1895807,"relics_obtained":[{"floor":6,"key":"PreservedInsect"},{"floor":8,"key":"Blue Candle"},{"floor":9,"key":"Pen Nib"},{"floor":11,"key":"MealTicket"},{"floor":22,"key":"Red Mask"},{"floor":28,"key":"Art of War"}],"event_choices":[{"damage_healed":0,"gold_gain":0,"player_choice":"Entered Light","damage_taken":20,"max_hp_gain":0,"max_hp_loss":0,"event_name":"Shining Light","floor":4,"gold_loss":0,"cards_upgraded":["Defend_G","Defend_G"]},{"damage_healed":0,"gold_gain":150,"player_choice":"AGREE","damage_taken":0,"max_hp_gain":0,"max_hp_loss":0,"event_name":"Liars Game","floor":13,"gold_loss":0,"cards_obtained":["Doubt"]},{"damage_healed":0,"gold_gain":0,"player_choice":"Became a Ghost","damage_taken":0,"max_hp_gain":0,"max_hp_loss":33,"event_name":"Ghosts","floor":21,"gold_loss":0,"cards_obtained":["Ghostly","Ghostly","Ghostly"]},{"damage_healed":0,"gold_gain":0,"player_choice":"Fought Bandits","damage_taken":0,"max_hp_gain":0,"max_hp_loss":0,"event_name":"Masked Bandits","floor":22,"gold_loss":0},{"damage_healed":0,"gold_gain":0,"player_choice":"Ignored","damage_taken":0,"max_hp_gain":0,"max_hp_loss":0,"event_name":"Cursed Tome","floor":24,"gold_loss":0},{"cards_removed":["Escape Plan"],"damage_healed":30,"gold_gain":0,"player_choice":"Offered Uncommon","damage_taken":0,"max_hp_gain":0,"max_hp_loss":0,"event_name":"Bonfire Elementals","floor":30,"gold_loss":0},{"damage_healed":0,"gold_gain":0,"player_choice":"Fight","damage_taken":0,"max_hp_gain":0,"max_hp_loss":0,"event_name":"Mysterious Sphere","floor":36,"gold_loss":0}],"is_beta":false,"boss_relics":[{"not_picked":["Tiny House","Ring of the Serpent"],"picked":"Cursed Key"},{"not_picked":["Fusion Hammer","Runic Dome"],"picked":"Philosopher\u0027s Stone"}],"items_purged_floors":[14,20],"is_endless":false,"potions_floor_spawned":[1,2,3,6,16,22,27,33,35],"killed_by":"2 Orb Walkers","ascension_level":20}}