{"host":"og6lam4kt3nibbw0","time":1610038576,"event":{"mods":["AchievementEnabler","BaseMod","Colored Map","DeckTracker","Highlight Path","Keyboard Shortcuts","Minty Spire (QoL Compilation)","Permanent Neow","Quick Restart","StSLib","SuperFastMode"],"gold_per_floor":[118,137,147,30,30,58,58,58,58,58,77,37,65,79,79,79,79],"floor_reached":16,"playtime":322,"items_purged":["Strike_B"],"score":220,"play_id":"387c6a4d-fd52-444e-9229-685815b4155b","local_time":"20210108015616","is_ascension_mode":true,"campfire_choices":[{"data":"Defragment","floor":7.0,"key":"SMITH"},{"data":"Storm","floor":10.0,"key":"SMITH"},{"floor":15.0,"key":"REST"}],"circlet_count":0,"master_deck":["AscendersBane","Strike_B","Strike_B","Strike_B","Defend_B","Defend_B","Defend_B","Defend_B","Zap","Dualcast","Storm+1","Heatsinks","Defragment+1","Capacitor","Biased Cognition+1","Sweeping Beam","FTL","Coolheaded"],"relics":["Sozu","Frozen Egg 2","Oddly Smooth Stone","Tiny Chest"],"acts_visited":["Exordium"],"potions_floor_usage":[],"damage_taken":[{"damage":4.0,"enemies":"Small Slimes","floor":1.0,"turns":4.0},{"damage":6.0,"enemies":"Cultist","floor":2.0,"turns":3.0},{"damage":4.0,"enemies":"2 Louse","floor":3.0,"turns":3.0},{"damage":20.0,"enemies":"Lagavulin","floor":6.0,"turns":7.0},{"damage":5.0,"enemies":"Looter","floor":11.0,"turns":2.0},{"damage":29.0,"enemies":"Gremlin Nob","floor":13.0,"turns":4.0},{"damage":0.0,"enemies":"2 Fungi Beasts","floor":14.0,"turns":2.0},{"damage":30,"enemies":"The Guardian","floor":16,"turns":2}],"seed_played":"-3246606414152004017","potions_obtained":[],"is_trial":false,"path_per_floor":["M","M","M","$","?","E","R","?","T","R","M","?","E","M","R","B"],"character_chosen":"DEFECT","items_purchased":["Capacitor"],"campfire_rested":1,"item_purchase_floors":[4],"current_hp_per_floor":[60,54,50,50,55,35,35,35,35,35,30,30,1,1,23,0,0],"gold":79,"neow_bonus":"BOSS_RELIC","is_daily":false,"chose_seed":false,"campfire_upgraded":2,"win_rate":0.0,"timestamp":1610038576,"path_taken":["M","M","M","$","?","E","R","?","T","R","?","?","E","M","R","BOSS"],"items_purchased_type":["Card"],"build_version":"2020-12-22","purchased_purges":1,"victory":false,"max_hp_per_floor":[71,71,71,71,76,76,76,76,76,76,76,76,76,76,76,76,76],"card_choices":[{"not_picked":["Chill","Redo"],"picked":"Storm","floor":1.0},{"not_picked":["Conserve Battery","Steam"],"picked":"Heatsinks","floor":2.0},{"not_picked":["BootSequence","Ball Lightning"],"picked":"Defragment","floor":3.0},{"not_picked":["Barrage","Genetic Algorithm"],"picked":"Biased Cognition+1","floor":6.0},{"not_picked":["Fusion","Stack"],"picked":"Sweeping Beam","floor":11.0},{"not_picked":["Tempest","Reinforced Body"],"picked":"FTL","floor":13.0},{"not_picked":["Compile Driver","Turbo"],"picked":"Coolheaded","floor":14.0}],"player_experience":828024,"relics_obtained":[{"floor":6.0,"key":"Frozen Egg 2"},{"floor":9.0,"key":"Oddly Smooth Stone"},{"floor":13.0,"key":"Tiny Chest"}],"event_choices":[{"damage_healed":0.0,"max_hp_gain":5.0,"max_hp_loss":0.0,"gold_gain":0.0,"event_name":"Big Fish","player_choice":"Donut","floor":5.0,"gold_loss":0.0,"damage_taken":0.0},{"damage_healed":0.0,"max_hp_gain":0.0,"max_hp_loss":0.0,"gold_gain":0.0,"event_name":"Lab","player_choice":"Got Potions","floor":8.0,"gold_loss":0.0,"damage_taken":0.0},{"damage_healed":0.0,"max_hp_gain":0.0,"max_hp_loss":0.0,"gold_gain":0.0,"event_name":"World of Goop","player_choice":"Left Gold","floor":12.0,"gold_loss":40.0,"damage_taken":0.0}],"is_beta":false,"boss_relics":[],"items_purged_floors":[4],"is_endless":false,"potions_floor_spawned":[1,2,11,13],"killed_by":"The Guardian","ascension_level":20}}