{"host":"yatr9jaxxs487vmv","time":1610008928,"event":{"mods":["BaseMod","Googly Eyes","Hermit","Minty Spire (QoL Compilation)","StSLib","The Cursed"],"gold_per_floor":[118,137,149,224,234,234,256,256,256,256,109,124,153,173,173,278,278,296,296,306,323,334,369,369,369,369],"floor_reached":25,"playtime":880,"items_purged":["Clash"],"score":225,"play_id":"46a46900-09e4-4c11-b639-f6d72ce411d4","local_time":"20210107164208","is_ascension_mode":false,"campfire_choices":[{"data":"Perfected Strike","floor":6.0,"key":"SMITH"},{"data":"Fire Breathing","floor":8.0,"key":"SMITH"},{"floor":15.0,"key":"REST"},{"floor":24,"key":"REST"}],"circlet_count":0,"master_deck":["Strike_R","Strike_R","Strike_R","Strike_R","Strike_R+1","Defend_R","Defend_R","Defend_R","Defend_R+1","Bash+1","Perfected Strike+1","Burning Pact","Twin Strike","Fire Breathing+1","Inflame+1","Flex","Twin Strike","Immolate","Headbutt","J.A.X.","Perfected Strike","Pommel Strike+1","Perfected Strike","Thunderclap"],"relics":["Burning Blood","Odd Mushroom","Frozen Egg 2","Darkstone Periapt","Velvet Choker","Bag of Marbles"],"acts_visited":["Exordium","TheCity"],"potions_floor_usage":[23,23,23],"damage_taken":[{"damage":0.0,"enemies":"Small Slimes","floor":1.0,"turns":3.0},{"damage":1.0,"enemies":"2 Louse","floor":2.0,"turns":2.0},{"damage":1.0,"enemies":"Jaw Worm","floor":3.0,"turns":3.0},{"damage":10.0,"enemies":"Looter","floor":5.0,"turns":3.0},{"damage":11.0,"enemies":"The Mushroom Lair","floor":7.0,"turns":4.0},{"damage":15.0,"enemies":"Large Slime","floor":12.0,"turns":4.0},{"damage":31.0,"enemies":"Lagavulin","floor":13.0,"turns":5.0},{"damage":0.0,"enemies":"3 Louse","floor":14.0,"turns":3.0},{"damage":38.0,"enemies":"Slime Boss","floor":16.0,"turns":9.0},{"damage":8.0,"enemies":"3 Byrds","floor":18.0,"turns":4.0},{"damage":10.0,"enemies":"2 Thieves","floor":20.0,"turns":2.0},{"damage":32.0,"enemies":"Snake Plant","floor":21.0,"turns":3.0},{"damage":13.0,"enemies":"3 Cultists","floor":22.0,"turns":4.0},{"damage":30,"enemies":"Slavers","floor":23,"turns":4},{"damage":46,"enemies":"Book of Stabbing","floor":25,"turns":3}],"seed_played":"2722755506938413241","potions_obtained":[{"floor":1.0,"key":"SkillPotion"},{"floor":2.0,"key":"DuplicationPotion"},{"floor":3.0,"key":"BloodPotion"},{"floor":16.0,"key":"PowerPotion"},{"floor":20.0,"key":"SteroidPotion"},{"floor":21.0,"key":"LiquidBronze"}],"is_trial":false,"path_per_floor":["M","M","M","?","M","R","?","R","T","?","$","M","E","M","R","B",null,"M","?","M","M","M","E","R","E"],"character_chosen":"IRONCLAD","items_purchased":["Inflame+1"],"campfire_rested":2,"item_purchase_floors":[11],"current_hp_per_floor":[80,80,80,69,65,65,60,60,60,44,44,35,26,32,56,24,80,78,78,74,48,41,17,41,0,0],"gold":369,"neow_bonus":"UPGRADE_CARD","is_daily":false,"chose_seed":false,"campfire_upgraded":2,"win_rate":0.0,"timestamp":1610008928,"path_taken":["M","M","M","?","M","R","?","R","T","?","?","M","E","?","R","BOSS","M","?","M","M","M","E","R","E"],"items_purchased_type":["Card"],"build_version":"2020-12-22","purchased_purges":1,"victory":false,"max_hp_per_floor":[80,80,80,80,80,80,80,80,80,80,80,80,80,80,80,80,80,80,80,80,80,80,80,80,80,80],"card_choices":[{"not_picked":["Dark Embrace","Searing Blow"],"picked":"Clash","floor":1.0},{"not_picked":["Warcry","Infernal Blade"],"picked":"Perfected Strike","floor":2.0},{"not_picked":["Feel No Pain","Armaments"],"picked":"Burning Pact","floor":3.0},{"not_picked":["Thunderclap","Power Through"],"picked":"Twin Strike","floor":5.0},{"not_picked":["Armaments","Warcry"],"picked":"Fire Breathing","floor":7.0},{"not_picked":["Heavy Blade","Iron Wave"],"picked":"Flex","floor":12.0},{"not_picked":["Armaments","Inflame+1"],"picked":"Twin Strike","floor":13.0},{"not_picked":["Flex","Anger","Rage"],"picked":"SKIP","floor":14.0},{"not_picked":["Brutality+1","Bludgeon"],"picked":"Immolate","floor":16.0},{"not_picked":["Thunderclap+1","Uppercut"],"picked":"Headbutt","floor":18.0},{"not_picked":["Iron Wave","Shrug It Off"],"picked":"Perfected Strike","floor":20.0},{"not_picked":["Sever Soul","Clash+1"],"picked":"Pommel Strike+1","floor":21.0},{"not_picked":["Shrug It Off","Metallicize+1"],"picked":"Perfected Strike","floor":22.0},{"not_picked":["Sever Soul","Body Slam"],"picked":"Thunderclap","floor":23}],"player_experience":73641,"relics_obtained":[{"floor":7.0,"key":"Odd Mushroom"},{"floor":9.0,"key":"Frozen Egg 2"},{"floor":13.0,"key":"Darkstone Periapt"},{"floor":23,"key":"Bag of Marbles"}],"event_choices":[{"damage_healed":0.0,"max_hp_gain":0.0,"max_hp_loss":0.0,"gold_gain":75.0,"event_name":"World of Goop","player_choice":"Gather Gold","floor":4.0,"gold_loss":0.0,"damage_taken":11.0},{"damage_healed":0.0,"max_hp_gain":0.0,"max_hp_loss":0.0,"gold_gain":0.0,"event_name":"Mushrooms","player_choice":"Fought Mushrooms","floor":7.0,"gold_loss":0.0,"damage_taken":0.0},{"damage_healed":0.0,"max_hp_gain":0.0,"max_hp_loss":0.0,"gold_gain":0.0,"event_name":"Shining Light","player_choice":"Entered Light","floor":10.0,"gold_loss":0.0,"damage_taken":16.0,"cards_upgraded":["Defend_R","Bash"]},{"damage_healed":0.0,"max_hp_gain":0.0,"max_hp_loss":0.0,"gold_gain":0.0,"event_name":"Drug Dealer","player_choice":"Obtain J.A.X.","floor":19.0,"gold_loss":0.0,"damage_taken":0.0,"cards_obtained":["J.A.X."]}],"is_beta":false,"boss_relics":[{"not_picked":["Coffee Dripper","Tiny House"],"picked":"Velvet Choker"}],"items_purged_floors":[11],"is_endless":false,"potions_floor_spawned":[1,2,3,16,20,21],"killed_by":"Book of Stabbing","ascension_level":0}}