{"host":"okln270zkafj6dck","time":1610010672,"event":{"mods":["BaseMod","Minty Spire (QoL Compilation)","Permanent Neow","Quick Restart","Relic Stats","StSLib","SuperFastMode"],"gold_per_floor":[116,134,153,163,174,201,201,233,233,233,233,233,246,265,265,338,338,350,364,289,289,289,289,315,315,315,315,329,347,347,381,381,381,381],"floor_reached":33,"playtime":848,"items_purged":["Strike_G"],"score":594,"play_id":"37088718-f1f1-417c-bf9e-b19730326cd4","local_time":"20210107011112","is_ascension_mode":true,"campfire_choices":[{"data":"Glass Knife","floor":7.0,"key":"SMITH"},{"data":"Deadly Poison","floor":10.0,"key":"SMITH"},{"data":"Dash","floor":12.0,"key":"SMITH"},{"data":"Poisoned Stab","floor":15.0,"key":"SMITH"},{"floor":23,"key":"REST"},{"floor":27,"key":"REST"},{"floor":30,"key":"DIG"},{"floor":32,"key":"DIG"}],"circlet_count":0,"master_deck":["AscendersBane","Strike_G+1","Strike_G+1","Strike_G+1","Strike_G+1","Defend_G+1","Defend_G+1","Defend_G+1","Defend_G+1","Defend_G+1","Survivor","Neutralize+1","Dash+1","Deadly Poison+1","Poisoned Stab+1","Poisoned Stab+1","Deflect","Glass Knife+1","Malaise+1","Backflip","Backflip+1","Blade Dance","PiercingWail"],"relics":["Runic Pyramid","Gambling Chip","Sundial","Pantograph","Art of War","Philosopher\u0027s Stone","Shovel","Centennial Puzzle","Whetstone","Gremlin Horn","Dead Branch"],"acts_visited":["Exordium","TheCity"],"potions_floor_usage":[24],"damage_taken":[{"damage":0.0,"enemies":"2 Louse","floor":1.0,"turns":4.0},{"damage":4.0,"enemies":"Small Slimes","floor":2.0,"turns":5.0},{"damage":0.0,"enemies":"Jaw Worm","floor":3.0,"turns":5.0},{"damage":4.0,"enemies":"3 Louse","floor":4.0,"turns":4.0},{"damage":0.0,"enemies":"Gremlin Gang","floor":5.0,"turns":7.0},{"damage":12.0,"enemies":"Gremlin Nob","floor":6.0,"turns":4.0},{"damage":2.0,"enemies":"3 Sentries","floor":8.0,"turns":7.0},{"damage":0.0,"enemies":"Looter","floor":13.0,"turns":3.0},{"damage":0.0,"enemies":"Exordium Wildlife","floor":14.0,"turns":5.0},{"damage":23.0,"enemies":"Slime Boss","floor":16.0,"turns":11.0},{"damage":23,"enemies":"Spheric Guardian","floor":18,"turns":4},{"damage":23,"enemies":"3 Byrds","floor":19,"turns":6},{"damage":16,"enemies":"Slavers","floor":24,"turns":7},{"damage":5,"enemies":"Centurion and Healer","floor":28,"turns":6},{"damage":3,"enemies":"Snake Plant","floor":29,"turns":4},{"damage":2,"enemies":"Book of Stabbing","floor":31,"turns":6},{"damage":53,"enemies":"Automaton","floor":33,"turns":6}],"seed_played":"-2178664548446413522","potions_obtained":[{"floor":1.0,"key":"Ancient Potion"},{"floor":3.0,"key":"EntropicBrew"},{"floor":6.0,"key":"Strength Potion"},{"floor":8.0,"key":"Regen Potion"},{"floor":18,"key":"Block Potion"},{"floor":28,"key":"LiquidBronze"}],"is_trial":false,"path_per_floor":["M","M","M","M","M","E","R","E","T","R","?","R","M","M","R","B",null,"M","M","$","?","?","R","E","?","T","R","M","M","R","E","R","B"],"character_chosen":"THE_SILENT","items_purchased":[],"campfire_rested":2,"item_purchase_floors":[],"current_hp_per_floor":[59,55,55,51,51,39,39,37,37,37,19,19,19,34,34,36,59,36,13,13,13,13,32,16,16,16,35,30,27,27,25,25,0,0],"gold":381,"neow_bonus":"BOSS_RELIC","is_daily":false,"chose_seed":false,"campfire_upgraded":4,"win_rate":0.0,"timestamp":1610010672,"path_taken":["M","M","M","M","M","E","R","E","T","R","?","R","M","M","R","BOSS","M","M","$","?","?","R","E","?","T","R","?","M","R","E","R","BOSS"],"items_purchased_type":[],"build_version":"2020-12-22","purchased_purges":1,"victory":false,"max_hp_per_floor":[66,66,66,66,66,66,66,66,66,66,66,66,66,66,66,66,66,66,66,66,66,66,66,66,66,66,66,66,66,66,66,66,66,66],"relic_stats":{"Centennial Puzzle":[12],"Shovel":2,"Gremlin Horn":[0,0],"counters":[17,94],"Sundial":[8],"Gambling Chip":[16],"Pantograph":50,"Dead Branch":[14],"Art of War":[3],"Whetstone":["Poisoned Stab","Neutralize"],"obtain_stats":[{"Centennial Puzzle":26,"Shovel":24,"Gremlin Horn":31,"Sundial":8,"Gambling Chip":6,"Pantograph":9,"Dead Branch":32,"Philosopher\u0027s Stone":17,"Art of War":11,"Whetstone":30,"Ring of the Snake":0,"Runic Pyramid":0},{"Centennial Puzzle":13,"Shovel":13,"Gremlin Horn":16,"Sundial":7,"Gambling Chip":6,"Pantograph":7,"Dead Branch":16,"Philosopher\u0027s Stone":10,"Art of War":7,"Whetstone":15,"Ring of the Snake":0,"Runic Pyramid":0},{"Centennial Puzzle":72,"Shovel":72,"Gremlin Horn":88,"Sundial":36,"Gambling Chip":29,"Pantograph":36,"Dead Branch":88,"Philosopher\u0027s Stone":55,"Art of War":36,"Whetstone":82,"Ring of the Snake":0,"Runic Pyramid":0}]},"card_choices":[{"not_picked":["Distraction","Escape Plan"],"picked":"Dash","floor":1.0},{"not_picked":["Outmaneuver","Underhanded Strike"],"picked":"Deadly Poison","floor":2.0},{"not_picked":["Dagger Throw","Bane"],"picked":"Poisoned Stab","floor":3.0},{"not_picked":["Tactician","Reflex"],"picked":"Poisoned Stab","floor":4.0},{"not_picked":["Bane","Infinite Blades"],"picked":"Deflect","floor":5.0},{"not_picked":["Flying Knee","Outmaneuver"],"picked":"Glass Knife","floor":6.0},{"not_picked":["Deflect","Prepared","Endless Agony"],"picked":"SKIP","floor":8.0},{"not_picked":["Outmaneuver","Accuracy","All Out Attack"],"picked":"SKIP","floor":13.0},{"not_picked":["Riddle With Holes","Acrobatics","Endless Agony"],"picked":"SKIP","floor":14.0},{"not_picked":["Doppelganger","Die Die Die"],"picked":"Malaise","floor":16.0},{"not_picked":["Setup","Dagger Spray","Eviscerate"],"picked":"SKIP","floor":18},{"not_picked":["Slice","Tactician"],"picked":"Backflip","floor":19},{"not_picked":["Finisher","Acrobatics","Prepared"],"picked":"SKIP","floor":24},{"not_picked":["Finisher","Acrobatics","Prepared"],"picked":"SKIP","floor":24},{"not_picked":["Dash","Dagger Spray"],"picked":"Backflip+1","floor":28},{"not_picked":["Blur","Calculated Gamble"],"picked":"Blade Dance","floor":29},{"not_picked":["Endless Agony","Bane"],"picked":"PiercingWail","floor":31}],"player_experience":87060,"relics_obtained":[{"floor":6.0,"key":"Gambling Chip"},{"floor":8.0,"key":"Sundial"},{"floor":9.0,"key":"Pantograph"},{"floor":24,"key":"Shovel"},{"floor":26,"key":"Centennial Puzzle"},{"floor":30,"key":"Whetstone"},{"floor":31,"key":"Gremlin Horn"},{"floor":32,"key":"Dead Branch"}],"event_choices":[{"damage_healed":0.0,"max_hp_gain":0.0,"max_hp_loss":0.0,"gold_gain":0.0,"event_name":"Scrap Ooze","player_choice":"Success","floor":11.0,"gold_loss":0.0,"damage_taken":18.0,"relics_obtained":["Art of War"]},{"damage_healed":0,"gold_gain":0,"player_choice":"Ignored","damage_taken":0,"max_hp_gain":0,"max_hp_loss":0,"event_name":"The Mausoleum","floor":21,"gold_loss":0},{"damage_healed":0,"gold_gain":0,"player_choice":"Simplicity","damage_taken":0,"max_hp_gain":0,"max_hp_loss":0,"event_name":"Back to Basics","floor":22,"gold_loss":0,"cards_upgraded":["Strike_G","Strike_G","Strike_G","Strike_G","Defend_G","Defend_G","Defend_G","Defend_G","Defend_G"]},{"damage_healed":0,"gold_gain":0,"player_choice":"Upgraded","damage_taken":0,"max_hp_gain":0,"max_hp_loss":0,"event_name":"Upgrade Shrine","floor":25,"gold_loss":0,"cards_upgraded":["Malaise"]}],"is_beta":false,"boss_relics":[{"not_picked":["Coffee Dripper","Snecko Eye"],"picked":"Philosopher\u0027s Stone"}],"items_purged_floors":[20],"is_endless":false,"potions_floor_spawned":[1,3,6,8,13,18,28,29],"killed_by":"Automaton","ascension_level":20}}