{"host":"7c402rm0fqc13zvz","time":1610040017,"event":{"mods":["BaseMod","Marisa（F雨　魔理沙）","Minty Spire (QoL Compilation)","Remilia（蕾米莉亚）","StSLib","The Servant 0.9.4","Youmu（魂魄妖梦）","[功能]功能增强和修复MOD"],"gold_per_floor":[115,135,148,323,273,298,312,312,367,386,386,403,438,403,403,507,507,527,527,539,539,454,454,502,537,537,537,537,547,567,598,598,697,697,716,716,734,734,745,745,764,764,764,778,797,815,831,826,826,826],"floor_reached":51,"playtime":1280,"items_purged":["Doubt","ShootingEcho","Strike_MRS","Strike_MRS","Strike_MRS","Defend_MRS","Defend_MRS","Defend_MRS","Defend_MRS","Strike_MRS","RefractionSpark"],"score":1101,"play_id":"da47b20a-1c00-43a3-a9c8-8c9078ab9e7c","local_time":"20210108012017","is_ascension_mode":false,"campfire_choices":[{"data":"MillisecondPulsars","floor":8,"key":"SMITH"},{"data":"MasterSpark","floor":15,"key":"SMITH"},{"data":"DeepEcoloBomb","floor":23,"key":"SMITH"},{"data":"Acceleration","floor":28,"key":"SMITH"},{"data":"FairyDestructionRay","floor":32,"key":"SMITH"},{"data":"GrandCross","floor":40,"key":"SMITH"},{"data":"UpSweep","floor":42,"key":"SMITH"},{"data":"UltimateShortwave","floor":49,"key":"SMITH"}],"circlet_count":0,"master_deck":["MasterSpark+1","UpSweep+1","Master of Strategy","MillisecondPulsars+1","Acceleration+1","GrandCross+1","Acceleration+1","SporeBomb","DeepEcoloBomb+1","FairyDestructionRay+1","Acceleration+1","GrandCross","PulseMagic+1","Finesse","UltimateShortwave+1"],"relics":["MiniHakkero","NeowsBlessing","White Beast Statue","Bag of Marbles","Frozen Eye","PreservedInsect","Tiny Chest","Unceasing Top","Bronze Scales","Pen Nib","SacredBark","Strange Spoon","Regal Pillow","Pantograph","Matryoshka","Dream Catcher","Anchor","War Paint","Blood Vial","Nunchaku","FossilizedHelix","Lantern","Bird Faced Urn","Chemical X","Girya","InkBottle","Centennial Puzzle"],"acts_visited":["Exordium","TheCity","TheBeyond"],"potions_floor_usage":[6,12,13,16,33,37,50],"damage_taken":[{"damage":0,"enemies":"Small Slimes","floor":1,"turns":1},{"damage":0,"enemies":"2 Louse","floor":2,"turns":1},{"damage":0,"enemies":"Jaw Worm","floor":3,"turns":1},{"damage":0,"enemies":"Lagavulin","floor":6,"turns":4},{"damage":9,"enemies":"2 Fungi Beasts","floor":7,"turns":2},{"damage":0,"enemies":"Exordium Thugs","floor":10,"turns":2},{"damage":0,"enemies":"3 Louse","floor":12,"turns":1},{"damage":0,"enemies":"Gremlin Nob","floor":13,"turns":1},{"damage":0,"enemies":"Hexaghost","floor":16,"turns":2},{"damage":0,"enemies":"Shell Parasite","floor":18,"turns":1},{"damage":0,"enemies":"Spheric Guardian","floor":20,"turns":1},{"damage":0,"enemies":"Slavers","floor":25,"turns":1},{"damage":0,"enemies":"Centurion and Healer","floor":29,"turns":2},{"damage":0,"enemies":"Cultist and Chosen","floor":30,"turns":2},{"damage":0,"enemies":"Book of Stabbing","floor":31,"turns":1},{"damage":0,"enemies":"Collector","floor":33,"turns":2},{"damage":0,"enemies":"3 Shapes","floor":35,"turns":1},{"damage":0,"enemies":"Orb Walker","floor":37,"turns":1},{"damage":0,"enemies":"4 Shapes","floor":39,"turns":1},{"damage":0,"enemies":"Sphere and 2 Shapes","floor":41,"turns":1},{"damage":0,"enemies":"3 Darklings","floor":44,"turns":1},{"damage":0,"enemies":"Writhing Mass","floor":45,"turns":1},{"damage":0,"enemies":"Spire Growth","floor":46,"turns":2},{"damage":0,"enemies":"Sphere and 2 Shapes","floor":47,"turns":1},{"damage":0,"enemies":"Donu and Deca","floor":50,"turns":1}],"seed_played":"4539739593567057817","potions_obtained":[{"floor":1,"key":"AttackPotion"},{"floor":3,"key":"BottledSpark"},{"floor":3,"key":"EntropicBrew"},{"floor":6,"key":"Explosive Potion"},{"floor":13,"key":"Energy Potion"},{"floor":13,"key":"SkillPotion"},{"floor":16,"key":"AttackPotion"},{"floor":25,"key":"FairyPotion"},{"floor":37,"key":"Fruit Juice"},{"floor":44,"key":"DistilledChaos"}],"is_trial":false,"path_per_floor":["M","M","M","?","$","E","M","R","T","M","$","M","E","?","R","B",null,"M","$","M","?","?","R","T","E","T","?","R","M","M","E","R","B",null,"M","$","M","?","M","R","M","R","T","M","M","M","M","$","R","B",null],"character_chosen":"MARISA","items_purchased":["White Beast Statue","Bag of Marbles","Frozen Eye","Master of Strategy","MillisecondPulsars","Unceasing Top","SporeBomb","Bronze Scales","Strange Spoon","Regal Pillow","Pantograph","Acceleration","Lantern","Bird Faced Urn","Chemical X","RefractionSpark","InkBottle","Centennial Puzzle"],"campfire_rested":0,"item_purchase_floors":[5,5,5,5,5,11,11,11,19,19,19,19,36,36,36,48,48,48],"current_hp_per_floor":[75,75,75,75,75,75,66,66,66,66,66,66,66,75,75,75,75,75,75,75,61,61,61,61,61,61,45,45,47,49,51,51,78,80,80,80,90,80,84,84,88,88,88,90,90,90,90,90,90,90],"gold":826,"neow_bonus":"THREE_ENEMY_KILL","is_daily":false,"chose_seed":false,"campfire_upgraded":8,"win_rate":0.0,"timestamp":1610040017,"path_taken":["M","M","M","?","$","E","M","R","T","M","$","M","E","?","R","BOSS","M","$","M","?","?","R","?","E","T","?","R","M","M","E","R","BOSS","M","$","M","?","M","R","M","R","T","M","M","M","M","$","R","BOSS"],"items_purchased_type":["Relic","Relic","Relic","Card","Card","Relic","Card","Relic","Relic","Relic","Relic","Card","Relic","Relic","Relic","Card","Relic","Relic"],"build_version":"2020-12-22","purchased_purges":11,"victory":true,"max_hp_per_floor":[75,75,75,75,75,75,75,75,75,75,75,75,75,75,75,75,75,75,75,75,80,80,80,80,80,80,80,80,80,80,80,80,80,80,80,80,90,90,90,90,90,90,90,90,90,90,90,90,90,90],"card_choices":[{"not_picked":["DC","ChargingUp"],"picked":"ShootingEcho","floor":1},{"not_picked":["ChargingUp","Singularity","AsteroidBelt"],"picked":"SKIP","floor":2},{"not_picked":["MysteriousBeam","IllusionStar","MachineGunSpark"],"picked":"SKIP","floor":3},{"not_picked":["StarBarrage","ChargeUpSpray"],"picked":"Acceleration","floor":6},{"not_picked":["WitchOfGreed","ChargingUp"],"picked":"GrandCross","floor":7},{"not_picked":["MysteriousBeam","DC"],"picked":"Acceleration","floor":10},{"not_picked":["ManaConvection","EnergyFlow","PowerUp"],"picked":"SKIP","floor":12},{"not_picked":["Acceleration","6A"],"picked":"DeepEcoloBomb","floor":13},{"not_picked":["Acceleration","ShootingEcho"],"picked":"FairyDestructionRay","floor":18},{"not_picked":["UnstableBomb","IllusionStar+1","6A"],"picked":"SKIP","floor":20},{"not_picked":["DragonMeteor","AbsoluteMagnitude"],"picked":"GrandCross","floor":25},{"not_picked":["SporeBomb","WitchOfGreed","Acceleration"],"picked":"SKIP","floor":29},{"not_picked":["PowerUp+1","GrandCross","WitchOfGreed+1"],"picked":"SKIP","floor":30},{"not_picked":["WitchLeyline+1","MysteriousBeam","MaximisePower"],"picked":"SKIP","floor":31},{"not_picked":["PropBag+1","DoubleSpark","ChargeUpSpray"],"picked":"SKIP","floor":35},{"not_picked":["MilkyWay","WitchLeyline+1"],"picked":"PulseMagic+1","floor":37},{"not_picked":["Thinking Ahead","Impatience"],"picked":"Finesse","floor":38},{"not_picked":["6A","PowerUp+1","EnergyFlow"],"picked":"SKIP","floor":39},{"not_picked":["GalacticHalo+1","ChargingUp","MilkyWay+1"],"picked":"SKIP","floor":41},{"not_picked":["Acceleration+1","6A","AsteroidBelt"],"picked":"SKIP","floor":44},{"not_picked":["OortCloud","StarBarrage+1","BlazeAway"],"picked":"SKIP","floor":45},{"not_picked":["OrrerysSun+1","GalacticHalo+1","MysteriousBeam+1"],"picked":"SKIP","floor":46},{"not_picked":["MagicChant+1","IllusionStar"],"picked":"UltimateShortwave","floor":47}],"player_experience":42596,"relics_obtained":[{"floor":6,"key":"PreservedInsect"},{"floor":9,"key":"Tiny Chest"},{"floor":13,"key":"Pen Nib"},{"floor":24,"key":"Dream Catcher"},{"floor":24,"key":"Anchor"},{"floor":25,"key":"War Paint"},{"floor":26,"key":"Blood Vial"},{"floor":26,"key":"Nunchaku"},{"floor":31,"key":"FossilizedHelix"},{"floor":43,"key":"Girya"}],"event_choices":[{"damage_healed":0,"gold_gain":175,"player_choice":"AGREE","damage_taken":0,"max_hp_gain":0,"max_hp_loss":0,"event_name":"Liars Game","floor":4,"gold_loss":0,"cards_obtained":["Doubt"]},{"damage_healed":18,"gold_gain":0,"player_choice":"Healed","damage_taken":0,"max_hp_gain":0,"max_hp_loss":0,"event_name":"The Cleric","floor":14,"gold_loss":35},{"damage_healed":0,"gold_gain":0,"player_choice":"Shed Blood","damage_taken":19,"max_hp_gain":5,"max_hp_loss":0,"event_name":"Forgotten Altar","floor":21,"gold_loss":0},{"damage_healed":0,"gold_gain":0,"player_choice":"Obtained Relic","damage_taken":0,"relics_obtained":["Matryoshka"],"max_hp_gain":0,"max_hp_loss":0,"event_name":"Addict","floor":22,"gold_loss":85},{"damage_healed":0,"gold_gain":0,"player_choice":"Obtained Book","damage_taken":16,"max_hp_gain":0,"max_hp_loss":0,"event_name":"Cursed Tome","floor":27,"gold_loss":0},{"damage_healed":0,"gold_gain":0,"player_choice":"Memory 3","damage_taken":10,"max_hp_gain":0,"max_hp_loss":0,"event_name":"SensoryStone","floor":38,"gold_loss":0}],"is_beta":false,"boss_relics":[{"not_picked":["Philosopher\u0027s Stone","Black Star"],"picked":"SacredBark"},{"not_picked":["Snecko Eye","Runic Pyramid","Calling Bell"]}],"items_purged_floors":[5,5,5,5,5,5,5,5,5,5,48],"is_endless":false,"potions_floor_spawned":[1,3,3,3,6,6,6,7,7,7,10,12,13,13,13,13,16,16,18,18,20,25,25,25,25,29,30,30,31,31,33,33,33,35,35,37,39,39,41,44,44,45,45,45,46,46,47,47,47],"ascension_level":0}}