{"host":"df48i9djcn92c5sx","time":1610035736,"event":{"mods":["BaseMod","Downfall","Marisa£®ÏF”Í°°ƒß¿Ì…≥£©","Minty Spire (QoL Compilation)","READ ME - Guardian Mod","READ ME - Snecko Mod","Reimu£®≤©¿ˆ¡È√Œ£©","Remilia£®¿Ÿ√◊¿Ú—«£©","Replay The Spire","Shop Mod","StSLib","The Jungle","The Servant 0.9.4"],"gold_per_floor":[119,44,44,58,83,83,106,106,106,124,124,147,147,168,168,264,264,277,13,13,27,27,27,58,58,58,110,110,131,131,150,150,245,245,260,13,33,33,49,70,70,86,165,165,180,180,196,219,219,219],"floor_reached":51,"playtime":2037,"items_purged":["Shame"],"score":1122,"play_id":"b7b2cf7f-d9f3-4883-bf21-3be57e820ef4","local_time":"20210108000856","is_ascension_mode":true,"campfire_choices":[{"data":"Armaments","floor":6.0,"key":"SMITH"},{"data":"Bash","floor":8.0,"key":"SMITH"},{"data":"Cleave","floor":11.0,"key":"SMITH"},{"data":"Inflame","floor":13.0,"key":"SMITH"},{"data":"Shrug It Off","floor":23,"key":"SMITH"},{"data":"Sword Boomerang","floor":25,"key":"SMITH"},{"data":"Pommel Strike","floor":28,"key":"SMITH"},{"data":"Hemogenesis","floor":41,"key":"SMITH"},{"data":"Fiend Fire","floor":44,"key":"SMITH"},{"data":"Impervious","floor":46,"key":"SMITH"},{"data":"Iron Wave","floor":49,"key":"SMITH"}],"circlet_count":0,"master_deck":["AscendersBane","Strike_R","Strike_R","Defend_R","Defend_R","Defend_R","Bash+1","Cleave+1","Armaments+1","Inflame+1","Thunderclap+1","Impervious+1","Pommel Strike+1","Shrug It Off+1","Pot Of Greed","Pot Of Greed","Sword Boomerang+1","Whirlwind+1","Regret","Fiend Fire+1","Shrug It Off+1","Hemogenesis+1","Shrug It Off+1","Iron Wave+1","Pot Of Greed","Twin Strike+1"],"relics":["Burning Blood","NeowsBlessing","Golden Idol","Lantern","Replay:Wax Seal","Replay:Grab Bag","Coffee Dripper","Ooze Armor","expansioncontent:StudyCardRelic","AntiCross","Grinning Jar","Toy Ornithopter","Paper Frog","Pen Nib","Sundial","Painkiller Herb","DollysMirror","The Courier","King of Hearts"],"acts_visited":["Exordium","TheCity","TheBeyond"],"potions_floor_usage":[16,16,33,50,50],"damage_taken":[{"damage":0.0,"enemies":"Jaw Worm","floor":1.0,"turns":1.0},{"damage":0.0,"enemies":"Small Slimes","floor":4.0,"turns":1.0},{"damage":0.0,"enemies":"Cultist","floor":5.0,"turns":1.0},{"damage":4.0,"enemies":"Lots of Slimes","floor":10.0,"turns":3.0},{"damage":4.0,"enemies":"Gremlin Gang","floor":12.0,"turns":3.0},{"damage":11.0,"enemies":"Looter","floor":14.0,"turns":2.0},{"damage":0,"enemies":"Slime Boss","floor":16,"turns":5},{"damage":1,"enemies":"3 Byrds","floor":18,"turns":2},{"damage":0,"enemies":"Chosen","floor":21,"turns":2},{"damage":11,"enemies":"Book of Stabbing","floor":24,"turns":2},{"damage":29,"enemies":"Shelled Parasite and Fungi","floor":29,"turns":2},{"damage":2,"enemies":"Sentry and Sphere","floor":31,"turns":2},{"damage":19,"enemies":"Automaton","floor":33,"turns":6},{"damage":33,"enemies":"3 Darklings","floor":35,"turns":2},{"damage":7,"enemies":"Orb Walker","floor":37,"turns":2},{"damage":19,"enemies":"Sphere and 2 Shapes","floor":39,"turns":4},{"damage":7,"enemies":"Writhing Mass","floor":40,"turns":3},{"damage":3,"enemies":"Transient","floor":42,"turns":6},{"damage":21,"enemies":"Sphere and 2 Shapes","floor":45,"turns":4},{"damage":7,"enemies":"Reptomancer","floor":47,"turns":3},{"damage":0,"enemies":"Maw","floor":48,"turns":3},{"damage":9,"enemies":"Replay:Hell Engine","floor":50,"turns":6}],"seed_played":"-187726732324937723","potions_obtained":[{"floor":4.0,"key":"Swift Potion"},{"floor":5.0,"key":"ColorlessPotion"},{"floor":12.0,"key":"AttackPotion"},{"floor":16,"key":"Adrenaline Potion"},{"floor":24,"key":"LifebloodPotion"},{"floor":33,"key":"PowerPotion"}],"is_trial":false,"path_per_floor":["M","?","?","M","M","R","T","R","T","M","R","M","R","M","R","B",null,"M","$","?","M","?","R","E","R","T","T","R","M","?","M","R","B",null,"?","T","?","?","?","?","T","?","T","T","?","T","E","?","T","B",null],"character_chosen":"IRONCLAD","items_purchased":["AntiCross","DollysMirror"],"campfire_rested":0,"item_purchase_floors":[19,36],"current_hp_per_floor":[74,74,48,54,60,60,60,60,60,62,62,64,64,59,52,58,71,75,75,75,75,75,75,70,70,70,70,70,47,47,51,73,62,72,45,45,44,44,36,40,40,54,54,54,47,47,46,52,52,70],"gold":219,"neow_bonus":"THREE_ENEMY_KILL","is_daily":false,"chose_seed":false,"campfire_upgraded":11,"win_rate":0.0,"timestamp":1610035736,"path_taken":["M","?","?","M","M","R","?","R","T","M","R","M","R","M","R","BOSS","M","$","?","?","?","R","E","R","T","?","R","?","?","M","R","BOSS","?","T","?","?","?","?","T","?","T","T","?","T","E","?","T","BOSS"],"items_purchased_type":["Relic","Relic"],"build_version":"2020-12-22","purchased_purges":1,"victory":true,"max_hp_per_floor":[75,75,75,75,75,75,75,75,75,75,75,75,75,75,75,75,75,75,75,75,75,75,75,75,75,75,75,75,75,75,75,75,75,75,75,75,75,75,75,75,75,75,75,75,75,75,75,75,75,75],"card_choices":[{"not_picked":["Headbutt","Perfected Strike"],"picked":"Cleave","floor":1.0},{"not_picked":["Sword Boomerang","Life Link"],"picked":"Armaments","floor":4.0},{"not_picked":["Brutality","Whirlwind"],"picked":"Inflame","floor":5.0},{"not_picked":["Cleave","Body Slam","Searing Blow"],"picked":"SKIP","floor":10.0},{"not_picked":["Havoc","ReplayTheSpireMod:Strike From Hell"],"picked":"Thunderclap","floor":12.0},{"not_picked":["Rupture","Thunderclap","Wild Strike"],"picked":"SKIP","floor":14.0},{"not_picked":["Demonic Infusion","Brutality"],"picked":"Impervious","floor":16},{"not_picked":["Entrench","ReplayTheSpireMod:LeadingStrike"],"picked":"Pommel Strike","floor":18},{"not_picked":["ReplayTheSpireMod:LeadingStrike","Thunderclap"],"picked":"Shrug It Off","floor":21},{"not_picked":["Clash","Metallicize"],"picked":"Sword Boomerang","floor":24},{"not_picked":["Clothesline","Disarm"],"picked":"Whirlwind+1","floor":29},{"not_picked":["Clothesline","Fire Breathing","Havoc"],"picked":"SKIP","floor":31},{"not_picked":["Demon Form","Berserk"],"picked":"Fiend Fire","floor":33},{"not_picked":["Cleave","Sword Boomerang","ReplayTheSpireMod:Strike From Hell"],"picked":"SKIP","floor":35},{"not_picked":["Perfected Strike+1","Wild Strike","Cleave"],"picked":"SKIP","floor":37},{"not_picked":["Disarm","Clash+1"],"picked":"Shrug It Off+1","floor":39},{"not_picked":["Power Through","Perfected Strike+1","Fire Breathing"],"picked":"SKIP","floor":40},{"not_picked":["Feel No Pain","Heavy Blade","Headbutt"],"picked":"SKIP","floor":42},{"not_picked":["Fire Breathing","Clothesline","Havoc"],"picked":"SKIP","floor":45},{"not_picked":["Fiend Fire","Anger+1"],"picked":"Iron Wave","floor":47},{"not_picked":["Blood for Blood","Thunderclap"],"picked":"Twin Strike+1","floor":48}],"player_experience":1405472,"relics_obtained":[{"floor":7.0,"key":"Lantern"},{"floor":9.0,"key":"Replay:Wax Seal"},{"floor":24,"key":"Toy Ornithopter"},{"floor":26,"key":"Paper Frog"},{"floor":27,"key":"Pen Nib"},{"floor":43,"key":"The Courier"},{"floor":47,"key":"King of Hearts"}],"event_choices":[{"cards_removed":["Strike_R"],"damage_healed":0.0,"max_hp_gain":0.0,"max_hp_loss":0.0,"gold_gain":0.0,"event_name":"The Cleric","player_choice":"Card Removal","floor":2.0,"gold_loss":75.0,"damage_taken":0.0},{"damage_healed":0.0,"max_hp_gain":0.0,"max_hp_loss":0.0,"gold_gain":0.0,"event_name":"Golden Idol","player_choice":"Take Damage","floor":3.0,"gold_loss":0.0,"damage_taken":26.0,"relics_obtained":["Golden Idol"]},{"cards_removed":["Defend_R"],"damage_healed":0,"gold_gain":0,"player_choice":"Card Removal","damage_taken":7,"max_hp_gain":0,"max_hp_loss":0,"event_name":"Golden Wing","floor":15,"gold_loss":0},{"cards_removed":["Strike_R"],"damage_healed":0,"gold_gain":0,"player_choice":"Purged","damage_taken":0,"max_hp_gain":0,"max_hp_loss":0,"event_name":"Purifier","floor":20,"gold_loss":0},{"damage_healed":0,"gold_gain":0,"player_choice":"Stole Relic","damage_taken":0,"relics_obtained":["Grinning Jar"],"max_hp_gain":0,"max_hp_loss":0,"event_name":"Addict","floor":22,"gold_loss":0,"cards_obtained":["Shame"]},{"damage_healed":0,"gold_gain":0,"cards_transformed":["Strike_R"],"player_choice":"Transformed","damage_taken":0,"max_hp_gain":0,"max_hp_loss":0,"event_name":"Transmorgrifier","floor":38,"gold_loss":0,"cards_obtained":["Hemogenesis"]}],"is_beta":false,"boss_relics":[{"not_picked":["Black Star","Busted Crown"],"picked":"Replay:Grab Bag"},{"not_picked":["Runic Dome","ChewingGum"],"picked":"Coffee Dripper"},{"not_picked":["SlaversCollar","Fusion Hammer"],"picked":"Ooze Armor"},{"not_picked":["Kintsugi","Runic Cube"],"picked":"expansioncontent:StudyCardRelic"},{"not_picked":["Electric Blood","Abe\u0027s Treasure"],"picked":"Painkiller Herb"}],"items_purged_floors":[36],"is_endless":false,"potions_floor_spawned":[4,5,10,12,16,24,31,33,40,45,47,48],"ascension_level":18}}