{"host":"9vecvdjkx64cw9bo","time":1610016827,"event":{"mods":["Ascension Unlocker","BaseMod","Custom Start","Keyboard Shortcuts","Minty Spire (QoL Compilation)","Quick Restart","StSLib","SuperFastMode"],"gold_per_floor":[111,111,111,111,261,301,301,301,301,315,339,71,94,34,34,130,130,148,164,164,164,16,16,16],"floor_reached":23,"playtime":291,"items_purged":["Strike_B","Shame"],"score":424,"play_id":"b09e8108-89f2-4a70-835f-a0bfa4642cec","local_time":"20210107195347","is_ascension_mode":true,"campfire_choices":[{"data":"Zap","floor":7.0,"key":"SMITH"},{"data":"Dualcast","floor":15.0,"key":"SMITH"}],"circlet_count":0,"master_deck":["AscendersBane","Strike_B","Strike_B+1","Defend_B","Defend_B","Defend_B","Defend_B","Zap+1","Dualcast+1","Cold Snap","All For One+1","Beam Cell","Skim","Hologram","Seek","Gash+1","White Noise+1","Recycle"],"relics":["Cracked Core","NeowsBlessing","Golden Idol","Pear","The Courier","TheAbacus","DataDisk","Inserter","Gremlin Horn"],"acts_visited":["Exordium","TheCity"],"potions_floor_usage":[23],"damage_taken":[{"damage":0.0,"enemies":"2 Louse","floor":1.0,"turns":1.0},{"damage":0.0,"enemies":"Gremlin Nob","floor":6.0,"turns":1.0},{"damage":0.0,"enemies":"Small Slimes","floor":10.0,"turns":1.0},{"damage":0.0,"enemies":"Cultist","floor":11.0,"turns":3.0},{"damage":16.0,"enemies":"Exordium Thugs","floor":13.0,"turns":3.0},{"damage":14.0,"enemies":"Slime Boss","floor":16.0,"turns":6.0},{"damage":37,"enemies":"2 Thieves","floor":18,"turns":4},{"damage":0,"enemies":"Chosen","floor":19,"turns":3},{"damage":26,"enemies":"Slavers","floor":23,"turns":1}],"seed_played":"115106579023165556","potions_obtained":[{"floor":1.0,"key":"PotionOfCapacity"},{"floor":11.0,"key":"AttackPotion"},{"floor":16.0,"key":"BlessingOfTheForge"}],"is_trial":false,"path_per_floor":["M","?","?","?","?","E","R","?","T","M","M","$","M","$","R","B",null,"M","M","?","?","$","E"],"character_chosen":"DEFECT","items_purchased":["TheAbacus","DataDisk","Recycle"],"campfire_rested":0,"item_purchase_floors":[12,12,22],"current_hp_per_floor":[64,64,64,45,45,55,55,55,55,55,55,55,39,39,39,25,62,25,25,25,25,25,0,0],"gold":16,"neow_bonus":"THREE_ENEMY_KILL","is_daily":false,"chose_seed":false,"campfire_upgraded":2,"win_rate":0.0,"timestamp":1610016827,"path_taken":["M","?","?","?","?","E","R","?","T","?","M","?","M","$","R","BOSS","M","M","?","?","$","E"],"items_purchased_type":["Relic","Relic","Card"],"build_version":"2020-12-22","purchased_purges":2,"victory":false,"max_hp_per_floor":[71,64,64,64,64,74,74,74,74,74,74,74,74,74,74,74,74,74,74,74,74,74,74,74],"card_choices":[{"not_picked":["White Noise","Sweeping Beam"],"picked":"Cold Snap","floor":1.0},{"not_picked":["Blizzard","Meteor Strike"],"picked":"Beam Cell","floor":6.0},{"not_picked":["Loop","Compile Driver","Barrage"],"picked":"SKIP","floor":10.0},{"not_picked":["Reinforced Body","Melter"],"picked":"Skim","floor":11.0},{"not_picked":["Stack","Ball Lightning"],"picked":"Hologram","floor":13.0},{"not_picked":["Creative AI","Hyperbeam"],"picked":"Seek","floor":16.0},{"not_picked":["Hologram","Redo"],"picked":"Gash+1","floor":18},{"not_picked":["Barrage","Hologram"],"picked":"White Noise+1","floor":19}],"player_experience":781453,"relics_obtained":[{"floor":6.0,"key":"Pear"},{"floor":9.0,"key":"The Courier"}],"event_choices":[{"damage_healed":0.0,"max_hp_gain":0.0,"max_hp_loss":7.0,"gold_gain":0.0,"event_name":"Golden Idol","player_choice":"Lose Max HP","floor":2.0,"gold_loss":0.0,"damage_taken":0.0,"relics_obtained":["Golden Idol"]},{"damage_healed":0.0,"max_hp_gain":0.0,"max_hp_loss":0.0,"gold_gain":0.0,"cards_transformed":["Strike_B"],"event_name":"Living Wall","player_choice":"Change","floor":3.0,"gold_loss":0.0,"damage_taken":0.0,"cards_obtained":["All For One"]},{"damage_healed":0.0,"max_hp_gain":0.0,"max_hp_loss":0.0,"gold_gain":0.0,"event_name":"Shining Light","player_choice":"Entered Light","floor":4.0,"gold_loss":0.0,"damage_taken":19.0,"cards_upgraded":["All For One","Strike_B"]},{"damage_healed":0.0,"max_hp_gain":0.0,"max_hp_loss":0.0,"gold_gain":150.0,"event_name":"Liars Game","player_choice":"AGREE","floor":5.0,"gold_loss":0.0,"damage_taken":0.0,"cards_obtained":["Doubt"]},{"cards_removed":["Doubt"],"damage_healed":0.0,"max_hp_gain":0.0,"max_hp_loss":0.0,"gold_gain":0.0,"event_name":"Purifier","player_choice":"Purged","floor":8.0,"gold_loss":0.0,"damage_taken":0.0},{"damage_healed":0,"gold_gain":0,"player_choice":"Stole Relic","damage_taken":0,"relics_obtained":["Gremlin Horn"],"max_hp_gain":0,"max_hp_loss":0,"event_name":"Addict","floor":20,"gold_loss":0,"cards_obtained":["Shame"]},{"damage_healed":0,"gold_gain":0,"player_choice":"Ignored","damage_taken":0,"max_hp_gain":0,"max_hp_loss":0,"event_name":"The Mausoleum","floor":21,"gold_loss":0}],"is_beta":false,"boss_relics":[{"not_picked":["Sozu","Black Star"],"picked":"Inserter"}],"items_purged_floors":[14,22],"is_endless":false,"potions_floor_spawned":[1,11,16,19],"killed_by":"Slavers","ascension_level":20}}