{"host":"ws4mzzemcqsz5e2k","time":1610021039,"event":{"mods":["ATMod(阿瑾Mod)","Act Like it!","BaseMod","Better Synergies","Colored Powertips","Minty Spire (QoL Compilation)","Quick Restart","StSLib","没有小屋子和绿帽子啦"],"gold_per_floor":[112,130,55,55,71,71,98,98,150,177,177,190,190,200,200,276,276,286,303,37,37,53,53,78,78,105,105,119,34,69,131,131,280,280,421,524,157,157,157,157,200,200,200,345,387,387,387,387,387,412,412],"floor_reached":50,"playtime":1640,"items_purged":["Strike_G","Strike_G"],"score":1101,"play_id":"f78434f5-0256-48cd-9481-28cf959a73db","local_time":"20210107200359","is_ascension_mode":true,"campfire_choices":[{"data":"AT_OneInchPunch","floor":6.0,"key":"SMITH"},{"floor":15.0,"key":"RECALL"},{"data":"Phantasmal Killer","floor":23.0,"key":"SMITH"},{"data":"Terror","floor":25.0,"key":"SMITH"},{"data":"Acrobatics","floor":32.0,"key":"SMITH"},{"data":"Blade Dance","floor":40.0,"key":"SMITH"},{"data":"AT_Desolate","floor":42.0,"key":"SMITH"},{"data":"Predator","floor":46.0,"key":"SMITH"},{"data":"Ghostly","floor":49.0,"key":"SMITH"}],"circlet_count":0,"master_deck":["AscendersBane","Strike_G","Strike_G","Strike_G","Defend_G","Defend_G","Defend_G","Defend_G","Defend_G","Survivor","Neutralize+1","AT_OneInchPunch+1","Predator+1","Blade Dance+1","Phantasmal Killer+1","Acrobatics+1","Blade Dance+1","Terror+1","Ghostly+1","Ghostly","Ghostly","Bullet Time","Bandage Up+1","Deep Breath+1","AT_Desolate+1"],"relics":["Ring of the Snake","AT_ATBox","NeowsBlessing","Lantern","AT_SeraphEmbrace","Paper Crane","Runic Dome","Sundial","Thread and Needle","Vajra","StrikeDummy","AT_MibuBalloonWealth","Sozu","Torii","Toxic Egg 2","Singing Bowl"],"acts_visited":["Exordium","TheCity","TheBeyond"],"potions_floor_usage":[50],"damage_taken":[{"damage":0.0,"enemies":"Cultist","floor":1.0,"turns":1.0},{"damage":0.0,"enemies":"2 Louse","floor":2.0,"turns":1.0},{"damage":0.0,"enemies":"Small Slimes","floor":5.0,"turns":1.0},{"damage":6.0,"enemies":"Gremlin Nob","floor":7.0,"turns":3.0},{"damage":10.0,"enemies":"3 Sentries","floor":10.0,"turns":8.0},{"damage":4.0,"enemies":"Red Slaver","floor":12.0,"turns":4.0},{"damage":0.0,"enemies":"Blue Slaver","floor":14.0,"turns":2.0},{"damage":25.0,"enemies":"Slime Boss","floor":16.0,"turns":9.0},{"damage":10.0,"enemies":"3 Byrds","floor":18.0,"turns":5.0},{"damage":0.0,"enemies":"Chosen","floor":19.0,"turns":2.0},{"damage":5.0,"enemies":"Snecko","floor":22.0,"turns":4.0},{"damage":1.0,"enemies":"Slavers","floor":24.0,"turns":4.0},{"damage":0.0,"enemies":"Sentry and Sphere","floor":28.0,"turns":4.0},{"damage":0.0,"enemies":"Book of Stabbing","floor":30.0,"turns":2.0},{"damage":0.0,"enemies":"Centurion and Healer","floor":31.0,"turns":4.0},{"damage":25.0,"enemies":"Collector","floor":33.0,"turns":6.0},{"damage":0.0,"enemies":"3 Darklings","floor":35.0,"turns":4.0},{"damage":0.0,"enemies":"2 Orb Walkers","floor":36.0,"turns":2.0},{"damage":0.0,"enemies":"Orb Walker","floor":41.0,"turns":2.0},{"damage":0.0,"enemies":"3 Darklings","floor":44.0,"turns":3.0},{"damage":0.0,"enemies":"Spire Growth","floor":45.0,"turns":3.0},{"damage":47,"enemies":"Donu and Deca","floor":50,"turns":5}],"seed_played":"9174568143499718962","potions_obtained":[{"floor":1.0,"key":"Ancient Potion"},{"floor":2.0,"key":"Block Potion"},{"floor":19.0,"key":"Fire Potion"},{"floor":30.0,"key":"DistilledChaos"},{"floor":33.0,"key":"SkillPotion"}],"is_trial":false,"path_per_floor":["M","M","$","?","M","R","E","$","T","E","?","M","?","M","R","B",null,"M","M","$","?","M","R","E","R","T","?","M","?","E","M","R","B",null,"M","?","$","?","?","R","M","R","T","M","M","R","?","?","R","B"],"character_chosen":"THE_SILENT","items_purchased":["Sundial","Toxic Egg 2"],"campfire_rested":0,"item_purchase_floors":[20,37],"current_hp_per_floor":[59,59,59,48,48,48,42,42,42,32,32,28,28,28,28,3,50,40,40,40,40,35,35,34,34,34,33,33,33,33,33,33,8,27,27,27,27,17,17,17,23,23,23,31,37,37,37,35,35,0,0],"gold":412,"neow_bonus":"THREE_ENEMY_KILL","is_daily":false,"chose_seed":false,"campfire_upgraded":8,"win_rate":0.0,"timestamp":1610021039,"path_taken":["M","?","$","?","M","R","E","$","T","E","?","M","?","?","R","BOSS","M","M","$","?","M","R","E","R","T","?","M","?","E","M","R","BOSS","M","?","$","?","?","R","M","R","T","M","?","R","?","?","R","BOSS"],"items_purchased_type":["Relic","Relic"],"build_version":"2020-12-22","purchased_purges":2,"victory":false,"max_hp_per_floor":[66,66,66,66,66,66,66,66,66,66,66,66,66,66,66,66,66,66,66,66,66,66,66,66,66,66,33,33,33,33,33,33,33,33,33,33,33,33,33,33,33,33,33,35,37,37,37,37,37,37,37],"card_choices":[{"not_picked":["Finisher","Slice","Quick Slash"],"picked":"SKIP","floor":1.0},{"not_picked":["Backflip","Flying Knee","Quick Slash"],"picked":"SKIP","floor":2.0},{"not_picked":["Distraction","Flying Knee","Dodge and Roll"],"picked":"SKIP","floor":5.0},{"not_picked":["Poisoned Stab","Backflip"],"picked":"Predator","floor":7.0},{"not_picked":["Concentrate","Prepared","Storm of Steel"],"picked":"SKIP","floor":10.0},{"not_picked":["Masterful Stab","Poisoned Stab","Deflect"],"picked":"SKIP","floor":12.0},{"not_picked":["Poisoned Stab","Quick Slash"],"picked":"Blade Dance","floor":14.0},{"not_picked":["Tools of the Trade","Doppelganger"],"picked":"Phantasmal Killer","floor":16.0},{"not_picked":["Underhanded Strike","Deflect"],"picked":"Acrobatics","floor":18.0},{"not_picked":["Dagger Spray+1","Poisoned Stab"],"picked":"Blade Dance+1","floor":19.0},{"not_picked":["Dodge and Roll","Sucker Punch","AT_TwilightShroud"],"picked":"SKIP","floor":22.0},{"not_picked":["Slice","Leg Sweep"],"picked":"Terror","floor":24.0},{"not_picked":["Doppelganger","Blade Dance","Quick Slash"],"picked":"SKIP","floor":28.0},{"not_picked":["Doppelganger","Blade Dance","Quick Slash"],"picked":"SKIP","floor":28.0},{"not_picked":["Doppelganger","Blade Dance","Quick Slash"],"picked":"SKIP","floor":28.0},{"not_picked":["Cloak And Dagger","Terror","Leg Sweep"],"picked":"SKIP","floor":30.0},{"not_picked":["Predator","Crippling Poison","Sucker Punch"],"picked":"SKIP","floor":31.0},{"not_picked":["Corpse Explosion","Die Die Die"],"picked":"Bullet Time","floor":33.0},{"not_picked":["Concentrate","Prepared","AT_WindFlip"],"picked":"SKIP","floor":35.0},{"not_picked":["Dramatic Entrance","Jack Of All Trades+1"],"picked":"Bandage Up+1","floor":38.0},{"not_picked":["Chrysalis+1","AT_EmpoweredMortalDraw"],"picked":"Deep Breath+1","floor":38.0},{"not_picked":["HandOfGreed","Madness+1"],"picked":"AT_FalsePromise","floor":38.0},{"not_picked":["Choke","Dagger Spray"],"picked":"AT_Desolate","floor":41.0},{"not_picked":["Blade Dance+1","Slice+1","Dodge and Roll+1"],"picked":"Singing Bowl","floor":44.0},{"not_picked":["Flying Knee","Backflip+1","Flechettes"],"picked":"Singing Bowl","floor":45.0}],"player_experience":1443267,"relics_obtained":[{"floor":7.0,"key":"AT_ArchangelStaff"},{"floor":10.0,"key":"Paper Crane"},{"floor":24.0,"key":"Thread and Needle"},{"floor":26.0,"key":"Vajra"},{"floor":30.0,"key":"AT_MibuBalloonWealth"},{"floor":36.0,"key":"Torii"},{"floor":43.0,"key":"Singing Bowl"}],"event_choices":[{"damage_healed":0.0,"max_hp_gain":0.0,"max_hp_loss":0.0,"gold_gain":0.0,"event_name":"Scrap Ooze","player_choice":"Success","floor":4.0,"gold_loss":0.0,"damage_taken":11.0,"relics_obtained":["Lantern"]},{"damage_healed":0.0,"max_hp_gain":0.0,"max_hp_loss":0.0,"gold_gain":0.0,"event_name":"Liars Game","player_choice":"Ignored","floor":11.0,"gold_loss":0.0,"damage_taken":0.0},{"damage_healed":0.0,"max_hp_gain":0.0,"max_hp_loss":0.0,"gold_gain":0.0,"event_name":"Upgrade Shrine","player_choice":"Upgraded","floor":13.0,"gold_loss":0.0,"damage_taken":0.0,"cards_upgraded":["Neutralize"]},{"damage_healed":0.0,"max_hp_gain":0.0,"max_hp_loss":0.0,"gold_gain":0.0,"event_name":"Cursed Tome","player_choice":"Ignored","floor":21.0,"gold_loss":0.0,"damage_taken":0.0},{"damage_healed":0.0,"max_hp_gain":0.0,"max_hp_loss":33.0,"gold_gain":0.0,"event_name":"Ghosts","player_choice":"Became a Ghost","floor":27.0,"gold_loss":0.0,"damage_taken":0.0,"cards_obtained":["Ghostly","Ghostly","Ghostly"]},{"damage_healed":0.0,"max_hp_gain":0.0,"max_hp_loss":0.0,"gold_gain":0.0,"event_name":"Addict","player_choice":"Obtained Relic","floor":29.0,"gold_loss":85.0,"damage_taken":0.0,"relics_obtained":["StrikeDummy"]},{"damage_healed":0.0,"max_hp_gain":0.0,"max_hp_loss":0.0,"gold_gain":0.0,"event_name":"Mysterious Sphere","player_choice":"Fight","floor":36.0,"gold_loss":0.0,"damage_taken":0.0},{"damage_healed":0.0,"max_hp_gain":0.0,"max_hp_loss":0.0,"gold_gain":0.0,"event_name":"SensoryStone","player_choice":"Memory 3","floor":38.0,"gold_loss":0.0,"damage_taken":10.0},{"cards_removed":["AT_FalsePromise"],"damage_healed":0.0,"max_hp_gain":0.0,"max_hp_loss":0.0,"gold_gain":0.0,"event_name":"Falling","player_choice":"Removed Power","floor":39.0,"gold_loss":0.0,"damage_taken":0.0},{"damage_healed":0.0,"max_hp_gain":0.0,"max_hp_loss":0.0,"gold_gain":0.0,"event_name":"Tomb of Lord Red Mask","player_choice":"Ignored","floor":47.0,"gold_loss":0.0,"damage_taken":0.0},{"damage_healed":0.0,"max_hp_gain":0.0,"max_hp_loss":0.0,"gold_gain":0.0,"event_name":"The Woman in Blue","player_choice":"Bought 0 Potions","floor":48.0,"gold_loss":0.0,"damage_taken":0.0}],"is_beta":false,"boss_relics":[{"not_picked":["Pandora\u0027s Box","AT_MortalBlade"],"picked":"Runic Dome"},{"not_picked":["Fusion Hammer","SacredBark"],"picked":"Sozu"}],"items_purged_floors":[3,37],"is_endless":false,"potions_floor_spawned":[1,2,7,10,19,30,33,35,36],"killed_by":"Donu and Deca","ascension_level":20}}