{"host":"qxeepl7ydvsgmfdb","time":1610002288,"event":{"mods":["AchievementEnabler","BaseMod","Colored Powertips","Minty Spire (QoL Compilation)","Quick Restart","slay the spire mod where everything is the same but ironclad has a cowboy hat"],"gold_per_floor":[109,109,72,72,72,101,101,119,119,135,164,184,202,82,82,82,82],"floor_reached":16,"playtime":443,"items_purged":["Strike_G"],"score":180,"play_id":"b1731f37-9a07-479e-89f3-4cfbd42272a5","local_time":"20210107015128","is_ascension_mode":true,"campfire_choices":[{"data":"Noxious Fumes","floor":7,"key":"SMITH"},{"floor":15,"key":"REST"}],"circlet_count":0,"master_deck":["Strike_G","Strike_G","Strike_G","Defend_G","Defend_G","Defend_G","Defend_G","Survivor","Neutralize","Noxious Fumes+1","Infinite Blades","Cloak And Dagger","Distraction","Sucker Punch","Backflip","Blade Dance"],"relics":["Ring of the Snake","NeowsBlessing","Ice Cream","Pear","Question Card","Bottled Tornado","Odd Mushroom"],"acts_visited":["Exordium"],"potions_floor_usage":[12],"damage_taken":[{"damage":0,"enemies":"Small Slimes","floor":1,"turns":1},{"damage":0,"enemies":"Lagavulin","floor":6,"turns":1},{"damage":0,"enemies":"Cultist","floor":8,"turns":1},{"damage":0,"enemies":"2 Louse","floor":10,"turns":2},{"damage":32,"enemies":"Gremlin Nob","floor":11,"turns":5},{"damage":12,"enemies":"The Mushroom Lair","floor":12,"turns":4},{"damage":22,"enemies":"Large Slime","floor":13,"turns":6},{"damage":48,"enemies":"Hexaghost","floor":16,"turns":10}],"seed_played":"5702807595338341470","potions_obtained":[{"floor":10,"key":"SkillPotion"},{"floor":12,"key":"FairyPotion"},{"floor":13,"key":"EssenceOfSteel"}],"is_trial":false,"path_per_floor":["M","?","$","T","?","E","R","M","T","M","E","?","M","$","R","B"],"character_chosen":"THE_SILENT","items_purchased":["Noxious Fumes","Blade Dance"],"campfire_rested":1,"item_purchase_floors":[3,14],"current_hp_per_floor":[63,63,63,63,56,66,66,66,66,66,34,22,24,24,48,0,0],"gold":82,"neow_bonus":"THREE_ENEMY_KILL","is_daily":false,"chose_seed":false,"campfire_upgraded":1,"win_rate":0.0,"timestamp":1610002288,"path_taken":["M","?","$","?","?","E","R","M","T","M","E","?","?","$","R","BOSS"],"items_purchased_type":["Card","Card"],"build_version":"2020-12-22","purchased_purges":1,"victory":false,"max_hp_per_floor":[70,70,70,70,70,80,80,80,80,80,80,80,80,80,80,80,80],"card_choices":[{"not_picked":["Bane","Flying Knee","Underhanded Strike"],"picked":"SKIP","floor":1},{"not_picked":["Doppelganger","PiercingWail","Skewer"],"picked":"SKIP","floor":6},{"not_picked":["Dodge and Roll","Accuracy"],"picked":"Infinite Blades","floor":8},{"not_picked":["Flechettes","Leg Sweep","Eviscerate"],"picked":"Cloak And Dagger","floor":10},{"not_picked":["Heel Hook","Tactician","Reflex"],"picked":"Distraction","floor":11},{"not_picked":["Expertise","Acrobatics","Riddle With Holes"],"picked":"Sucker Punch","floor":12},{"not_picked":["Calculated Gamble","Dodge and Roll","Bane"],"picked":"Backflip","floor":13}],"player_experience":382723,"relics_obtained":[{"floor":4,"key":"Ice Cream"},{"floor":6,"key":"Pear"},{"floor":9,"key":"Question Card"},{"floor":11,"key":"Bottled Tornado"},{"floor":12,"key":"Odd Mushroom"}],"event_choices":[{"cards_removed":["Strike_G"],"damage_healed":0,"gold_gain":0,"player_choice":"Offered Basic","damage_taken":0,"max_hp_gain":0,"max_hp_loss":0,"event_name":"Bonfire Elementals","floor":2,"gold_loss":0},{"cards_removed":["Defend_G"],"damage_healed":0,"gold_gain":0,"player_choice":"Card Removal","damage_taken":7,"max_hp_gain":0,"max_hp_loss":0,"event_name":"Golden Wing","floor":5,"gold_loss":0},{"damage_healed":0,"gold_gain":0,"player_choice":"Fought Mushrooms","damage_taken":0,"max_hp_gain":0,"max_hp_loss":0,"event_name":"Mushrooms","floor":12,"gold_loss":0}],"is_beta":false,"boss_relics":[],"items_purged_floors":[14],"is_endless":false,"potions_floor_spawned":[10,12,13],"killed_by":"Hexaghost","ascension_level":7}}