{"host":"9eiowk8mxro5m2sz","time":1610019854,"event":{"mods":["ATMod(阿瑾Mod)","Act Like it!","Alarm Clock","Arknights The Spire","BaseMod","CapriCore","Decade(王小明)","Friendly Minions","Gensokyo","Kiyohime（清姬）","LagranYue(拉格朗・月)","Luminous","Minty Spire (QoL Compilation)","Prisma Mod","Quick Restart","Reimu（博丽灵梦）","Relic Stats","Replay The Spire","StSLib","The Alterego","The Immortal","The Servant 0.9.4","WarShipGirlsR/战舰少女R mod","Yakumo Yukari mod","Yohane!","Youmu（魂魄妖梦）","Yuri Mod","Yuyuko","【遗物卡牌】REMEMod"],"gold_per_floor":[127,154,154,154,164,164,191,222,292,292,292,292,319,326,326,306,306],"floor_reached":16,"playtime":487,"items_purged":[],"score":102,"play_id":"4ed52b3f-65d5-4dc7-8ac8-917958299977","local_time":"20210107194414","daily_mods":["Heirloom","Time Dilation","Flight"],"is_ascension_mode":false,"campfire_choices":[{"data":"AT_MachinaRedman","floor":6,"key":"SMITH"},{"floor":10,"key":"REST"},{"data":"ats:Directed Diagnosis","floor":11,"key":"SMITH"},{"floor":15,"key":"REST"}],"circlet_count":0,"master_deck":["ats:Strike C","ats:Strike G","ats:Strike S","ats:Strike V","ats:Armor Crushing Shot+1","ats:Defend","ats:Defend","ats:Defend","ats:Defend","ats:Emotion Absorption+1","AT_MachinaRedman+1","OctopathBindingBorder2:ReiMu","ats:Composite Medical Shells","ats:Hammer On","Poor:ReiMu","ats:Assault Order","ats:Soul Rend","ats:Directed Diagnosis+1","ats:Revitalization"],"relics":["ats:Sanity","REME_ComplimentaryCards","AT_ATBox","ats:Gyao","YidongShenshe:ReiMu","ats:Originium","ats:Military Tradition","Vajra"],"acts_visited":["Exordium"],"potions_floor_usage":[14],"damage_taken":[{"damage":1,"enemies":"Jaw Worm","floor":1,"turns":2},{"damage":10,"enemies":"Small Slimes","floor":2,"turns":2},{"damage":1,"enemies":"Cultist","floor":5,"turns":3},{"damage":32,"enemies":"Gremlin Nob","floor":7,"turns":4},{"damage":8,"enemies":"3 Louse","floor":8,"turns":2},{"damage":16,"enemies":"2 Fungi Beasts","floor":13,"turns":3},{"damage":9,"enemies":"Blue Slaver","floor":14,"turns":3},{"damage":32,"enemies":"Slime Boss","floor":16,"turns":7}],"seed_played":"-6246767336996099554","potions_obtained":[{"floor":2,"key":"LiquidMemories"},{"floor":5,"key":"GrandPatriotsElixir:ReiMu"},{"floor":8,"key":"SneckoOil"}],"is_trial":true,"path_per_floor":["M","M","?","?","M","R","E","M","T","R","R","?","M","M","R","B"],"character_chosen":"DOCTOR_CLASS","items_purchased":[],"campfire_rested":2,"item_purchase_floors":[],"current_hp_per_floor":[71,61,61,47,46,46,14,6,6,27,27,27,12,3,24,0,0],"gold":306,"neow_bonus":"","is_daily":false,"chose_seed":false,"campfire_upgraded":2,"win_rate":0.0,"timestamp":1610019854,"path_taken":["M","M","?","?","M","R","E","?","T","R","R","?","M","M","R","BOSS"],"items_purchased_type":[],"build_version":"2020-12-22","purchased_purges":0,"victory":false,"max_hp_per_floor":[72,72,72,72,72,72,72,72,72,72,72,72,72,72,72,72,72],"relic_stats":{"counters":[8,25],"obtain_stats":[{"AT_ATBox":0,"ats:Originium":7,"Vajra":9,"YidongShenshe:ReiMu":3,"ats:Sanity":0,"ats:Military Tradition":7,"REME_ComplimentaryCards":0,"ats:Gyao":0},{"AT_ATBox":0,"ats:Originium":4,"Vajra":5,"YidongShenshe:ReiMu":2,"ats:Sanity":0,"ats:Military Tradition":4,"REME_ComplimentaryCards":0,"ats:Gyao":0},{"AT_ATBox":0,"ats:Originium":10,"Vajra":12,"YidongShenshe:ReiMu":4,"ats:Sanity":0,"ats:Military Tradition":10,"REME_ComplimentaryCards":0,"ats:Gyao":0}]},"card_choices":[{"not_picked":["ats:Childhood Dance","ats:Defend Order"],"picked":"ats:Composite Medical Shells","floor":1},{"not_picked":["ats:Poison Spread","ats:Counter Healing Mode"],"picked":"ats:Hammer On","floor":2},{"not_picked":["ats:Shell Defense","ats:Leaping Hammer"],"picked":"ats:Assault Order","floor":5},{"not_picked":["ats:Song Of Battle","ats:Echo Reverb"],"picked":"ats:Soul Rend","floor":7},{"not_picked":["ats:Curse Doll","ats:Mental Burst"],"picked":"ats:Directed Diagnosis","floor":8},{"not_picked":["ats:Charging Defense","ats:Chain Hook","ats:Assault Order"],"picked":"SKIP","floor":13},{"not_picked":["ats:Explosion Area Strengthen","ats:Very Hot Blade"],"picked":"ats:Revitalization","floor":14}],"player_experience":595229,"relics_obtained":[{"floor":7,"key":"ats:Originium"},{"floor":7,"key":"ats:Military Tradition"},{"floor":9,"key":"Vajra"}],"event_choices":[{"damage_healed":0,"gold_gain":0,"player_choice":"带走神社","damage_taken":0,"relics_obtained":["YidongShenshe:ReiMu"],"max_hp_gain":0,"max_hp_loss":0,"event_name":"yidonshenshe","floor":3,"gold_loss":0,"cards_obtained":["Poor:ReiMu"]},{"damage_healed":0,"gold_gain":0,"player_choice":"Entered Light","damage_taken":14,"max_hp_gain":0,"max_hp_loss":0,"event_name":"Shining Light","floor":4,"gold_loss":0,"cards_upgraded":["ats:Armor Crushing Shot","ats:Emotion Absorption"]},{"damage_healed":0,"gold_gain":0,"player_choice":"Ignored","damage_taken":0,"max_hp_gain":0,"max_hp_loss":0,"event_name":"Liars Game","floor":12,"gold_loss":0}],"is_beta":false,"boss_relics":[],"items_purged_floors":[],"is_endless":false,"potions_floor_spawned":[2,5,8],"killed_by":"Slime Boss","ascension_level":0}}