{"host":"y1gy3vaohdji07z5","time":1610035645,"event":{"mods":["AchievementEnabler","BaseMod","Colored Map","Colored Powertips","Hermit","Minty Spire (QoL Compilation)","Random Character Button","Rare Cards Sparkle","StSLib"],"gold_per_floor":[118,133,32,32,32,32,44,74,74,74,84,84,101,134,134,134,134],"floor_reached":16,"playtime":941,"items_purged":[],"score":127,"play_id":"5ac95e37-3bd8-4d03-9266-57d29f050a50","local_time":"20210107170725","is_ascension_mode":true,"campfire_choices":[{"data":"hermit:Manifest","floor":6,"key":"SMITH"},{"data":"hermit:FatalDesire","floor":10,"key":"SMITH"},{"data":"hermit:Quickdraw","floor":12,"key":"SMITH"},{"data":"hermit:Reprieve","floor":15,"key":"SMITH"}],"circlet_count":0,"master_deck":["hermit:Strike_Hermit","hermit:Strike_Hermit","hermit:Defend_Hermit","hermit:Defend_Hermit","hermit:Defend_Hermit","hermit:Defend_Hermit","hermit:Snapshot","hermit:Covet","Shame","hermit:Enervate","hermit:FatalDesire+1","hermit:Manifest+1","hermit:Quickdraw+1","Regret","hermit:Quickdraw","hermit:Reprieve+1"],"relics":["hermit:Momento","hermit:Horseshoe","Gremlin Horn","StrikeDummy","Vajra","Ornamental Fan"],"acts_visited":["Exordium"],"potions_floor_usage":[3,8,8,16],"damage_taken":[{"damage":2,"enemies":"2 Louse","floor":1,"turns":2},{"damage":9,"enemies":"Jaw Worm","floor":2,"turns":5},{"damage":0,"enemies":"Small Slimes","floor":7,"turns":4},{"damage":31,"enemies":"Lagavulin","floor":8,"turns":11},{"damage":1,"enemies":"3 Louse","floor":11,"turns":2},{"damage":0,"enemies":"Large Slime","floor":13,"turns":3},{"damage":10,"enemies":"3 Sentries","floor":14,"turns":6},{"damage":38,"enemies":"Slime Boss","floor":16,"turns":6}],"seed_played":"-3662199503420253828","potions_obtained":[{"floor":1,"key":"Regen Potion"},{"floor":2,"key":"DistilledChaos"},{"floor":14,"key":"SneckoOil"}],"is_trial":false,"path_per_floor":["M","M","$","?","?","R","M","E","T","R","M","R","M","E","R","B"],"character_chosen":"HERMIT","items_purchased":["Fruit Juice"],"campfire_rested":0,"item_purchase_floors":[3],"current_hp_per_floor":[73,64,69,57,57,57,57,41,41,41,40,40,40,30,30,0,0],"gold":134,"neow_bonus":"TRANSFORM_TWO_CARDS","is_daily":false,"chose_seed":false,"campfire_upgraded":4,"win_rate":0.0,"timestamp":1610035645,"path_taken":["M","M","$","?","?","R","?","E","T","R","M","R","M","E","R","BOSS"],"items_purchased_type":["Potion"],"build_version":"2020-12-22","purchased_purges":0,"victory":false,"max_hp_per_floor":[75,75,80,80,80,80,80,80,80,80,80,80,80,80,80,80,80],"card_choices":[{"not_picked":["hermit:HighCaliber","hermit:ItchyTrigger"],"picked":"hermit:Manifest","floor":1},{"not_picked":["hermit:Roulette","hermit:Headshot"],"picked":"hermit:Quickdraw","floor":2},{"not_picked":["hermit:Glare","hermit:DeadMansHand","hermit:Roulette"],"picked":"SKIP","floor":7},{"not_picked":["hermit:Glare","hermit:Horror","hermit:TakeAim"],"picked":"SKIP","floor":8},{"not_picked":["hermit:Misfire","hermit:Maintenance"],"picked":"hermit:Quickdraw","floor":11},{"not_picked":["hermit:Virtue","hermit:Deadeye","hermit:HoleUp"],"picked":"SKIP","floor":13},{"not_picked":["hermit:Showdown","hermit:LuckOfTheDraw"],"picked":"hermit:Reprieve","floor":14}],"player_experience":399405,"relics_obtained":[{"floor":8,"key":"StrikeDummy"},{"floor":9,"key":"Vajra"},{"floor":14,"key":"Ornamental Fan"}],"event_choices":[{"damage_healed":0,"gold_gain":0,"player_choice":"Success","damage_taken":12,"relics_obtained":["hermit:Horseshoe"],"max_hp_gain":0,"max_hp_loss":0,"event_name":"Scrap Ooze","floor":4,"gold_loss":0},{"damage_healed":0,"gold_gain":0,"player_choice":"Box","damage_taken":0,"relics_obtained":["Gremlin Horn"],"max_hp_gain":0,"max_hp_loss":0,"event_name":"Big Fish","floor":5,"gold_loss":0,"cards_obtained":["Regret"]}],"is_beta":false,"boss_relics":[],"items_purged_floors":[],"is_endless":false,"potions_floor_spawned":[1,2,14],"killed_by":"Slime Boss","ascension_level":3}}