{"host":"ds1yr10zonoc6w4a","time":1610001389,"event":{"mods":["BaseMod","Better Match","Better Third Choice","BetterRewards","Minty Spire (QoL Compilation)","StSLib","The Animator"],"gold_per_floor":[124,156,110,35,35,35,5,5,5,5,19,65,82,110,110,184,184,124,124,124,124,124,124,124,124],"floor_reached":24,"playtime":1972,"items_purged":["animator:Strike"],"score":416,"play_id":"eb9d13f2-f217-42c8-8e9f-0e197ea507e1","local_time":"20210106233629","is_ascension_mode":true,"campfire_choices":[{"data":"animator:Demiurge","floor":6,"key":"SMITH"},{"data":"animator:Demiurge","floor":8,"key":"SMITH"},{"data":"animator:Geryuganshoop","floor":15,"key":"SMITH"},{"floor":23,"key":"REST"}],"circlet_count":0,"master_deck":["AscendersBane","animator:Defend_Overlord","animator:Strike","animator:Strike","animator:Defend","animator:Defend","animator:Cocytus","animator:Demiurge+1","animator:Megumin+5","animator:Albedo","animator:Demiurge+1","animator:Vanir","animator:Entoma+2","animator:Geryuganshoop+1","animator:PandorasActor","animator:Shiro","animator:DolaStephanie"],"relics":["animator:LivingPicture","animator:TheMissingPiece","animator:PurgingStone","NeowsBlessing","betterThird:SlimedRelic","Potion Belt","Pantograph","Meat on the Bone","Ectoplasm","Nilry\u0027s Codex","Regal Pillow"],"acts_visited":["Exordium","TheCity"],"potions_floor_usage":[13,14,16],"damage_taken":[{"damage":0,"enemies":"Small Slimes","floor":1,"turns":1},{"damage":0,"enemies":"Jaw Worm","floor":11,"turns":1},{"damage":0,"enemies":"Lagavulin","floor":12,"turns":1},{"damage":6,"enemies":"Cultist","floor":13,"turns":5},{"damage":29,"enemies":"3 Sentries","floor":14,"turns":13},{"damage":27,"enemies":"The Guardian","floor":16,"turns":14},{"damage":19,"enemies":"2 Thieves","floor":18,"turns":4},{"damage":26,"enemies":"Shell Parasite","floor":19,"turns":9},{"damage":39,"enemies":"Centurion and Healer","floor":24,"turns":7}],"seed_played":"-98671227558899933","potions_obtained":[{"floor":1,"key":"Weak Potion"},{"floor":12,"key":"Strength Potion"},{"floor":13,"key":"LiquidBronze"},{"floor":19,"key":"animator:FalseLifePotion"}],"is_trial":false,"path_per_floor":["M","?","?","$","?","R","$","R","T","$","M","E","M","E","R","B",null,"M","M","?","T","?","R","M"],"character_chosen":"THE_ANIMATOR","items_purchased":["animator:Demiurge"],"campfire_rested":1,"item_purchase_floors":[7],"current_hp_per_floor":[54,54,43,43,43,43,43,43,43,43,44,44,40,12,12,22,54,37,23,2,2,2,36,0,0],"gold":124,"neow_bonus":"THREE_ENEMY_KILL","is_daily":false,"chose_seed":false,"campfire_upgraded":3,"win_rate":0.0,"timestamp":1610001389,"path_taken":["M","?","?","$","?","R","$","R","T","$","?","E","M","E","R","BOSS","M","M","?","?","?","R","M"],"items_purchased_type":["Card"],"build_version":"2020-12-22","purchased_purges":1,"victory":false,"max_hp_per_floor":[60,60,60,60,60,60,60,60,60,60,61,61,63,64,64,64,64,66,66,66,66,66,66,66,66],"card_choices":[{"not_picked":["animator:Verdia","animator:Lu"],"picked":"animator:Megumin","floor":1},{"not_picked":["animator:Shichika","animator:Mitsuba"],"picked":"animator:Vanir","floor":11},{"not_picked":["animator:Berserker","animator:Verdia"],"picked":"animator:Entoma","floor":12},{"not_picked":["animator:Sonic","animator:MumenRider"],"picked":"animator:Geryuganshoop","floor":13},{"not_picked":["animator:EmiyaShirou","animator:Yuuichirou"],"picked":"animator:PandorasActor","floor":14},{"not_picked":["animator:Saitama","animator:Albedo"],"picked":"animator:Shiro","floor":16},{"not_picked":["animator:DolaRiku","animator:LizardPriest"],"picked":"animator:Megumin","floor":18},{"not_picked":["animator:Aqua","animator:DolaCouronne"],"picked":"animator:DolaStephanie","floor":19}],"player_experience":668311,"relics_obtained":[{"floor":9,"key":"Potion Belt"},{"floor":12,"key":"Pantograph"},{"floor":14,"key":"Meat on the Bone"},{"floor":20,"key":"Nilry\u0027s Codex"}],"event_choices":[{"damage_healed":0,"gold_gain":0,"player_choice":"Slimed","damage_taken":11,"max_hp_gain":0,"max_hp_loss":0,"event_name":"betterThird:BetterGoop","floor":3,"gold_loss":46},{"damage_healed":0,"gold_gain":0,"cards_transformed":["animator:Defend"],"player_choice":"Transformed","damage_taken":0,"max_hp_gain":0,"max_hp_loss":0,"event_name":"Transmorgrifier","floor":5,"gold_loss":0,"cards_obtained":["animator:Albedo"]},{"damage_healed":0,"gold_gain":0,"player_choice":"Obtained Book","damage_taken":21,"max_hp_gain":0,"max_hp_loss":0,"event_name":"Cursed Tome","floor":20,"gold_loss":0},{"damage_healed":0,"gold_gain":0,"player_choice":"Gave Potion","damage_taken":0,"relics_obtained":["Regal Pillow"],"max_hp_gain":0,"max_hp_loss":0,"event_name":"WeMeetAgain","floor":22,"gold_loss":0}],"is_beta":false,"boss_relics":[{"not_picked":["Pandora\u0027s Box","Cursed Key"],"picked":"Ectoplasm"}],"items_purged_floors":[4],"is_endless":false,"potions_floor_spawned":[1,12,13,19],"killed_by":"Centurion and Healer","ascension_level":17}}