{"host":"9l1knhxfturzliqa","time":1610020133,"event":{"mods":["BaseMod","Colored Map","Colored Powertips","DeckTracker","Highlight Path","Keyboard Shortcuts","Minty Spire (QoL Compilation)","Random Character Button"],"gold_per_floor":[111,129,141,69,84,84,112,112,112,112,173,183,183,198,198,301,301,315,327,341,58,157,157,187,102,102,112,112,128,128,139,139,139,139],"floor_reached":33,"playtime":1862,"items_purged":[],"score":417,"play_id":"2e5d6059-78c0-4ddf-8fca-c8b6eee75cb3","local_time":"20210107204853","is_ascension_mode":true,"campfire_choices":[{"data":"Noxious Fumes","floor":6.0,"key":"SMITH"},{"data":"After Image","floor":8.0,"key":"SMITH"},{"data":"Blade Dance","floor":10.0,"key":"SMITH"},{"floor":15.0,"key":"REST"},{"data":"Malaise","floor":23.0,"key":"SMITH"},{"data":"Venomology","floor":30.0,"key":"SMITH"},{"floor":32.0,"key":"REST"}],"circlet_count":0,"master_deck":["AscendersBane","Strike_G+1","Strike_G","Strike_G+1","Strike_G","Defend_G","Defend_G","Defend_G","Defend_G","Defend_G","Survivor","Neutralize","After Image+1","Masterful Stab","Blade Dance+1","Corpse Explosion","Noxious Fumes+1","Sucker Punch","Deadly Poison","Blur","Dodge and Roll","Crippling Poison","Malaise+1","PiercingWail","PiercingWail+1","Dagger Spray+1","Infinite Blades","Outmaneuver","Storm of Steel","Venomology+1","Backstab+1"],"relics":["Ring of the Snake","Bag of Preparation","Bag of Marbles","Letter Opener","Mummified Hand","Whetstone","Pear","PreservedInsect"],"acts_visited":["Exordium","TheCity"],"potions_floor_usage":[33,33],"damage_taken":[{"damage":0.0,"enemies":"Jaw Worm","floor":1.0,"turns":6.0},{"damage":1.0,"enemies":"Small Slimes","floor":2.0,"turns":5.0},{"damage":0.0,"enemies":"Cultist","floor":3.0,"turns":3.0},{"damage":4.0,"enemies":"Blue Slaver","floor":5.0,"turns":5.0},{"damage":9.0,"enemies":"Gremlin Nob","floor":7.0,"turns":5.0},{"damage":28.0,"enemies":"Gremlin Nob","floor":11.0,"turns":5.0},{"damage":9.0,"enemies":"Exordium Wildlife","floor":12.0,"turns":4.0},{"damage":0.0,"enemies":"3 Louse","floor":14.0,"turns":2.0},{"damage":24.0,"enemies":"Slime Boss","floor":16.0,"turns":8.0},{"damage":0.0,"enemies":"3 Byrds","floor":18.0,"turns":3.0},{"damage":30.0,"enemies":"2 Thieves","floor":19.0,"turns":3.0},{"damage":0.0,"enemies":"Snake Plant","floor":20.0,"turns":5.0},{"damage":7.0,"enemies":"Book of Stabbing","floor":24.0,"turns":8.0},{"damage":2.0,"enemies":"Centurion and Healer","floor":27.0,"turns":5.0},{"damage":13.0,"enemies":"Sentry and Sphere","floor":29.0,"turns":5.0},{"damage":0.0,"enemies":"Snake Plant","floor":31.0,"turns":7.0},{"damage":41,"enemies":"Collector","floor":33,"turns":6}],"seed_played":"-1477954517673870744","potions_obtained":[{"floor":2.0,"key":"PowerPotion"},{"floor":3.0,"key":"LiquidMemories"},{"floor":14.0,"key":"Swift Potion"},{"floor":19.0,"key":"SkillPotion"},{"floor":20.0,"key":"SpeedPotion"},{"floor":29.0,"key":"Swift Potion"}],"is_trial":false,"path_per_floor":["M","M","M","$","M","R","E","R","T","R","?","M","?","M","R","B",null,"M","M","M","$","?","R","E","?","T","M","?","M","R","M","R","B"],"character_chosen":"THE_SILENT","items_purchased":["Noxious Fumes","Mummified Hand","Infinite Blades"],"campfire_rested":2,"item_purchase_floors":[4,21,21],"current_hp_per_floor":[63,62,62,62,58,58,49,49,49,49,21,12,12,12,30,6,49,49,19,19,19,19,19,12,22,22,20,20,7,7,7,28,0,0],"gold":139,"neow_bonus":"THREE_RARE_CARDS","is_daily":false,"chose_seed":false,"campfire_upgraded":5,"win_rate":0.0,"timestamp":1610020133,"path_taken":["M","M","M","$","M","R","E","R","T","R","?","M","?","?","R","BOSS","M","M","M","$","?","R","E","?","T","M","?","M","R","M","R","BOSS"],"items_purchased_type":["Card","Relic","Card"],"build_version":"2020-12-22","purchased_purges":0,"victory":false,"max_hp_per_floor":[63,63,63,63,63,63,63,63,63,63,63,63,63,63,63,63,63,63,63,63,63,63,63,63,73,73,73,73,73,73,73,73,73,73],"card_choices":[{"not_picked":["Bullet Time","Tools of the Trade"],"picked":"After Image","floor":0.0},{"not_picked":["Poisoned Stab","Cloak And Dagger"],"picked":"Masterful Stab","floor":1.0},{"not_picked":["Terror","Slice"],"picked":"Blade Dance","floor":2.0},{"not_picked":["Masterful Stab","Terror"],"picked":"Corpse Explosion","floor":3.0},{"not_picked":["Dash","All Out Attack"],"picked":"Sucker Punch","floor":5.0},{"not_picked":["Skewer","Caltrops"],"picked":"Deadly Poison","floor":7.0},{"not_picked":["Tactician","Blade Dance"],"picked":"Blur","floor":11.0},{"not_picked":["Flechettes","Blur"],"picked":"Dodge and Roll","floor":12.0},{"not_picked":["Sucker Punch","Endless Agony"],"picked":"Crippling Poison","floor":14.0},{"not_picked":["A Thousand Cuts","Grand Finale"],"picked":"Malaise","floor":16.0},{"not_picked":["Dagger Throw+1","Prepared+1"],"picked":"PiercingWail","floor":18.0},{"not_picked":["Blade Dance+1","Acrobatics"],"picked":"PiercingWail+1","floor":19.0},{"not_picked":["Blade Dance","Expertise"],"picked":"Dagger Spray+1","floor":20.0},{"not_picked":["Blade Dance","Poisoned Stab"],"picked":"Outmaneuver","floor":24.0},{"not_picked":["Blade Dance","Poisoned Stab+1","Underhanded Strike+1"],"picked":"SKIP","floor":27.0},{"not_picked":["Bouncing Flask","Deflect+1"],"picked":"Venomology","floor":29.0},{"not_picked":["Tactician","Slice"],"picked":"Backstab+1","floor":31.0}],"player_experience":368556,"relics_obtained":[{"floor":7.0,"key":"Bag of Preparation"},{"floor":9.0,"key":"Bag of Marbles"},{"floor":11.0,"key":"Letter Opener"},{"floor":24.0,"key":"Whetstone"},{"floor":26.0,"key":"PreservedInsect"}],"event_choices":[{"damage_healed":0.0,"max_hp_gain":0.0,"max_hp_loss":0.0,"gold_gain":0.0,"event_name":"Dead Adventurer","player_choice":"Searched \u00272\u0027 times","floor":11.0,"gold_loss":0.0,"damage_taken":0.0},{"cards_removed":["Strike_G"],"damage_healed":0.0,"max_hp_gain":0.0,"max_hp_loss":0.0,"gold_gain":0.0,"event_name":"Purifier","player_choice":"Purged","floor":13.0,"gold_loss":0.0,"damage_taken":0.0},{"damage_healed":0.0,"max_hp_gain":0.0,"max_hp_loss":0.0,"gold_gain":99.0,"event_name":"Nest","player_choice":"Stole From Cult","floor":22.0,"gold_loss":0.0,"damage_taken":0.0},{"damage_healed":0.0,"max_hp_gain":0.0,"max_hp_loss":0.0,"gold_gain":0.0,"event_name":"Addict","player_choice":"Obtained Relic","floor":25.0,"gold_loss":85.0,"damage_taken":0.0,"relics_obtained":["Pear"]},{"damage_healed":0.0,"max_hp_gain":0.0,"max_hp_loss":0.0,"gold_gain":0.0,"event_name":"Match and Keep!","player_choice":"1 cards matched","floor":28.0,"gold_loss":0.0,"damage_taken":0.0,"cards_obtained":["Storm of Steel"]}],"is_beta":false,"boss_relics":[{"not_picked":["Velvet Choker","Fusion Hammer","Cursed Key"]}],"items_purged_floors":[],"is_endless":false,"potions_floor_spawned":[2,3,14,19,20,29],"killed_by":"Collector","ascension_level":11}}