{"host":"oiai0qxasotny765","time":1610028410,"event":{"mods":["2.2 Compatiblity","AchievementEnabler","BaseMod","Colored Map","Minty Spire (QoL Compilation)","Permanent Neow","Relic Stats","StSLib","SuperFastMode","everything is the same but u backflip on backflip"],"gold_per_floor":[115,125,143,28,47,82,82,114,163,188,216,216,216,216,216,288,288,298,298,309,327,153,186,201,251,251,176,176,126,126,76,76,152,152,170,120,138,138,149,149,161,186,213,247,247,267,280,293,293,293],"floor_reached":51,"playtime":2105,"items_purged":["Strike_R","Strike_R","Defend_R","Defend_R","Defend_R"],"score":1465,"play_id":"b7bb28b7-0596-4a4e-ae92-bc5000d3c43b","local_time":"20210107230650","is_ascension_mode":true,"campfire_choices":[{"data":"Feed","floor":7.0,"key":"SMITH"},{"data":"Fire Breathing","floor":12.0,"key":"SMITH"},{"floor":15.0,"key":"REST"},{"data":"Barricade","floor":28.0,"key":"SMITH"},{"data":"Entrench","floor":32.0,"key":"SMITH"},{"data":"Ghostly","floor":40.0,"key":"SMITH"},{"data":"Body Slam","floor":49,"key":"SMITH"}],"circlet_count":0,"master_deck":["AscendersBane","Defend_R","Bash","Parasite","Feed+1","Shrug It Off","Second Wind","Ghostly Armor","Fire Breathing+1","Wild Strike","Reckless Charge","Barricade+1","True Grit+1","Ghostly","Ghostly","Ghostly+1","Battle Trance","Evolve","Disarm","Entrench+1","Warcry+1","Body Slam+1","Battle Trance+1"],"relics":["Burning Blood","Blue Candle","Kunai","Happy Flower","Blood Vial","Odd Mushroom","TungstenRod","Empty Cage","Smiling Mask","Pocketwatch","Sundial","Mark of Pain","Magic Flower","Strawberry","Bottled Lightning"],"acts_visited":["Exordium","TheCity","TheBeyond"],"potions_floor_usage":[50,50],"damage_taken":[{"damage":2.0,"enemies":"2 Louse","floor":1.0,"turns":6.0},{"damage":11.0,"enemies":"Small Slimes","floor":2.0,"turns":4.0},{"damage":16.0,"enemies":"Jaw Worm","floor":3.0,"turns":6.0},{"damage":21.0,"enemies":"Large Slime","floor":5.0,"turns":8.0},{"damage":7.0,"enemies":"Lagavulin","floor":6.0,"turns":6.0},{"damage":27.0,"enemies":"3 Sentries","floor":8.0,"turns":6.0},{"damage":34.0,"enemies":"Lagavulin","floor":10.0,"turns":7.0},{"damage":18.0,"enemies":"The Mushroom Lair","floor":11.0,"turns":4.0},{"damage":29.0,"enemies":"Slime Boss","floor":16.0,"turns":6.0},{"damage":44.0,"enemies":"3 Byrds","floor":18.0,"turns":7.0},{"damage":5.0,"enemies":"Shell Parasite","floor":20.0,"turns":9.0},{"damage":14.0,"enemies":"Centurion and Healer","floor":21.0,"turns":9.0},{"damage":19.0,"enemies":"Slavers","floor":23.0,"turns":6.0},{"damage":13.0,"enemies":"Shelled Parasite and Fungi","floor":24.0,"turns":11.0},{"damage":0.0,"enemies":"Collector","floor":33.0,"turns":15.0},{"damage":0.0,"enemies":"Orb Walker","floor":35.0,"turns":5.0},{"damage":27.0,"enemies":"3 Darklings","floor":37.0,"turns":6.0},{"damage":0.0,"enemies":"Spire Growth","floor":39.0,"turns":8.0},{"damage":0.0,"enemies":"Sphere and 2 Shapes","floor":41.0,"turns":6.0},{"damage":0.0,"enemies":"Mind Bloom Boss Battle","floor":42.0,"turns":7.0},{"damage":0.0,"enemies":"Giant Head","floor":44.0,"turns":16.0},{"damage":0,"enemies":"Transient","floor":46,"turns":6},{"damage":10,"enemies":"3 Darklings","floor":47,"turns":7},{"damage":0,"enemies":"Writhing Mass","floor":48,"turns":6},{"damage":9,"enemies":"Awakened One","floor":50,"turns":9}],"seed_played":"-4370470534921949132","potions_obtained":[{"floor":1.0,"key":"BlessingOfTheForge"},{"floor":3.0,"key":"FairyPotion"},{"floor":8.0,"key":"Ancient Potion"},{"floor":11.0,"key":"BlessingOfTheForge"},{"floor":20.0,"key":"SpeedPotion"},{"floor":21.0,"key":"Weak Potion"},{"floor":33.0,"key":"PowerPotion"},{"floor":39.0,"key":"SkillPotion"},{"floor":48,"key":"EssenceOfSteel"}],"is_trial":false,"path_per_floor":["M","M","M","$","M","E","R","E","T","E","?","R","?","?","R","B",null,"M","?","M","M","$","E","M","?","T","?","R","$","T","$","R","B",null,"M","$","M","?","M","R","M","?","T","E","?","M","M","M","R","B",null],"character_chosen":"IRONCLAD","items_purchased":["Fire Breathing","Evolve"],"campfire_rested":1,"item_purchase_floors":[4,22],"current_hp_per_floor":[75,73,66,66,54,53,53,32,32,32,26,26,15,20,48,27,79,47,47,50,46,46,35,34,34,34,34,34,34,34,34,34,42,54,58,58,37,37,45,45,53,58,65,69,66,66,65,66,66,66],"gold":293,"neow_bonus":"THREE_RARE_CARDS","is_daily":false,"chose_seed":false,"campfire_upgraded":6,"win_rate":0.0,"timestamp":1610028410,"path_taken":["M","M","M","$","M","E","R","E","T","E","?","R","?","?","R","BOSS","M","?","M","M","$","E","M","?","T","?","R","$","?","$","R","BOSS","M","$","M","?","M","R","M","?","T","E","?","M","M","M","R","BOSS"],"items_purchased_type":["Card","Card"],"build_version":"2020-12-22","purchased_purges":5,"victory":true,"max_hp_per_floor":[78,81,84,84,87,87,87,87,87,87,91,91,91,96,96,96,96,100,50,50,54,54,54,58,58,58,58,58,58,58,58,58,58,58,58,58,58,58,58,58,58,58,65,69,66,66,66,66,66,66],"relic_stats":{"Blood Vial":23,"Happy Flower":[50],"counters":[25,186],"Sundial":[34],"Blue Candle":[1],"Magic Flower":[6],"Kunai":[7],"Smiling Mask":300,"obtain_stats":[{"Happy Flower":9,"Blue Candle":6,"Magic Flower":42,"Odd Mushroom":11,"Empty Cage":17,"Smiling Mask":23,"Burning Blood":0,"Blood Vial":10,"Sundial":30,"Strawberry":43,"Mark of Pain":34,"Kunai":8,"Bottled Lightning":44,"TungstenRod":13,"Pocketwatch":26},{"Happy Flower":6,"Blue Candle":5,"Magic Flower":20,"Odd Mushroom":8,"Empty Cage":9,"Smiling Mask":13,"Burning Blood":0,"Blood Vial":7,"Sundial":14,"Strawberry":20,"Mark of Pain":15,"Kunai":6,"Bottled Lightning":21,"TungstenRod":8,"Pocketwatch":14},{"Happy Flower":36,"Blue Candle":30,"Magic Flower":142,"Odd Mushroom":47,"Empty Cage":53,"Smiling Mask":84,"Burning Blood":0,"Blood Vial":43,"Sundial":95,"Strawberry":142,"Mark of Pain":110,"Kunai":36,"Bottled Lightning":158,"TungstenRod":47,"Pocketwatch":95}],"Burning Blood":131,"TungstenRod":70,"Pocketwatch":[52]},"card_choices":[{"not_picked":["Impervious","Berserk"],"picked":"Feed","floor":0.0},{"not_picked":["Rage","Havoc"],"picked":"Shrug It Off","floor":1.0},{"not_picked":["Twin Strike","Hemokinesis"],"picked":"Second Wind","floor":2.0},{"not_picked":["True Grit","Headbutt"],"picked":"Ghostly Armor","floor":3.0},{"not_picked":["Iron Wave","True Grit"],"picked":"Carnage","floor":5.0},{"not_picked":["Double Tap","Clothesline"],"picked":"Wild Strike","floor":6.0},{"not_picked":["Armaments","Flex","Twin Strike"],"picked":"SKIP","floor":8.0},{"not_picked":["Flame Barrier","Wild Strike","Clothesline"],"picked":"SKIP","floor":10.0},{"not_picked":["Infernal Blade","Thunderclap"],"picked":"Reckless Charge","floor":11.0},{"not_picked":["Bludgeon","Fiend Fire"],"picked":"Barricade","floor":16.0},{"not_picked":["Clash","Pommel Strike"],"picked":"True Grit+1","floor":18.0},{"not_picked":["Cleave","Rampage","Anger"],"picked":"SKIP","floor":20.0},{"not_picked":["Clothesline","Heavy Blade"],"picked":"Battle Trance","floor":21.0},{"not_picked":["Havoc+1","Perfected Strike"],"picked":"Disarm","floor":23.0},{"not_picked":["Blood for Blood","Rage"],"picked":"Entrench","floor":24.0},{"not_picked":["Seeing Red","Flame Barrier","Warcry+1"],"picked":"SKIP","floor":35.0},{"not_picked":["Seeing Red","Flame Barrier"],"picked":"Warcry+1","floor":35.0},{"not_picked":["Dual Wield+1","Iron Wave","Havoc"],"picked":"SKIP","floor":37.0},{"not_picked":["Flex","Havoc+1","Dropkick+1"],"picked":"SKIP","floor":39.0},{"not_picked":["Heavy Blade","Rage","True Grit"],"picked":"SKIP","floor":41.0},{"not_picked":["Juggernaut","Thunderclap+1","Inflame"],"picked":"SKIP","floor":44},{"not_picked":["Perfected Strike","Flex","Pommel Strike"],"picked":"SKIP","floor":46},{"not_picked":["True Grit","Flame Barrier+1"],"picked":"Body Slam","floor":47},{"not_picked":["Wild Strike","Combust"],"picked":"Battle Trance+1","floor":48}],"player_experience":312364,"relics_obtained":[{"floor":6.0,"key":"Blue Candle"},{"floor":8.0,"key":"Kunai"},{"floor":9.0,"key":"Happy Flower"},{"floor":10.0,"key":"Blood Vial"},{"floor":11.0,"key":"Odd Mushroom"},{"floor":23.0,"key":"Smiling Mask"},{"floor":26.0,"key":"Pocketwatch"},{"floor":30.0,"key":"Sundial"},{"floor":42.0,"key":"Magic Flower"},{"floor":43.0,"key":"Strawberry"},{"floor":44,"key":"Bottled Lightning"}],"event_choices":[{"damage_healed":0.0,"max_hp_gain":0.0,"max_hp_loss":0.0,"gold_gain":0.0,"event_name":"Mushrooms","player_choice":"Fought Mushrooms","floor":11.0,"gold_loss":0.0,"damage_taken":0.0},{"damage_healed":0.0,"max_hp_gain":0.0,"max_hp_loss":0.0,"gold_gain":0.0,"event_name":"Scrap Ooze","player_choice":"Success","floor":13.0,"gold_loss":0.0,"damage_taken":11.0,"relics_obtained":["TungstenRod"]},{"damage_healed":0.0,"max_hp_gain":5.0,"max_hp_loss":0.0,"gold_gain":0.0,"event_name":"Big Fish","player_choice":"Donut","floor":14.0,"gold_loss":0.0,"damage_taken":0.0},{"damage_healed":0.0,"max_hp_gain":0.0,"max_hp_loss":50.0,"gold_gain":0.0,"event_name":"Ghosts","player_choice":"Became a Ghost","floor":19.0,"gold_loss":0.0,"damage_taken":0.0,"cards_obtained":["Ghostly","Ghostly","Ghostly"]},{"damage_healed":0.0,"max_hp_gain":0.0,"max_hp_loss":0.0,"gold_gain":50.0,"event_name":"Nest","player_choice":"Stole From Cult","floor":25.0,"gold_loss":0.0,"damage_taken":0.0},{"cards_removed":["Strike_R"],"damage_healed":0.0,"max_hp_gain":0.0,"max_hp_loss":0.0,"gold_gain":0.0,"event_name":"Beggar","player_choice":"Gave Gold","floor":27.0,"gold_loss":75.0,"damage_taken":0.0},{"cards_removed":["Carnage"],"damage_healed":0.0,"max_hp_gain":0.0,"max_hp_loss":0.0,"gold_gain":0.0,"event_name":"Falling","player_choice":"Removed Attack","floor":38.0,"gold_loss":0.0,"damage_taken":0.0},{"damage_healed":0.0,"max_hp_gain":0.0,"max_hp_loss":0.0,"gold_gain":0.0,"event_name":"MindBloom","player_choice":"Fight","floor":42.0,"gold_loss":0.0,"damage_taken":0.0},{"damage_healed":0,"gold_gain":0,"player_choice":"Max HP","damage_taken":0,"max_hp_gain":0,"max_hp_loss":3,"event_name":"Winding Halls","floor":45,"gold_loss":0}],"is_beta":false,"boss_relics":[{"not_picked":["Tiny House","Calling Bell"],"picked":"Empty Cage"},{"not_picked":["SlaversCollar","Fusion Hammer"],"picked":"Mark of Pain"}],"items_purged_floors":[4,22,29,31,36],"is_endless":false,"potions_floor_spawned":[1,3,8,11,20,21,33,39,42,46,48],"ascension_level":17}}