{"host":"ox77rn1xcurm2t5a","time":1610051975,"event":{"mods":["2.2 Compatiblity","AchievementEnabler","Act Like it!","Aspiration","BaseMod","Best Route Mod","Better Match","Better Note","Better Sensory Stone","Block Reminder","Colored Map","Colored Powertips","Conjunction","Conspire","Custom Start","Energized Spire","GifTheSpireLib","Gold Saver","Gremlin Skip","Halation","Highlight Path","Hubris","Infinite Spire","Minty Spire (QoL Compilation)","Pale of the Ancients","Quick Restart","Replay The Spire","Reworked Bosses","ShortenTheSpire","Spire Exporter","StSLib","Stuff the Spire","Wandering Minibosses","vexMod"],"gold_per_floor":[114,114,1480,1499,1513,1545,1545,1577,1577,1577,1595,1621,1621,1655,1655,1655,1655],"floor_reached":16,"playtime":14864,"items_purged":["Strike_B"],"score":205,"play_id":"bce8d028-be22-4530-9730-13af3f80b718","local_time":"20210107223935","is_ascension_mode":true,"campfire_choices":[{"floor":7,"key":"RECALL"},{"data":"Zap","floor":10,"key":"SMITH"},{"data":"Dualcast","floor":15,"key":"SMITH"}],"circlet_count":0,"master_deck":["AscendersBane","Strike_B","Strike_B","Defend_B","Defend_B","Defend_B","Defend_B","Zap+1","Dualcast+1","Glacier","Cold Snap","Ball Lightning"],"relics":["Cracked Core","NeowsBlessing","Happy Flower","aspiration:Nostalgia","Conjunction:StoneHearth","Bag of Marbles","Blood Vial","StuffTheSpire:EmeraldSignet","halation:BlackBeret","Replay:Antivirus Software"],"acts_visited":["Exordium"],"potions_floor_usage":[6,6,12,14],"damage_taken":[{"damage":0,"enemies":"2 Louse","floor":1,"turns":1},{"damage":0,"enemies":"Cultist","floor":4,"turns":1},{"damage":0,"enemies":"Small Slimes","floor":5,"turns":1},{"damage":15,"enemies":"Lagavulin","floor":6,"turns":10},{"damage":13,"enemies":"3 Sentries","floor":8,"turns":10},{"damage":0,"enemies":"Blue Slaver","floor":11,"turns":3},{"damage":31,"enemies":"Gremlin Nob","floor":12,"turns":5},{"damage":3,"enemies":"Lagavulin","floor":14,"turns":6},{"damage":20,"enemies":"Slime Boss","floor":16,"turns":7}],"seed_played":"4250024944926388149","potions_obtained":[{"floor":1,"key":"Weak Potion"},{"floor":8,"key":"SkillPotion"},{"floor":11,"key":"Conjunction:LightningMarble"}],"is_trial":false,"path_per_floor":["M","?","$","M","M","E","R","E","T","R","M","E","?","E","R","B"],"character_chosen":"DEFECT","items_purchased":["Happy Flower","aspiration:Nostalgia","Bag of Marbles","DistilledChaos"],"campfire_rested":0,"item_purchase_floors":[3,3,3,3],"current_hp_per_floor":[68,68,68,68,68,53,53,42,42,42,46,17,17,16,16,0,0],"gold":1655,"neow_bonus":"THREE_ENEMY_KILL","is_daily":false,"chose_seed":false,"campfire_upgraded":2,"win_rate":0.0,"timestamp":1610051975,"path_taken":["M","?","$","M","M","E","R","E","T","R","M","E","?","E","R","BOSS"],"items_purchased_type":["Relic","Relic","Relic","Potion"],"build_version":"2020-12-22","purchased_purges":1,"victory":false,"max_hp_per_floor":[75,75,75,75,75,75,75,75,75,75,75,75,75,75,75,75,75],"card_choices":[{"not_picked":["conspire:SharedLibrary","StuffTheSpire:LoadUp"],"picked":"Glacier","floor":1},{"not_picked":["StuffTheSpire:LoadUp","ReplaySolidLightProjector","Hello World"],"picked":"SKIP","floor":4},{"not_picked":["StuffTheSpire:LoadUp","ReplaySolidLightProjector","Hello World"],"picked":"SKIP","floor":4},{"not_picked":["Sweeping Beam","Go for the Eyes","Compile Driver"],"picked":"SKIP","floor":5},{"not_picked":["ReplayTheSpireMod:GoodbyeWorld","StuffTheSpire:Plugnplay"],"picked":"Cold Snap","floor":6},{"not_picked":["StuffTheSpire:ShieldGenerator","Reboot"],"picked":"Ball Lightning","floor":8},{"not_picked":["Doom and Gloom","Streamline","Steam"],"picked":"SKIP","floor":11},{"not_picked":["BasicCrystalCard","Conserve Battery","BootSequence"],"picked":"SKIP","floor":12},{"not_picked":["Genetic Algorithm","ReplaySolidLightProjector","Redo"],"picked":"SKIP","floor":14}],"player_experience":2950715,"relics_obtained":[{"floor":6,"key":"Blood Vial"},{"floor":8,"key":"StuffTheSpire:EmeraldSignet"},{"floor":12,"key":"halation:BlackBeret"},{"floor":14,"key":"Replay:Antivirus Software"}],"event_choices":[{"cards_removed":["Strike_B"],"damage_healed":0,"gold_gain":0,"player_choice":"Purged","damage_taken":0,"max_hp_gain":0,"max_hp_loss":0,"event_name":"Purifier","floor":13,"gold_loss":0}],"is_beta":false,"boss_relics":[],"items_purged_floors":[3],"is_endless":false,"potions_floor_spawned":[1,8,11],"killed_by":"Slime Boss","ascension_level":12}}