{"host":"TheHustler","time":1610012054,"event":{"mods":["BaseMod","Block Reminder","Colored Map","Colored Powertips","Minty Spire (QoL Compilation)","Quick Restart","StSLib","SuperFastMode","Unceasing Turn Reminder"],"gold_per_floor":[112,124,140,153,171,171,185,42,42,70,88,118,130,149,149,261,342,367,367,367],"floor_reached":19,"playtime":625,"items_purged":[],"score":185,"play_id":"40d9dc5c-ee92-4184-8f23-4082146d423f","local_time":"20210107103414","is_ascension_mode":false,"campfire_choices":[{"data":"Body Slam","floor":6.0,"key":"SMITH"},{"data":"True Grit","floor":15,"key":"SMITH"}],"circlet_count":0,"master_deck":["Bash","Cleave","Twin Strike","Body Slam+1","Shockwave+1","Entrench","True Grit+1","Berserk","Headbutt","Perfected Strike","Offering","Perfected Strike","Searing Blow","Ghostly Armor","Dual Wield","Iron Wave","Flame Barrier","Shrug It Off"],"relics":["Burning Blood","War Paint","Paper Frog","Ancient Tea Set","CeramicFish","Pandora\u0027s Box"],"acts_visited":["Exordium","TheCity"],"potions_floor_usage":[10,12,16,16,16],"damage_taken":[{"damage":5.0,"enemies":"Cultist","floor":1.0,"turns":4.0},{"damage":0.0,"enemies":"Small Slimes","floor":2.0,"turns":3.0},{"damage":5.0,"enemies":"2 Louse","floor":3.0,"turns":3.0},{"damage":11.0,"enemies":"Lots of Slimes","floor":4.0,"turns":4.0},{"damage":26.0,"enemies":"Large Slime","floor":5.0,"turns":6.0},{"damage":17.0,"enemies":"Gremlin Gang","floor":7.0,"turns":5.0},{"damage":10,"enemies":"3 Sentries","floor":10,"turns":5},{"damage":0,"enemies":"2 Fungi Beasts","floor":11,"turns":3},{"damage":9,"enemies":"Gremlin Nob","floor":12,"turns":4},{"damage":8,"enemies":"Large Slime","floor":13,"turns":7},{"damage":14,"enemies":"Gremlin Gang","floor":14,"turns":6},{"damage":25,"enemies":"The Guardian","floor":16,"turns":13},{"damage":29,"enemies":"2 Thieves","floor":18,"turns":5},{"damage":57,"enemies":"Spheric Guardian","floor":19,"turns":7}],"seed_played":"267346344919012663","potions_obtained":[{"floor":4.0,"key":"HeartOfIron"},{"floor":5.0,"key":"Strength Potion"},{"floor":7.0,"key":"Strength Potion"},{"floor":10,"key":"DistilledChaos"},{"floor":14,"key":"Fire Potion"},{"floor":16,"key":"SmokeBomb"},{"floor":18,"key":"CultistPotion"}],"is_trial":false,"path_per_floor":["M","M","M","M","M","R","M","$","T","E","M","E","M","M","R","B",null,"M","M"],"character_chosen":"IRONCLAD","items_purchased":["War Paint"],"campfire_rested":0,"item_purchase_floors":[8],"current_hp_per_floor":[80,80,80,75,55,55,44,44,44,40,46,43,41,33,33,14,80,57,0,0],"gold":367,"neow_bonus":"THREE_CARDS","is_daily":false,"chose_seed":false,"campfire_upgraded":2,"win_rate":0.0,"timestamp":1610012054,"path_taken":["M","M","M","M","M","R","M","$","T","E","?","E","M","M","R","BOSS","M","M"],"items_purchased_type":["Relic"],"build_version":"2020-12-18","purchased_purges":0,"victory":false,"max_hp_per_floor":[80,80,80,80,80,80,80,80,80,80,80,80,80,80,80,80,80,80,80,80],"card_choices":[{"not_picked":["Pommel Strike","Havoc"],"picked":"Cleave","floor":0.0},{"not_picked":["Havoc","Heavy Blade","Warcry"],"picked":"SKIP","floor":1.0},{"not_picked":["Havoc","Seeing Red","Searing Blow"],"picked":"SKIP","floor":2.0},{"not_picked":["Seeing Red","Wild Strike"],"picked":"Twin Strike","floor":3.0},{"not_picked":["Perfected Strike","Fire Breathing"],"picked":"Body Slam","floor":4.0},{"not_picked":["Bloodletting","Cleave"],"picked":"Shockwave","floor":5.0},{"not_picked":["Power Through","Dark Embrace"],"picked":"Entrench","floor":7.0},{"not_picked":["Anger","Wild Strike"],"picked":"True Grit","floor":10},{"not_picked":["Twin Strike","Burning Pact","Blood for Blood"],"picked":"SKIP","floor":11},{"not_picked":["Sever Soul","Clothesline","Searing Blow"],"picked":"SKIP","floor":12},{"not_picked":["Infernal Blade","Shockwave","Twin Strike"],"picked":"SKIP","floor":13},{"not_picked":["Burning Pact","Havoc","Searing Blow"],"picked":"SKIP","floor":14},{"not_picked":["Exhume","Brutality"],"picked":"Berserk","floor":16},{"not_picked":["Clothesline","Havoc+1"],"picked":"Shrug It Off","floor":18}],"player_experience":622502,"relics_obtained":[{"floor":9.0,"key":"Paper Frog"},{"floor":10,"key":"Ancient Tea Set"},{"floor":12,"key":"CeramicFish"}],"event_choices":[],"is_beta":true,"boss_relics":[{"not_picked":["SacredBark","Velvet Choker"],"picked":"Pandora\u0027s Box"}],"items_purged_floors":[],"is_endless":false,"potions_floor_spawned":[4,5,7,10,11,14,16,18],"killed_by":"Spheric Guardian","ascension_level":0}}