{"host":"00hnegvzcini4bfc","time":1610027036,"event":{"mods":["2.2 Compatiblity","BaseMod","Colored Map","Highlight Path","Minty Spire (QoL Compilation)","Prisma Mod","Quick Restart","StSLib","SuperFastMode","everything is the same but u backflip on backflip"],"gold_per_floor":[114,189,189,57,57,90,108,126,126,126,137,137,155,155,155,253,253,253,253,253,193,193,193,193,193,193,108,108,108,108,108,108,108,108,108,108,108,108,108,108,108,33,33,33,33,33,33,33,33,33],"floor_reached":51,"playtime":3901,"items_purged":["PrismaMod:IllyaMinorRapidFire"],"score":799,"play_id":"74099134-77c2-42fb-a254-7163cfb5d24a","local_time":"20210107224356","daily_mods":["Heirloom"],"is_ascension_mode":false,"campfire_choices":[{"floor":10.0,"key":"REST"},{"data":"PrismaMod:IllyaInstallBerserker","floor":12,"key":"PURGE"},{"data":"PrismaMod:IllyaCarnivalOrbs","floor":15,"key":"SMITH"},{"data":"Writhe","floor":24,"key":"PURGE"},{"data":"PrismaMod:IllyaInstallAvenger","floor":32,"key":"PURGE"},{"data":"Normality","floor":44,"key":"PURGE"},{"data":"PrismaMod:IllyaBlindPoisonToss","floor":49,"key":"SMITH"}],"circlet_count":0,"master_deck":["PrismaMod:IllyaCommonDefend","PrismaMod:IllyaCommonDefend","PrismaMod:IllyaCommonDefend","PrismaMod:IllyaCommonDefend","PrismaMod:IllyaCommonDefend","PrismaMod:IllyaUncommonAttack","PrismaMod:IllyaUncommonDefend","PrismaMod:IllyaBlindPoisonToss+1","PrismaMod:IllyaPoisoningPhantasm","PrismaMod:IllyaPoisonTippedWeapons","PrismaMod:IllyaCarnivalOrbs+1","PrismaMod:IllyaCheapChannelAttack","PrismaMod:IllyaSaphire","PrismaMod:IllyaUberChannel","PrismaMod:IllyaBlindPoisonToss","PrismaMod:IllyaRubysPotion","PrismaMod:IllyaGrail","Bite","Bite","Bite","Bite","Bite","PrismaMod:IllyaUberPoisonBlock+1","PrismaMod:IllyaInstallShielder","PrismaMod:IllyaCheapDefend+1","PrismaMod:IllyaFeed","PrismaMod:IllyaBlindPoisonToss+1","Panacea","PrismaMod:IllyaRussianRoulette+1","PrismaMod:IllyaBoysLove+1","PrismaMod:IllyaBlindPoisonToss+1","PrismaMod:IllyaFeed","PrismaMod:IllyaDetonatingBlow+1","PrismaMod:IllyaStunPoison+1","PrismaMod:IllyaBlindPoisonToss+1","PrismaMod:IllyaEvokeAll+1"],"relics":["PrismaMod:PrismaRuby","Peace Pipe","Bird Faced Urn","Lizard Tail","Ectoplasm","Kunai","Question Card","Ancient Tea Set","Ice Cream","Potion Belt","Cursed Key","CaptainsWheel","TungstenRod","Torii","Smiling Mask","Toy Ornithopter"],"acts_visited":["Exordium","TheCity","TheBeyond"],"potions_floor_usage":[16,23,30,33,38,41,48,48,50,50,50],"damage_taken":[{"damage":1.0,"enemies":"Small Slimes","floor":1.0,"turns":3.0},{"damage":36.0,"enemies":"3 Sentries","floor":6.0,"turns":13.0},{"damage":5.0,"enemies":"2 Louse","floor":7.0,"turns":3.0},{"damage":3.0,"enemies":"Cultist","floor":8.0,"turns":5.0},{"damage":10,"enemies":"Large Slime","floor":11,"turns":5},{"damage":4,"enemies":"Exordium Thugs","floor":13,"turns":4},{"damage":37,"enemies":"Slime Boss","floor":16,"turns":10},{"damage":4,"enemies":"Chosen","floor":18,"turns":4},{"damage":14,"enemies":"2 Thieves","floor":21,"turns":4},{"damage":64,"enemies":"Gremlin Leader","floor":23,"turns":8},{"damage":10,"enemies":"3 Cultists","floor":25,"turns":6},{"damage":19,"enemies":"Centurion and Healer","floor":28,"turns":7},{"damage":14,"enemies":"Cultist and Chosen","floor":29,"turns":6},{"damage":5,"enemies":"Snake Plant","floor":30,"turns":4},{"damage":25,"enemies":"Book of Stabbing","floor":31,"turns":7},{"damage":35,"enemies":"Automaton","floor":33,"turns":11},{"damage":0,"enemies":"Orb Walker","floor":35,"turns":4},{"damage":8,"enemies":"3 Darklings","floor":36,"turns":6},{"damage":0,"enemies":"Mind Bloom Boss Battle","floor":38,"turns":10},{"damage":15,"enemies":"Spire Growth","floor":39,"turns":5},{"damage":24,"enemies":"Nemesis","floor":40,"turns":7},{"damage":46,"enemies":"2 Orb Walkers","floor":41,"turns":5},{"damage":0,"enemies":"Maw","floor":45,"turns":7},{"damage":14,"enemies":"Giant Head","floor":46,"turns":7},{"damage":1,"enemies":"4 Shapes","floor":47,"turns":4},{"damage":5,"enemies":"Writhing Mass","floor":48,"turns":5},{"damage":47,"enemies":"Donu and Deca","floor":50,"turns":9}],"seed_played":"-346281477501081254","potions_obtained":[{"floor":7.0,"key":"Explosive Potion"},{"floor":11,"key":"Regen Potion"},{"floor":13,"key":"FearPotion"},{"floor":16,"key":"SkillPotion"},{"floor":29,"key":"LiquidBronze"},{"floor":30,"key":"Fruit Juice"},{"floor":33,"key":"ColorlessPotion"},{"floor":36,"key":"LiquidMemories"},{"floor":41,"key":"Swift Potion"},{"floor":46,"key":"PowerPotion"},{"floor":47,"key":"DistilledChaos"},{"floor":48,"key":"FearPotion"}],"is_trial":true,"path_per_floor":["M","?","?","$","?","E","M","M","T","R","M","R","M","?","R","B",null,"M","?","?","M","?","E","R","M","T","?","M","M","M","E","R","B",null,"M","M","?","?","M","E","?","$","T","R","M","E","M","M","R","B",null],"character_chosen":"ILLYA","items_purchased":["PrismaMod:IllyaPoisoningPhantasm","PrismaMod:IllyaPoisonTippedWeapons"],"campfire_rested":1,"item_purchase_floors":[4,4],"current_hp_per_floor":[74,63,63,63,63,27,24,23,23,45,37,37,35,75,75,40,75,75,75,75,63,52,24,24,27,27,27,31,31,42,41,41,40,57,57,57,57,57,57,57,40,40,40,40,57,51,54,57,57,35],"gold":33,"neow_bonus":"","is_daily":false,"chose_seed":false,"campfire_upgraded":2,"win_rate":0.0,"timestamp":1610027036,"path_taken":["M","?","?","$","?","E","M","M","T","R","M","R","?","?","R","BOSS","M","?","?","M","?","E","R","M","T","?","?","M","M","E","R","BOSS","M","M","?","?","M","E","?","$","T","R","M","E","M","M","R","BOSS"],"items_purchased_type":["Card","Card"],"build_version":"2020-12-22","purchased_purges":1,"victory":true,"max_hp_per_floor":[75,75,75,75,75,75,75,75,75,75,75,75,75,75,75,75,75,75,75,75,75,52,52,52,52,52,52,52,52,57,57,57,57,57,57,57,57,57,57,57,57,57,57,57,57,57,57,57,57,57],"card_choices":[{"not_picked":["PrismaMod:IllyaPartialInstallAssassin","PrismaMod:IllyaCheapDefend"],"picked":"PrismaMod:IllyaBlindPoisonToss","floor":1.0},{"not_picked":["PrismaMod:IllyaPoisonTippedWeapons","PrismaMod:IllyaCheapChannelPoison"],"picked":"PrismaMod:IllyaCarnivalOrbs","floor":6.0},{"not_picked":["PrismaMod:IllyaPartialInstallAssassin","PrismaMod:IllyaCheapAttack"],"picked":"PrismaMod:IllyaCheapChannelAttack","floor":7.0},{"not_picked":["PrismaMod:IllyaPartialInstallAssassin","PrismaMod:IllyaUberPoisonChannel"],"picked":"PrismaMod:IllyaSaphire","floor":8.0},{"not_picked":["PrismaMod:IllyaUncommonAOEAttack","PrismaMod:IllyaStunPoison"],"picked":"PrismaMod:IllyaUberChannel","floor":11},{"not_picked":["PrismaMod:IllyaBride","PrismaMod:IllyaRubysPotion"],"picked":"PrismaMod:IllyaBlindPoisonToss","floor":13},{"not_picked":["PrismaMod:IllyaCarnivalOrbs","PrismaMod:IllyaUberAttackChannel"],"picked":"PrismaMod:IllyaInstallAvenger","floor":16},{"not_picked":["PrismaMod:IllyaSaphire","PrismaMod:IllyaCheapChannelDefend+1"],"picked":"PrismaMod:IllyaRubysPotion","floor":18},{"not_picked":["PrismaMod:IllyaBride+1","PrismaMod:IllyaDevil"],"picked":"PrismaMod:IllyaGrail","floor":21},{"not_picked":["PrismaMod:IllyaMaid","PrismaMod:IllyaCheapChannelAttack","PrismaMod:IllyaBerserCAR"],"picked":"SKIP","floor":23},{"not_picked":["PrismaMod:IllyaBerserCAR","PrismaMod:IllyaMinorZwei","PrismaMod:IllyaBride"],"picked":"PrismaMod:IllyaMinorRapidFire","floor":25},{"not_picked":["PrismaMod:IllyaMinorZwei","PrismaMod:IllyaHassanGift","PrismaMod:IllyaCheapChannelPoison"],"picked":"PrismaMod:IllyaUberPoisonBlock+1","floor":28},{"not_picked":["PrismaMod:IllyaPoisonTippedWeapons","PrismaMod:IllyaFriendMaker","PrismaMod:IllyaRussianRoulette"],"picked":"PrismaMod:IllyaInstallShielder","floor":29},{"not_picked":["PrismaMod:IllyaMinorRapidFire","PrismaMod:IllyaMinorZwei","PrismaMod:IllyaMinorReinForce","PrismaMod:IllyaMaid"],"picked":"SKIP","floor":30},{"not_picked":["PrismaMod:IllyaPoisoningPhantasm+1","PrismaMod:IllyaUberAttackChannel","PrismaMod:IllyaInstallLancer"],"picked":"PrismaMod:IllyaCheapDefend+1","floor":31},{"not_picked":["PrismaMod:IllyaMinorRapidFire+1","PrismaMod:IllyaUncommonEvoke","PrismaMod:IllyaGrailKun"],"picked":"PrismaMod:IllyaFeed","floor":35},{"not_picked":["PrismaMod:IllyaRussianRoulette+1","PrismaMod:IllyaPartialInstallAssassin","PrismaMod:IllyaCheapChannelAttack"],"picked":"PrismaMod:IllyaBlindPoisonToss+1","floor":36},{"not_picked":["Jack Of All Trades","Bandage Up","Purity"],"picked":"Panacea","floor":37},{"not_picked":["PrismaMod:IllyaSaphire","PrismaMod:IllyaUberPoisonBlock+1","PrismaMod:IllyaHassanGift+1"],"picked":"PrismaMod:IllyaRussianRoulette+1","floor":38},{"not_picked":["PrismaMod:IllyaCommandSeal","PrismaMod:IllyaRapidFire+1","PrismaMod:IllyaCarnivalDefend"],"picked":"PrismaMod:IllyaBoysLove+1","floor":39},{"not_picked":["PrismaMod:IllyaUberChannel+1","PrismaMod:IllyaFriendMaker","PrismaMod:IllyaAOECommonAttack"],"picked":"PrismaMod:IllyaBlindPoisonToss+1","floor":40},{"not_picked":["PrismaMod:IllyaPoisonBomb","PrismaMod:IllyaPoisonTippedWeapons","PrismaMod:IllyaFriendMaker"],"picked":"PrismaMod:IllyaFeed","floor":41},{"not_picked":["PrismaMod:IllyaHassanGift","PrismaMod:IllyaBride","PrismaMod:IllyaMaid"],"picked":"PrismaMod:IllyaDetonatingBlow+1","floor":45},{"not_picked":["PrismaMod:IllyaUberChannel+1","PrismaMod:IllyaBerserCAR+1","PrismaMod:IllyaRussianRoulette"],"picked":"PrismaMod:IllyaStunPoison+1","floor":46},{"not_picked":["PrismaMod:IllyaCheapChannelDefend","PrismaMod:IllyaUncommonAttack","PrismaMod:IllyaPoisonTippedWeapons"],"picked":"PrismaMod:IllyaBlindPoisonToss","floor":47},{"not_picked":["PrismaMod:IllyaDualEvoke+1","PrismaMod:IllyaFriendMaker+1","PrismaMod:IllyaUberPoisonChannel"],"picked":"PrismaMod:IllyaEvokeAll+1","floor":48}],"player_experience":1872,"relics_obtained":[{"floor":6.0,"key":"Bird Faced Urn"},{"floor":9.0,"key":"Lizard Tail"},{"floor":23,"key":"Question Card"},{"floor":26,"key":"Ancient Tea Set"},{"floor":31,"key":"Potion Belt"},{"floor":38,"key":"CaptainsWheel"},{"floor":40,"key":"TungstenRod"},{"floor":41,"key":"Torii"},{"floor":43,"key":"Smiling Mask"},{"floor":46,"key":"Toy Ornithopter"}],"event_choices":[{"damage_healed":0.0,"max_hp_gain":0.0,"max_hp_loss":0.0,"gold_gain":75.0,"event_name":"World of Goop","player_choice":"Gather Gold","floor":2.0,"gold_loss":0.0,"damage_taken":11.0},{"damage_healed":0.0,"max_hp_gain":0.0,"max_hp_loss":0.0,"gold_gain":0.0,"event_name":"Living Wall","player_choice":"Grow","floor":3.0,"gold_loss":0.0,"damage_taken":0.0,"cards_upgraded":["PrismaMod:IllyaBlindPoisonToss"]},{"damage_healed":0.0,"max_hp_gain":0.0,"max_hp_loss":0.0,"gold_gain":0.0,"event_name":"Match and Keep!","player_choice":"2 cards matched","floor":5.0,"gold_loss":0.0,"damage_taken":0.0,"cards_obtained":["PrismaMod:IllyaInstallBerserker","Jack Of All Trades"]},{"cards_removed":["Jack Of All Trades"],"damage_healed":40,"gold_gain":0,"player_choice":"Offered Uncommon","damage_taken":0,"max_hp_gain":0,"max_hp_loss":0,"event_name":"Bonfire Elementals","floor":14,"gold_loss":0},{"damage_healed":0,"gold_gain":0,"player_choice":"Ignored","damage_taken":0,"max_hp_gain":0,"max_hp_loss":0,"event_name":"Ghosts","floor":19,"gold_loss":0},{"damage_healed":0,"gold_gain":0,"player_choice":"Opened","damage_taken":0,"relics_obtained":["Kunai"],"max_hp_gain":0,"max_hp_loss":0,"event_name":"The Mausoleum","floor":20,"gold_loss":0,"cards_obtained":["Writhe"]},{"damage_healed":0,"gold_gain":0,"player_choice":"Became a vampire","damage_taken":0,"max_hp_gain":0,"max_hp_loss":23,"event_name":"Vampires","floor":22,"gold_loss":0,"cards_obtained":["Bite","Bite","Bite","Bite","Bite"]},{"damage_healed":0,"gold_gain":0,"player_choice":"Obtained Relic","damage_taken":0,"relics_obtained":["Ice Cream"],"max_hp_gain":0,"max_hp_loss":0,"event_name":"Addict","floor":27,"gold_loss":85},{"damage_healed":0,"gold_gain":0,"player_choice":"Memory 1","damage_taken":0,"max_hp_gain":0,"max_hp_loss":0,"event_name":"SensoryStone","floor":37,"gold_loss":0},{"damage_healed":0,"gold_gain":0,"player_choice":"Fight","damage_taken":0,"max_hp_gain":0,"max_hp_loss":0,"event_name":"MindBloom","floor":38,"gold_loss":0},{"damage_healed":0,"gold_gain":0,"player_choice":"Fight","damage_taken":0,"max_hp_gain":0,"max_hp_loss":0,"event_name":"Mysterious Sphere","floor":41,"gold_loss":0}],"is_beta":false,"boss_relics":[{"not_picked":["Astrolabe","SacredBark"],"picked":"Ectoplasm"},{"not_picked":["Empty Cage","Tiny House"],"picked":"Cursed Key"}],"items_purged_floors":[42],"is_endless":false,"potions_floor_spawned":[7,11,13,16,18,21,29,30,33,36,41,46,47,48],"ascension_level":0}}