{"host":"newqdrzxfhh2im9e","time":1610060495,"event":{"mods":["AchievementEnabler","BaseMod","BetterRewards","Block Reminder","Colored Map","Jorbs\u0027s Wanderer Trilogy","Minty Spire (QoL Compilation)","Rare Cards Sparkle","Shop Mod","StSLib"],"gold_per_floor":[17,28,44,44,44,44,54,129,156,156,156,156,172,10,10,113,113,128,128,28,28,28,28,45,75,75,75,110,123,44,44,44,144,194,212,12,62,62,5,5,37,51,51,51,83,93,93,93,93,93,93],"floor_reached":50,"playtime":2266,"items_purged":["Regret","Decay"],"score":574,"play_id":"5b0ab9a5-b843-4f22-a298-5e12b552152e","local_time":"20210107150135","is_ascension_mode":false,"campfire_choices":[{"data":"Consecrate","floor":6,"key":"SMITH"},{"floor":10,"key":"REST"},{"data":"SpiritShield","floor":12,"key":"SMITH"},{"data":"TalkToTheHand","floor":15,"key":"SMITH"},{"floor":23,"key":"REST"},{"floor":27,"key":"REST"},{"floor":32,"key":"REST"},{"floor":40,"key":"REST"},{"data":"DevaForm","floor":44,"key":"SMITH"},{"floor":47,"key":"REST"},{"floor":49,"key":"REST"}],"circlet_count":0,"master_deck":["Strike_P","Strike_P","Strike_P","Strike_P","Defend_P","Defend_P","Defend_P","Eruption","Vigilance","Consecrate+1","Swivel","MentalFortress","WreathOfFlame","FearNoEvil","Sanctity","SpiritShield+1","CarveReality","Collect+1","TalkToTheHand+1","DevaForm+1","Ragnarok","Fasting2","SignatureMove+1","Fasting2","Brilliance","Fasting2+1","BattleHymn+1","Ragnarok","Wireheading"],"relics":["PureWater","Prayer Wheel","Toy Ornithopter","Singing Bowl","Lantern","Cursed Key","Bronze Scales","Dead Branch","Bag of Preparation","Tiny House","Incense Burner","Happy Flower","Ancient Tea Set","Juzu Bracelet"],"acts_visited":["Exordium","TheCity","TheBeyond"],"potions_floor_usage":[2,3,13,16,16,22,25,29,35,42,45,46],"damage_taken":[{"damage":1,"enemies":"Jaw Worm","floor":1,"turns":4},{"damage":0,"enemies":"2 Louse","floor":2,"turns":2},{"damage":0,"enemies":"Cultist","floor":3,"turns":4},{"damage":19,"enemies":"Exordium Wildlife","floor":7,"turns":5},{"damage":0,"enemies":"3 Louse","floor":13,"turns":2},{"damage":44,"enemies":"Hexaghost","floor":16,"turns":9},{"damage":43,"enemies":"Chosen","floor":18,"turns":6},{"damage":0,"enemies":"Shell Parasite","floor":22,"turns":1},{"damage":32,"enemies":"Sentry and Sphere","floor":24,"turns":5},{"damage":20,"enemies":"Book of Stabbing","floor":25,"turns":6},{"damage":23,"enemies":"Gremlin Leader","floor":28,"turns":10},{"damage":0,"enemies":"Snecko","floor":29,"turns":1},{"damage":40,"enemies":"Collector","floor":33,"turns":9},{"damage":3,"enemies":"3 Shapes","floor":35,"turns":2},{"damage":40,"enemies":"Mind Bloom Boss Battle","floor":37,"turns":6},{"damage":0,"enemies":"Nemesis","floor":41,"turns":5},{"damage":27,"enemies":"3 Darklings","floor":42,"turns":4},{"damage":55,"enemies":"Reptomancer","floor":45,"turns":7},{"damage":19,"enemies":"Maw","floor":46,"turns":6},{"damage":98,"enemies":"Donu and Deca","floor":50,"turns":5}],"seed_played":"-3638430973978022344","potions_obtained":[{"floor":1,"key":"Explosive Potion"},{"floor":2,"key":"Block Potion"},{"floor":7,"key":"DistilledChaos"},{"floor":13,"key":"ColorlessPotion"},{"floor":18,"key":"SmokeBomb"},{"floor":24,"key":"BottledMiracle"},{"floor":25,"key":"FairyPotion"},{"floor":28,"key":"SteroidPotion"},{"floor":34,"key":"Swift Potion"},{"floor":41,"key":"ColorlessPotion"},{"floor":42,"key":"Dexterity Potion"},{"floor":45,"key":"ColorlessPotion"}],"is_trial":false,"path_per_floor":["M","M","M","?","?","R","M","?","T","R","?","R","M","$","R","B",null,"M","?","$","?","M","R","M","E","T","R","E","M","$","?","R","B",null,"M","$","?","?","?","R","E","M","T","R","E","M","R","?","R","B"],"character_chosen":"WATCHER","items_purchased":["TalkToTheHand","BlessingOfTheForge","Fasting2","Ragnarok","Wireheading"],"campfire_rested":7,"item_purchase_floors":[14,14,30,36,36],"current_hp_per_floor":[71,71,71,71,59,59,40,29,29,50,50,50,57,57,57,23,74,35,35,35,35,40,63,35,20,20,44,21,28,28,28,53,13,89,88,88,50,50,50,76,78,60,60,60,12,32,62,62,92,0,0],"gold":93,"neow_bonus":"ONE_RARE_RELIC","is_daily":false,"chose_seed":false,"campfire_upgraded":4,"win_rate":0.0,"timestamp":1610060495,"path_taken":["M","M","M","?","?","R","M","?","T","R","?","R","?","$","R","BOSS","M","?","$","?","M","R","M","E","T","R","E","M","$","?","R","BOSS","M","$","?","?","?","R","E","M","T","R","E","M","R","?","R","BOSS"],"items_purchased_type":["Card","Potion","Card","Card","Card"],"build_version":"2020-12-22","purchased_purges":2,"victory":false,"max_hp_per_floor":[72,72,72,72,72,72,72,72,72,72,72,72,74,74,74,74,74,78,78,78,78,78,78,82,82,82,82,82,84,84,84,84,84,89,91,91,93,88,88,88,90,94,94,94,96,100,100,100,100,100,100],"card_choices":[{"not_picked":["Vengeance","SashWhip"],"picked":"Consecrate","floor":1},{"not_picked":["TalkToTheHand","Tantrum"],"picked":"Swivel","floor":1},{"not_picked":["DeceiveReality","BowlingBash"],"picked":"MentalFortress","floor":2},{"not_picked":["CutThroughFate","Prostrate"],"picked":"WreathOfFlame","floor":2},{"not_picked":["Crescendo","WheelKick"],"picked":"FearNoEvil","floor":3},{"not_picked":["Protect","EmptyFist"],"picked":"Sanctity","floor":3},{"not_picked":["Prostrate","Tantrum"],"picked":"SpiritShield","floor":7},{"not_picked":["ClearTheMind","JustLucky"],"picked":"CarveReality","floor":7},{"not_picked":["SashWhip","CrushJoints"],"picked":"Collect","floor":13},{"not_picked":["FlurryOfBlows","Halt","Evaluate"],"picked":"Singing Bowl","floor":13},{"not_picked":["Vault","Blasphemy"],"picked":"DevaForm","floor":16},{"not_picked":["Halt","SashWhip+1","ClearTheMind"],"picked":"Singing Bowl","floor":18},{"not_picked":["Crescendo","Protect","Halt+1"],"picked":"Singing Bowl","floor":18},{"not_picked":["Tantrum","SashWhip+1","Vengeance+1"],"picked":"Singing Bowl","floor":24},{"not_picked":["FlyingSleeves","JustLucky+1","Halt+1"],"picked":"Singing Bowl","floor":24},{"not_picked":["ClearTheMind","Pray"],"picked":"Ragnarok","floor":25},{"not_picked":["Swivel","Tantrum"],"picked":"Fasting2","floor":28},{"not_picked":["DeceiveReality","SashWhip"],"picked":"SignatureMove+1","floor":29},{"not_picked":["EmptyBody+1","BowlingBash","SignatureMove+1"],"picked":"Singing Bowl","floor":29},{"not_picked":["Omniscience","SpiritShield"],"picked":"Brilliance","floor":33},{"not_picked":["FollowUp+1","FlurryOfBlows"],"picked":"Fasting2+1","floor":34},{"not_picked":["PathToVictory","Prostrate","FollowUp"],"picked":"Singing Bowl","floor":35},{"not_picked":["Collect","CutThroughFate"],"picked":"BattleHymn+1","floor":35},{"not_picked":["Prostrate","ClearTheMind+1","EmptyBody+1"],"picked":"Singing Bowl","floor":37},{"not_picked":["ThirdEye","SashWhip+1","EmptyFist+1"],"picked":"Singing Bowl","floor":41},{"not_picked":["MentalFortress+1","Wireheading+1","Sanctity+1"],"picked":"Singing Bowl","floor":42},{"not_picked":["WaveOfTheHand+1","SashWhip","JustLucky+1"],"picked":"Singing Bowl","floor":42},{"not_picked":["Indignation","Alpha","EmptyBody"],"picked":"Singing Bowl","floor":45},{"not_picked":["ThirdEye","Prostrate","BattleHymn"],"picked":"Singing Bowl","floor":46},{"not_picked":["Study+1","CrushJoints+1","ReachHeaven+1"],"picked":"Singing Bowl","floor":46}],"player_experience":704795,"relics_obtained":[{"floor":9,"key":"Lantern"},{"floor":25,"key":"Dead Branch"},{"floor":28,"key":"Bag of Preparation"},{"floor":37,"key":"Incense Burner"},{"floor":41,"key":"Ancient Tea Set"},{"floor":45,"key":"Juzu Bracelet"}],"event_choices":[{"damage_healed":0,"gold_gain":0,"player_choice":"Box","damage_taken":0,"relics_obtained":["Toy Ornithopter"],"max_hp_gain":0,"max_hp_loss":0,"event_name":"Big Fish","floor":4,"gold_loss":0,"cards_obtained":["Regret"]},{"damage_healed":0,"gold_gain":0,"player_choice":"Success","damage_taken":12,"relics_obtained":["Singing Bowl"],"max_hp_gain":0,"max_hp_loss":0,"event_name":"Scrap Ooze","floor":5,"gold_loss":0},{"damage_healed":0,"gold_gain":75,"player_choice":"Gather Gold","damage_taken":11,"max_hp_gain":0,"max_hp_loss":0,"event_name":"World of Goop","floor":8,"gold_loss":0},{"damage_healed":0,"gold_gain":0,"player_choice":"Cursed","damage_taken":0,"max_hp_gain":0,"max_hp_loss":0,"event_name":"Wheel of Change","floor":11,"gold_loss":0,"cards_obtained":["Decay"]},{"damage_healed":0,"gold_gain":0,"player_choice":"Opened","damage_taken":0,"relics_obtained":["Bronze Scales"],"max_hp_gain":0,"max_hp_loss":0,"event_name":"The Mausoleum","floor":19,"gold_loss":0},{"damage_healed":0,"gold_gain":0,"player_choice":"Ignored","damage_taken":0,"max_hp_gain":0,"max_hp_loss":0,"event_name":"Vampires","floor":21,"gold_loss":0},{"damage_healed":0,"gold_gain":0,"player_choice":"Ignored","damage_taken":0,"max_hp_gain":0,"max_hp_loss":0,"event_name":"Cursed Tome","floor":31,"gold_loss":0},{"damage_healed":0,"gold_gain":0,"player_choice":"Fight","damage_taken":0,"max_hp_gain":0,"max_hp_loss":0,"event_name":"MindBloom","floor":37,"gold_loss":0},{"damage_healed":0,"gold_gain":0,"player_choice":"Max HP","damage_taken":0,"max_hp_gain":0,"max_hp_loss":5,"event_name":"Winding Halls","floor":38,"gold_loss":0},{"damage_healed":0,"gold_gain":0,"player_choice":"Paid Gold","damage_taken":0,"relics_obtained":["Happy Flower"],"max_hp_gain":0,"max_hp_loss":0,"event_name":"WeMeetAgain","floor":39,"gold_loss":57},{"cards_removed":["Defend_P"],"damage_healed":0,"gold_gain":0,"player_choice":"Removed Skill","damage_taken":0,"max_hp_gain":0,"max_hp_loss":0,"event_name":"Falling","floor":48,"gold_loss":0}],"is_beta":false,"boss_relics":[{"not_picked":["Sozu","Velvet Choker"],"picked":"Cursed Key"},{"not_picked":["Empty Cage","Runic Pyramid"],"picked":"Tiny House"}],"items_purged_floors":[14,20],"is_endless":false,"potions_floor_spawned":[1,2,7,13,18,24,25,28,41,42,45],"killed_by":"Donu and Deca","ascension_level":0}}