{"host":"3twtdwjpiqhvvn5s","time":1610060127,"event":{"mods":["AchievementEnabler","Act Like it!","BaseMod","BetterRewards","Colored Map","Colored Powertips","Downfall","Duelist Mod","Friendly Minions","GifTheSpireLib","Hallownest","Hermit","Hubris","Infinite Spire","Jorbs\u0027s Wanderer Trilogy","Koishi","KomeijiMod","Marisa????????","Minty Spire (QoL Compilation)","Random Character Mod","Rare Cards Sparkle","Replay The Spire","Shop Mod","StSLib","Td1madao Mod","The Administrix","The Animator","The Bug Knight","The Caster","The Cursed","The Disciple","The Hierophant","The Necromancer","The Poker Player","The Runesmith","The Servant 0.9.4","TheFirefly"],"gold_per_floor":[109,123,138,152,163,163,118,132,157,157,173,188,188,202,202,299,299,288,302,316,336,353,385,385,385],"floor_reached":24,"playtime":5336,"items_purged":[],"score":243,"play_id":"fdd5344b-85d1-43a5-b497-5eab108bdb2f","local_time":"20210107165527","daily_mods":["Specialized","Terminal"],"is_ascension_mode":false,"campfire_choices":[{"data":"Runesmith:ChaoticBlast","floor":6,"key":"SMITH"},{"floor":10,"key":"REST"},{"floor":15,"key":"DIG"}],"circlet_count":0,"master_deck":["Runesmith:Strike_RS","Runesmith:Strike_RS","Runesmith:Strike_RS","Runesmith:Defend_RS","Runesmith:Defend_RS","Runesmith:Defend_RS","Runesmith:Defend_RS","Runesmith:CraftFirestone","Runesmith:Fortify","Runesmith:ChaoticBlast","Runesmith:ChaoticBlast","Runesmith:ChaoticBlast","Runesmith:ChaoticBlast","Runesmith:ChaoticBlast+1","Runesmith:HeatExchange","Runesmith:EarthShield","Runesmith:EarthShield","Runesmith:ChiselStab","Runesmith:CraftIncendium","Runesmith:EnergizedChisel","Runesmith:CraftProtectio","Runesmith:BackupBattery+1","Runesmith:CraftProtectio+1","Runesmith:BackupBattery","Runesmith:MetallurgicalResearch","Runesmith:EarthShield"],"relics":["Runesmith:BrokenRuby","infinitespire:PuzzleCube","Pet Ghost","Runic Dome","Replay:Rubber Ducky"],"acts_visited":["Exordium","TheCity"],"potions_floor_usage":[11,19,21,23,23,24],"damage_taken":[{"damage":0,"enemies":"Jaw Worm","floor":1,"turns":4},{"damage":1,"enemies":"2 Louse","floor":2,"turns":2},{"damage":4,"enemies":"Cultist","floor":3,"turns":5},{"damage":3,"enemies":"3 Louse","floor":4,"turns":5},{"damage":0,"enemies":"Red Slaver","floor":5,"turns":6},{"damage":2,"enemies":"Looter","floor":7,"turns":5},{"damage":18,"enemies":"Gremlin Gang","floor":8,"turns":7},{"damage":2,"enemies":"Blue Slaver","floor":11,"turns":5},{"damage":6,"enemies":"Large Slime","floor":12,"turns":8},{"damage":0,"enemies":"Looter","floor":14,"turns":4},{"damage":30,"enemies":"Slime Boss","floor":16,"turns":10},{"damage":5,"enemies":"2 Thieves","floor":18,"turns":4},{"damage":3,"enemies":"Shell Parasite","floor":19,"turns":7},{"damage":2,"enemies":"Cultist and Chosen","floor":20,"turns":6},{"damage":2,"enemies":"Chosen and Byrds","floor":21,"turns":6},{"damage":16,"enemies":"Snake Plant","floor":22,"turns":6},{"damage":21,"enemies":"Slavers","floor":23,"turns":6},{"damage":14,"enemies":"Centurion and Healer","floor":24,"turns":3}],"seed_played":"8212546452506930270","potions_obtained":[{"floor":2,"key":"Block Potion"},{"floor":3,"key":"Energy Potion"},{"floor":4,"key":"Strength Potion"},{"floor":14,"key":"Energy Potion"},{"floor":16,"key":"Block Potion"},{"floor":20,"key":"Explosive Potion"},{"floor":23,"key":"Ancient Potion"}],"is_trial":true,"path_per_floor":["M","M","M","M","M","R","M","M","T","R","M","M","?","M","R_BF","B",null,"M","M","M","M","M","E","M"],"character_chosen":"RUNESMITH_CLASS","items_purchased":[],"campfire_rested":1,"item_purchase_floors":[],"current_hp_per_floor":[68,67,63,60,60,60,58,40,40,58,56,50,43,43,43,13,52,47,44,42,40,24,3,0,0],"gold":385,"neow_bonus":"","is_daily":false,"chose_seed":false,"campfire_upgraded":1,"win_rate":0.0,"timestamp":1610060127,"path_taken":["M","M","M","M","M","R","M","M","T","R","M","M","?","M","R_BF","BOSS","M","M","M","M","M","E","M"],"items_purchased_type":[],"build_version":"2020-12-22","purchased_purges":0,"victory":false,"max_hp_per_floor":[68,67,66,65,64,63,62,61,60,59,58,57,56,55,54,53,52,51,50,49,48,47,46,46,46],"card_choices":[{"not_picked":["Mishyaguji+1","JyouchiJin+1"],"picked":"Runesmith:HeatExchange","floor":1},{"not_picked":["Runesmith:ChaoticBlast","Runesmith:FissionHammer"],"picked":"Runesmith:EarthShield","floor":2},{"not_picked":["VampireKiss","Runesmith:Reinforce"],"picked":"Runesmith:EarthShield","floor":3},{"not_picked":["KoKei+1","Runesmith:NanitesCloud","Sabishigari+1"],"picked":"SKIP","floor":4},{"not_picked":["Runesmith:MakeshiftArmor","NingyouShinki+1","Runesmith:HeatExchange"],"picked":"SKIP","floor":5},{"not_picked":["Runesmith:ChaoticBlast","KokorosuKi+1","DemonsDinnerFork"],"picked":"SKIP","floor":7},{"not_picked":["Runesmith:HeatedChisel","NarrowSpark"],"picked":"Runesmith:ChiselStab","floor":8},{"not_picked":["SatsujinDooru","DochyakuKami+1"],"picked":"Runesmith:CraftIncendium","floor":11},{"not_picked":["NingyouShinki+1","SeekerDolls"],"picked":"Runesmith:EnergizedChisel","floor":12},{"not_picked":["Melting","DochyakuKami+1","EverywhereHibernate"],"picked":"SKIP","floor":14},{"not_picked":["Runesmith:Repurpose","Runesmith:ShiftingStrike"],"picked":"Runesmith:CraftProtectio","floor":18},{"not_picked":["Runesmith:NanitesCloud+1","Runesmith:OneForEveryone+1"],"picked":"Runesmith:BackupBattery+1","floor":19},{"not_picked":["Runesmith:HeatExchange","Runesmith:FrozenChisel"],"picked":"Runesmith:CraftProtectio+1","floor":20},{"not_picked":["Runesmith:MakeshiftArmor","Runesmith:StaticCage"],"picked":"Runesmith:BackupBattery","floor":21},{"not_picked":["Runesmith:WhiteBalance","Runesmith:MakeshiftArmor"],"picked":"Runesmith:MetallurgicalResearch","floor":22},{"not_picked":["Runesmith:Reinforce+1","Runesmith:ElementalConversion+1"],"picked":"Runesmith:EarthShield","floor":23}],"player_experience":1369424,"relics_obtained":[{"floor":9,"key":"infinitespire:PuzzleCube"},{"floor":15,"key":"Pet Ghost"},{"floor":23,"key":"Replay:Rubber Ducky"}],"event_choices":[{"cards_removed":["Runesmith:Strike_RS"],"damage_healed":0,"gold_gain":0,"player_choice":"Card Removal","damage_taken":7,"max_hp_gain":0,"max_hp_loss":0,"event_name":"Golden Wing","floor":13,"gold_loss":0}],"is_beta":false,"boss_relics":[{"not_picked":["Runesmith:UraniumAnvil","SacredBark"],"picked":"Runic Dome"}],"items_purged_floors":[],"is_endless":false,"potions_floor_spawned":[2,3,4,14,16,20,23],"killed_by":"Centurion and Healer","ascension_level":0}}