{"host":"na09lpbrez4gbfiz","time":1610011885,"event":{"mods":["Act Like it!","BaseMod","BetterRewards","Colored Map","Colored Powertips","DeckTracker","Googly Eyes","Highlight Path","Minty Spire (QoL Compilation)","Quick Restart","Spicy Shops","StSLib","SuperFastMode","Synergy Search"],"gold_per_floor":[113,38,38,38,57,98,98,119,119,119,140,11,52,71,71,190,190,211,211,226,226,45,45,89,89,166,166,166,186,241,272,272,377,377,392,29,29,42,42,42,58,91,91,91,91,91,121,138,138,138],"floor_reached":51,"playtime":1286,"items_purged":["Strike_G","Strike_G","Strike_G"],"score":1174,"play_id":"8f5a845c-d86a-4508-a0d8-ceb13da29892","local_time":"20210107103125","is_ascension_mode":true,"campfire_choices":[{"floor":10.0,"key":"DIG"},{"floor":15.0,"key":"REST"},{"floor":23.0,"key":"DIG"},{"floor":25.0,"key":"REST"},{"data":"Blade Dance","floor":32.0,"key":"SMITH"},{"floor":40.0,"key":"DIG"},{"floor":44.0,"key":"DIG"},{"floor":49.0,"key":"DIG"}],"circlet_count":0,"master_deck":["AscendersBane","Defend_G","Defend_G","Defend_G","Defend_G","Defend_G","Survivor","Neutralize","Noxious Fumes","Cloak And Dagger","Venomology","Deadly Poison","Poisoned Stab","Backstab","Envenom+1","Blade Dance","Blade Dance+1","Catalyst+1","Accuracy+1","Accuracy+1","After Image+1","Footwork+1","Infinite Blades+1"],"relics":["Ring of the Snake","NeowsBlessing","Bloody Idol","Prayer Wheel","Shovel","Bag of Marbles","Mercury Hourglass","Frozen Egg 2","WristBlade","Toy Ornithopter","Centennial Puzzle","Ninja Scroll","MutagenicStrength","Anchor","Torii","Busted Crown","Kunai","Ancient Tea Set","TungstenRod","Blue Candle","Happy Flower","Bottled Tornado","Bottled Flame"],"acts_visited":["Exordium","TheCity","TheBeyond"],"potions_floor_usage":[50],"damage_taken":[{"damage":0.0,"enemies":"Cultist","floor":1.0,"turns":1.0},{"damage":0.0,"enemies":"2 Louse","floor":5.0,"turns":1.0},{"damage":0.0,"enemies":"Lagavulin","floor":6.0,"turns":1.0},{"damage":0.0,"enemies":"Small Slimes","floor":8.0,"turns":3.0},{"damage":0.0,"enemies":"Red Slaver","floor":11.0,"turns":3.0},{"damage":18.0,"enemies":"Gremlin Nob","floor":13.0,"turns":3.0},{"damage":4.0,"enemies":"Blue Slaver","floor":14.0,"turns":4.0},{"damage":18.0,"enemies":"Hexaghost","floor":16.0,"turns":7.0},{"damage":11.0,"enemies":"2 Thieves","floor":18.0,"turns":3.0},{"damage":10.0,"enemies":"Shell Parasite","floor":20.0,"turns":3.0},{"damage":48.0,"enemies":"Book of Stabbing","floor":24.0,"turns":4.0},{"damage":0.0,"enemies":"Snake Plant","floor":29.0,"turns":1.0},{"damage":0.0,"enemies":"Slavers","floor":31.0,"turns":3.0},{"damage":52.0,"enemies":"Automaton","floor":33.0,"turns":7.0},{"damage":9.0,"enemies":"3 Shapes","floor":35.0,"turns":2.0},{"damage":0.0,"enemies":"Orb Walker","floor":38.0,"turns":1.0},{"damage":11.0,"enemies":"4 Shapes","floor":41.0,"turns":2.0},{"damage":15.0,"enemies":"Nemesis","floor":42.0,"turns":3.0},{"damage":14.0,"enemies":"Reptomancer","floor":47.0,"turns":6.0},{"damage":0.0,"enemies":"Transient","floor":48.0,"turns":5.0},{"damage":85,"enemies":"Time Eater","floor":50,"turns":7}],"seed_played":"1449642320433170448","potions_obtained":[{"floor":5.0,"key":"SteroidPotion"},{"floor":13.0,"key":"LiquidBronze"},{"floor":14.0,"key":"Strength Potion"},{"floor":29.0,"key":"Poison Potion"},{"floor":31.0,"key":"EssenceOfSteel"},{"floor":35.0,"key":"Fire Potion"},{"floor":38.0,"key":"EssenceOfSteel"},{"floor":42.0,"key":"SteroidPotion"},{"floor":46.0,"key":"Fruit Juice"},{"floor":46.0,"key":"CunningPotion"},{"floor":46.0,"key":"FairyPotion"}],"is_trial":false,"path_per_floor":["M","$","?","?","M","E","?","M","T","R","M","$","E","M","R","B",null,"M","?","M","?","$","R","E","R","T","?","?","M","T","E","R","B",null,"M","$","$","M","?","R","M","E","T","R","$","?","E","M","R","B",null],"character_chosen":"THE_SILENT","items_purchased":["Mercury Hourglass","Accuracy+1","Kunai"],"campfire_rested":2,"item_purchase_floors":[12,22,36],"current_hp_per_floor":[63,63,63,46,46,46,46,46,46,46,46,46,28,24,45,27,59,48,48,38,61,61,61,13,34,34,34,34,39,44,49,49,17,57,53,53,53,58,58,58,52,47,47,47,47,57,48,63,63,9],"gold":138,"neow_bonus":"THREE_ENEMY_KILL","is_daily":false,"chose_seed":false,"campfire_upgraded":1,"win_rate":0.0,"timestamp":1610011885,"path_taken":["M","$","?","?","M","E","?","M","T","R","M","$","E","?","R","BOSS","M","?","M","?","$","R","E","R","T","?","?","M","?","E","R","BOSS","M","?","$","M","?","R","M","E","T","R","$","?","E","?","R","BOSS"],"items_purchased_type":["Relic","Card","Relic"],"build_version":"2020-12-22","purchased_purges":3,"victory":true,"max_hp_per_floor":[70,70,70,70,70,70,70,70,70,70,70,70,70,70,70,70,70,70,70,70,70,70,70,70,70,70,70,70,70,70,70,70,70,70,70,70,70,70,70,70,70,70,70,70,70,75,75,75,75,75],"card_choices":[{"not_picked":["Dagger Spray","Blade Dance"],"picked":"Noxious Fumes","floor":1.0},{"not_picked":["Bane","Quick Slash"],"picked":"Cloak And Dagger","floor":5.0},{"not_picked":["Deflect","Calculated Gamble"],"picked":"Die Die Die","floor":6.0},{"not_picked":["Slice","Underhanded Strike","Dagger Throw"],"picked":"SKIP","floor":8.0},{"not_picked":["Acrobatics","Deadly Poison","Cloak And Dagger"],"picked":"SKIP","floor":8.0},{"not_picked":["Acrobatics","Cloak And Dagger"],"picked":"Deadly Poison","floor":8.0},{"not_picked":["Slice","Underhanded Strike","Dagger Throw"],"picked":"SKIP","floor":8.0},{"not_picked":["Slice","Underhanded Strike","Dagger Throw"],"picked":"SKIP","floor":8.0},{"not_picked":["Flying Knee","Riddle With Holes"],"picked":"Poisoned Stab","floor":11.0},{"not_picked":["Blade Dance","Eviscerate","Distraction"],"picked":"SKIP","floor":11.0},{"not_picked":["Venomology","Slice","Sucker Punch"],"picked":"SKIP","floor":13.0},{"not_picked":["Caltrops+1","Poisoned Stab"],"picked":"Backstab","floor":14.0},{"not_picked":["Quick Slash","Underhanded Strike","Acrobatics"],"picked":"SKIP","floor":14.0},{"not_picked":["A Thousand Cuts+1","Burst"],"picked":"Envenom+1","floor":16.0},{"not_picked":["Underhanded Strike","Leg Sweep"],"picked":"Blade Dance","floor":18.0},{"not_picked":["Deadly Poison","Deflect"],"picked":"Blade Dance","floor":18.0},{"not_picked":["Slice","Distraction"],"picked":"Catalyst+1","floor":20.0},{"not_picked":["Concentrate+1","Slice","Poisoned Stab"],"picked":"SKIP","floor":20.0},{"not_picked":["Sucker Punch","Flying Knee","Caltrops+1"],"picked":"SKIP","floor":24.0},{"not_picked":["Flechettes","All Out Attack+1","Caltrops+1"],"picked":"SKIP","floor":29.0},{"not_picked":["Slice","Underhanded Strike","Expertise+1"],"picked":"SKIP","floor":29.0},{"not_picked":["Blade Dance+1","Blur"],"picked":"Accuracy+1","floor":31.0},{"not_picked":["Wraith Form v2+1","Unload"],"picked":"After Image+1","floor":33.0},{"not_picked":["Dagger Spray"],"picked":"SKIP","floor":35.0},{"not_picked":["Underhanded Strike+1"],"picked":"SKIP","floor":35.0},{"not_picked":["Bane"],"picked":"SKIP","floor":38.0},{"not_picked":["Acrobatics"],"picked":"SKIP","floor":38.0},{"not_picked":[],"picked":"Footwork+1","floor":41.0},{"not_picked":["PiercingWail+1"],"picked":"SKIP","floor":41.0},{"not_picked":["Deflect"],"picked":"SKIP","floor":42.0},{"not_picked":["Heel Hook"],"picked":"SKIP","floor":47.0},{"not_picked":["Heel Hook"],"picked":"SKIP","floor":47.0},{"not_picked":[],"picked":"Infinite Blades+1","floor":48.0},{"not_picked":["Dagger Throw+1"],"picked":"SKIP","floor":48.0}],"player_experience":162344,"relics_obtained":[{"floor":6.0,"key":"Prayer Wheel"},{"floor":9.0,"key":"Shovel"},{"floor":10.0,"key":"Bag of Marbles"},{"floor":13.0,"key":"Frozen Egg 2"},{"floor":23.0,"key":"Toy Ornithopter"},{"floor":24.0,"key":"Centennial Puzzle"},{"floor":26.0,"key":"Ninja Scroll"},{"floor":30.0,"key":"Anchor"},{"floor":31.0,"key":"Torii"},{"floor":40.0,"key":"Ancient Tea Set"},{"floor":42.0,"key":"TungstenRod"},{"floor":43.0,"key":"Blue Candle"},{"floor":44.0,"key":"Happy Flower"},{"floor":47.0,"key":"Bottled Tornado"},{"floor":49.0,"key":"Bottled Flame"}],"event_choices":[{"cards_removed":["Strike_G"],"damage_healed":0.0,"max_hp_gain":0.0,"max_hp_loss":0.0,"gold_gain":0.0,"event_name":"Living Wall","player_choice":"Forget","floor":3.0,"gold_loss":0.0,"damage_taken":0.0},{"damage_healed":0.0,"max_hp_gain":0.0,"max_hp_loss":0.0,"gold_gain":0.0,"event_name":"Golden Idol","player_choice":"Take Damage","floor":4.0,"gold_loss":0.0,"damage_taken":17.0,"relics_obtained":["Golden Idol"]},{"damage_healed":0.0,"max_hp_gain":0.0,"max_hp_loss":0.0,"gold_gain":0.0,"cards_transformed":["Strike_G"],"event_name":"Transmorgrifier","player_choice":"Transformed","floor":7.0,"gold_loss":0.0,"damage_taken":0.0,"cards_obtained":["Venomology"]},{"damage_healed":0.0,"max_hp_gain":0.0,"max_hp_loss":0.0,"gold_gain":0.0,"event_name":"Cursed Tome","player_choice":"Ignored","floor":19.0,"gold_loss":0.0,"damage_taken":0.0},{"damage_healed":23.0,"max_hp_gain":0.0,"max_hp_loss":0.0,"gold_gain":0.0,"event_name":"The Library","player_choice":"Heal","floor":21.0,"gold_loss":0.0,"damage_taken":0.0},{"damage_healed":0.0,"max_hp_gain":0.0,"max_hp_loss":0.0,"gold_gain":0.0,"event_name":"Forgotten Altar","player_choice":"Gave Idol","floor":27.0,"relics_lost":["Golden Idol"],"gold_loss":0.0,"damage_taken":0.0,"relics_obtained":["Bloody Idol"]},{"damage_healed":0.0,"max_hp_gain":0.0,"max_hp_loss":0.0,"gold_gain":0.0,"event_name":"Drug Dealer","player_choice":"Inject Mutagens","floor":28.0,"gold_loss":0.0,"damage_taken":0.0,"relics_obtained":["MutagenicStrength"]},{"cards_removed":["Die Die Die"],"damage_healed":0.0,"max_hp_gain":0.0,"max_hp_loss":0.0,"gold_gain":0.0,"event_name":"Falling","player_choice":"Removed Attack","floor":39.0,"gold_loss":0.0,"damage_taken":0.0},{"damage_healed":0.0,"max_hp_gain":0.0,"max_hp_loss":0.0,"gold_gain":0.0,"event_name":"Lab","player_choice":"Got Potions","floor":46.0,"gold_loss":0.0,"damage_taken":0.0}],"is_beta":false,"boss_relics":[{"not_picked":["Tiny House","Cursed Key"],"picked":"WristBlade"},{"not_picked":["Coffee Dripper","Velvet Choker"],"picked":"Busted Crown"}],"items_purged_floors":[2,22,36],"is_endless":false,"potions_floor_spawned":[5,13,14,29,31,35,38,42],"ascension_level":10}}