{"host":"18wi9kpcl4eah7pe","time":1610035223,"event":{"mods":["BaseMod","Colored Powertips","Downfall","Minty Spire (QoL Compilation)","StSLib"],"gold_per_floor":[199,217,217,230,230,260,287,287,313,330,359,45,45,45,64,177,177,27,52,52,62,62,86,86,86,86,86,86,86],"floor_reached":27,"playtime":1708,"items_purged":["Regret"],"score":252,"play_id":"ba789cd9-8832-401d-a2d8-c177c17b55e2","local_time":"20210107100023","is_ascension_mode":true,"campfire_choices":[{"floor":1,"key":"RECALL"},{"data":"hexamod:PowerFromBeyond","floor":13,"key":"SMITH"},{"data":"hexamod:SoulSteal","floor":18,"key":"SMITH"}],"circlet_count":0,"master_deck":["hexamod:Strike+1","hexamod:Strike+1","hexamod:Defend+1","hexamod:Defend+1","hexamod:Defend+1","hexamod:Sear","hexamod:Float+1","hexamod:FirstSeal","hexamod:EtherealExpedition","hexamod:SoulSteal+1","hexamod:GhostLash","hexamod:SecondSeal","hexamod:GhostShield","hexamod:PowerFromBeyond+1","hexamod:ThirdSeal","hexamod:SwordOfDarkness","hexamod:Hexaguard+1","hexamod:SwordOfDarkness","hexamod:SixthSeal","hexamod:ParanormalForm+1","hexamod:HeatCrush+1","hexamod:NightmareGuise+1","hexamod:WildfireWeapon+1","hexamod:SwordOfDarkness","hexamod:SkipABeat","RitualDagger","hexamod:SpectersWail+1","hexamod:RadiantFlame+1","hexamod:CatchUp","hexamod:HauntingEcho+1","hexamod:FastForward"],"relics":["hexamod:SpiritBrand","The Courier","Frozen Egg 2","Potion Belt","Singing Bowl","FossilizedHelix","Sling","Astrolabe","downfall:HeartBlessingGreen","downfall:HeartBlessingRed","Nilry\u0027s Codex"],"acts_visited":["Exordium","TheCity"],"potions_floor_usage":[6,11,12,23,23],"damage_taken":[{"damage":0,"enemies":"Small Slimes","floor":2,"turns":3},{"damage":0,"enemies":"Jaw Worm","floor":4,"turns":3},{"damage":19,"enemies":"3 Sentries","floor":6,"turns":7},{"damage":16,"enemies":"Gremlin Nob","floor":9,"turns":4},{"damage":2,"enemies":"Cultist","floor":10,"turns":3},{"damage":14,"enemies":"Lagavulin","floor":11,"turns":5},{"damage":0,"enemies":"downfall:FleeingMerchant","floor":12,"turns":4},{"damage":9,"enemies":"3 Louse","floor":15,"turns":5},{"damage":45,"enemies":"downfall:Ironclad","floor":16,"turns":13},{"damage":24,"enemies":"Chosen","floor":19,"turns":6},{"damage":11,"enemies":"Spheric Guardian","floor":21,"turns":5},{"damage":21,"enemies":"Cultist and Chosen","floor":23,"turns":6},{"damage":11,"enemies":"Sentry and Sphere","floor":27,"turns":3}],"seed_played":"7878025314192491450","potions_obtained":[{"floor":4,"key":"hexamod:DoubleChargePotion"},{"floor":10,"key":"Slimebound:ThreeZeroPotion"},{"floor":11,"key":"Regen Potion"},{"floor":19,"key":"Swift Potion"},{"floor":21,"key":"Swift Potion"},{"floor":23,"key":"FearPotion"}],"is_trial":false,"path_per_floor":["R","M","?","M","?","E","T","?","E","M","E","$","R","?","M","B",null,"R","M","?","M","?","M","T","?","?","M"],"character_chosen":"THE_SPIRIT","items_purchased":["hexamod:ThirdSeal","Sling","hexamod:PowerFromBeyond"],"campfire_rested":0,"item_purchase_floors":[12,12,12],"current_hp_per_floor":[70,70,63,63,63,51,51,51,42,40,33,54,54,54,52,14,70,70,53,47,36,36,22,22,6,6,0,0,0],"gold":86,"neow_bonus":"HUNDRED_GOLD","is_daily":false,"chose_seed":false,"campfire_upgraded":2,"win_rate":0.0,"timestamp":1610035223,"path_taken":["R","M","?","M","?","E","T","?","E","?","E","$","R","?","M","BOSS","R","M","?","M","?","?","T","?","?","M"],"items_purchased_type":["Card","Relic","Card"],"build_version":"2020-12-22","purchased_purges":1,"victory":false,"max_hp_per_floor":[70,70,70,70,70,70,70,70,70,70,70,70,70,70,70,70,70,70,70,70,70,70,70,70,70,70,70,70,70],"card_choices":[{"not_picked":["hexamod:NightmareStrike","hexamod:HeatMetal"],"picked":"hexamod:HauntingEcho","floor":2},{"not_picked":["hexamod:FastForward","hexamod:PowerFromBeyond"],"picked":"hexamod:FirstSeal","floor":4},{"not_picked":["hexamod:BurningTouch","hexamod:SearingWound"],"picked":"hexamod:EtherealExpedition","floor":6},{"not_picked":["hexamod:GhostLash","hexamod:SwordOfDarkness"],"picked":"hexamod:SoulSteal","floor":9},{"not_picked":["hexamod:SoulSteal","hexamod:ThermalTransfer"],"picked":"hexamod:GhostLash","floor":10},{"not_picked":["hexamod:BacktrackSmack","hexamod:GhostShield"],"picked":"hexamod:SecondSeal","floor":11},{"not_picked":["hexamod:HauntingEcho","hexamod:HeatShield"],"picked":"hexamod:GhostShield","floor":12},{"not_picked":["hexamod:Firestarter","hexamod:ThirdSeal"],"picked":"hexamod:SwordOfDarkness","floor":15},{"not_picked":["hexamod:HeatShield","hexamod:SwordOfDarkness"],"picked":"hexamod:Hexaguard","floor":15},{"not_picked":["hexamod:SpectralSpark","hexamod:HeatShield"],"picked":"hexamod:SwordOfDarkness","floor":15},{"not_picked":["hexamod:ApocalypticArmor+1","hexamod:Toasty"],"picked":"hexamod:SixthSeal","floor":16},{"not_picked":["hexamod:UnlimitedPower","hexamod:GhostflameInferno"],"picked":"hexamod:ParanormalForm+1","floor":16},{"not_picked":["hexamod:Hexaguard","hexamod:Firestarter"],"picked":"hexamod:SwordOfDarkness","floor":19},{"not_picked":["hexamod:AdvancingGuard","hexamod:ThermalTransfer"],"picked":"hexamod:SkipABeat","floor":19},{"not_picked":["hexamod:BurningTouch","hexamod:Rewind"],"picked":"hexamod:SpectersWail+1","floor":21},{"not_picked":["hexamod:BurningTouch","hexamod:InspiringFlames+1"],"picked":"hexamod:RadiantFlame+1","floor":21},{"not_picked":["hexamod:SpectralSpark+1","hexamod:Incineration+1"],"picked":"hexamod:HauntingEcho+1","floor":23},{"not_picked":["hexamod:NightmareGuise+1","hexamod:GhostflameInferno"],"picked":"hexamod:FastForward","floor":23}],"player_experience":883024,"relics_obtained":[{"floor":6,"key":"Frozen Egg 2"},{"floor":7,"key":"Potion Belt"},{"floor":9,"key":"Singing Bowl"},{"floor":11,"key":"FossilizedHelix"},{"floor":25,"key":"Nilry\u0027s Codex"}],"event_choices":[{"damage_healed":0,"gold_gain":0,"player_choice":"Success","damage_taken":7,"relics_obtained":["The Courier"],"max_hp_gain":0,"max_hp_loss":0,"event_name":"Scrap Ooze","floor":3,"gold_loss":0},{"damage_healed":0,"gold_gain":0,"cards_transformed":["hexamod:Strike"],"player_choice":"Transformed","damage_taken":0,"max_hp_gain":0,"max_hp_loss":0,"event_name":"Transmorgrifier","floor":8,"gold_loss":0,"cards_obtained":["hexamod:FlamesFromBeyond"]},{"damage_healed":0,"gold_gain":0,"cards_transformed":["hexamod:ThirdSeal"],"player_choice":"Transformed","damage_taken":0,"max_hp_gain":0,"max_hp_loss":0,"event_name":"Transmorgrifier","floor":22,"gold_loss":0,"cards_obtained":["hexamod:CatchUp"]},{"damage_healed":0,"gold_gain":0,"player_choice":"Simplicity","damage_taken":0,"max_hp_gain":0,"max_hp_loss":0,"event_name":"Back to Basics","floor":26,"gold_loss":0,"cards_upgraded":["hexamod:Strike","hexamod:Defend"]}],"is_beta":false,"boss_relics":[{"not_picked":["Cursed Key","Empty Cage"],"picked":"Astrolabe"}],"items_purged_floors":[12],"is_endless":false,"potions_floor_spawned":[4,10,11,19,21,23],"killed_by":"Sentry and Sphere","ascension_level":2}}