{"host":"3ykswgue17e1ycc2","time":1610036851,"event":{"mods":["BaseMod","Colored Powertips","Dark Map","Minty Spire (QoL Compilation)","Quick Restart","Rare Cards Sparkle","StSLib"],"gold_per_floor":[119,135,135,152,167,196,196,228,228,228,228,239,255,265,265,361,361,376,388,388,88,101,132,158,158,183,108,108,108,140,154,154,154,154],"floor_reached":33,"playtime":1386,"items_purged":["Strike_B"],"score":356,"play_id":"02500a2f-536e-4628-94e6-285f5f1a31b6","local_time":"20210107232731","is_ascension_mode":true,"campfire_choices":[{"data":"Zap","floor":7,"key":"SMITH"},{"data":"Capacitor","floor":10,"key":"SMITH"},{"floor":15,"key":"REST"},{"data":"Defragment","floor":25,"key":"SMITH"},{"data":"Rainbow","floor":29,"key":"SMITH"},{"data":"Loop","floor":32,"key":"SMITH"}],"circlet_count":0,"master_deck":["Strike_B","Defend_B","Defend_B","Defend_B","Defend_B","Zap+1","Dualcast","BootSequence","Go for the Eyes","Capacitor+1","Barrage","Loop+1","Rip and Tear","Coolheaded","Rainbow+1","Leap","Seek","Melter","Sweeping Beam+1","Capacitor+1","Defragment+1","FTL+1","Defragment+1","Recycle","Conserve Battery+1"],"relics":["Cracked Core","PreservedInsect","Toy Ornithopter","Juzu Bracelet","Pen Nib","Du-Vu Doll","Coffee Dripper","OrangePellets","Mercury Hourglass","Red Mask","Happy Flower","Molten Egg 2"],"acts_visited":["Exordium","TheCity"],"potions_floor_usage":[8,8,16,22,33,33],"damage_taken":[{"damage":3,"enemies":"2 Louse","floor":1,"turns":3},{"damage":1,"enemies":"Cultist","floor":2,"turns":4},{"damage":0,"enemies":"Small Slimes","floor":4,"turns":2},{"damage":6,"enemies":"3 Louse","floor":5,"turns":4},{"damage":29,"enemies":"Gremlin Nob","floor":6,"turns":4},{"damage":15,"enemies":"3 Sentries","floor":8,"turns":7},{"damage":0,"enemies":"Exordium Wildlife","floor":12,"turns":3},{"damage":1,"enemies":"Looter","floor":13,"turns":3},{"damage":0,"enemies":"3 Louse","floor":14,"turns":3},{"damage":27,"enemies":"The Guardian","floor":16,"turns":8},{"damage":4,"enemies":"Shell Parasite","floor":18,"turns":7},{"damage":0,"enemies":"Spheric Guardian","floor":19,"turns":2},{"damage":12,"enemies":"Snake Plant","floor":22,"turns":5},{"damage":29,"enemies":"Book of Stabbing","floor":23,"turns":7},{"damage":0,"enemies":"Masked Bandits","floor":24,"turns":3},{"damage":34,"enemies":"Gremlin Leader","floor":30,"turns":5},{"damage":1,"enemies":"Shelled Parasite and Fungi","floor":31,"turns":4},{"damage":39,"enemies":"Automaton","floor":33,"turns":6}],"seed_played":"-7700342385377651649","potions_obtained":[{"floor":1,"key":"BlessingOfTheForge"},{"floor":4,"key":"Block Potion"},{"floor":14,"key":"PowerPotion"},{"floor":16,"key":"BlessingOfTheForge"},{"floor":19,"key":"SkillPotion"},{"floor":22,"key":"Strength Potion"}],"is_trial":false,"path_per_floor":["M","M","?","M","M","E","R","E","T","R","T","M","M","M","R","B",null,"M","M","?","$","M","E","?","R","T","?","?","R","E","M","R","B"],"character_chosen":"DEFECT","items_purchased":["OrangePellets","Defragment"],"campfire_rested":1,"item_purchase_floors":[21,21],"current_hp_per_floor":[72,71,71,71,65,36,36,31,31,31,31,31,30,30,52,30,75,71,71,71,71,63,34,34,34,34,34,59,59,25,24,24,0,0],"gold":154,"neow_bonus":"RANDOM_COMMON_RELIC","is_daily":false,"chose_seed":false,"campfire_upgraded":5,"win_rate":0.0,"timestamp":1610036851,"path_taken":["M","M","?","?","M","E","R","E","T","R","?","M","M","M","R","BOSS","M","M","?","?","M","E","?","R","T","?","?","R","E","M","R","BOSS"],"items_purchased_type":["Relic","Card"],"build_version":"2020-12-22","purchased_purges":1,"victory":false,"max_hp_per_floor":[75,75,75,75,75,75,75,75,75,75,75,75,75,75,75,75,75,75,75,75,75,75,75,75,75,75,75,75,75,75,75,75,75,75],"card_choices":[{"not_picked":["Consume","Fusion"],"picked":"BootSequence","floor":1},{"not_picked":["Stack","Hello World"],"picked":"Go for the Eyes","floor":2},{"not_picked":["Darkness","Rebound"],"picked":"Capacitor","floor":4},{"not_picked":["Steam","Rebound"],"picked":"Barrage","floor":5},{"not_picked":["Lockon","Thunder Strike"],"picked":"Loop","floor":6},{"not_picked":["Hologram","Gash"],"picked":"Rip and Tear","floor":8},{"not_picked":["Doom and Gloom","Go for the Eyes"],"picked":"Coolheaded","floor":12},{"not_picked":["Sweeping Beam","Tempest"],"picked":"Rainbow","floor":13},{"not_picked":["Coolheaded","Rebound"],"picked":"Leap","floor":14},{"not_picked":["Machine Learning","Multi-Cast"],"picked":"Seek","floor":16},{"not_picked":["Capacitor+1","Reinforced Body"],"picked":"Melter","floor":18},{"not_picked":["Streamline+1","Redo"],"picked":"Sweeping Beam+1","floor":19},{"not_picked":["Genetic Algorithm","Skim","Reprogram+1"],"picked":"SKIP","floor":22},{"not_picked":["Gash","Fission"],"picked":"FTL+1","floor":23},{"not_picked":["Beam Cell","Conserve Battery"],"picked":"Defragment+1","floor":24},{"not_picked":["Redo","Compile Driver+1"],"picked":"Recycle","floor":30},{"not_picked":["Heatsinks","Leap"],"picked":"Conserve Battery+1","floor":31}],"player_experience":309487,"relics_obtained":[{"floor":6,"key":"Toy Ornithopter"},{"floor":8,"key":"Juzu Bracelet"},{"floor":9,"key":"Pen Nib"},{"floor":11,"key":"Du-Vu Doll"},{"floor":23,"key":"Mercury Hourglass"},{"floor":24,"key":"Red Mask"},{"floor":26,"key":"Happy Flower"},{"floor":30,"key":"Molten Egg 2"}],"event_choices":[{"cards_removed":["Strike_B"],"damage_healed":0,"gold_gain":0,"player_choice":"Purged","damage_taken":0,"max_hp_gain":0,"max_hp_loss":0,"event_name":"Purifier","floor":3,"gold_loss":0},{"damage_healed":0,"gold_gain":0,"player_choice":"Copied","damage_taken":0,"max_hp_gain":0,"max_hp_loss":0,"event_name":"Duplicator","floor":20,"gold_loss":0,"cards_obtained":["Capacitor"]},{"damage_healed":0,"gold_gain":0,"player_choice":"Fought Bandits","damage_taken":0,"max_hp_gain":0,"max_hp_loss":0,"event_name":"Masked Bandits","floor":24,"gold_loss":0},{"cards_removed":["Strike_B"],"damage_healed":0,"gold_gain":0,"player_choice":"Gave Gold","damage_taken":0,"max_hp_gain":0,"max_hp_loss":0,"event_name":"Beggar","floor":27,"gold_loss":75},{"damage_healed":25,"gold_gain":0,"player_choice":"Heal","damage_taken":0,"max_hp_gain":0,"max_hp_loss":0,"event_name":"The Library","floor":28,"gold_loss":0}],"is_beta":false,"boss_relics":[{"not_picked":["Sozu","Black Star"],"picked":"Coffee Dripper"}],"items_purged_floors":[21],"is_endless":false,"potions_floor_spawned":[1,4,14,16,19,22],"killed_by":"Automaton","ascension_level":4}}