{"host":"e4wnmsyty9uvvtwf","time":1610003302,"event":{"mods":["Act Like it!","BaseMod","Colored Map","Colored Powertips","Gensokyo","Minty Spire (QoL Compilation)","Rare Cards Sparkle","Remilia£®¿Ÿ√◊¿Ú—«£©","StSLib"],"gold_per_floor":[119,135,146,158,170,205,205,236,236,248,248,260,275,115,115,213,213,227,227,227,227,42,72,1,1,28,47,47,66,276,295,295,295,295],"floor_reached":33,"playtime":1594,"items_purged":["Shame"],"score":390,"play_id":"a26cc1d7-5cbc-4aa2-b1aa-a70f4c097b19","local_time":"20210107150822","is_ascension_mode":true,"campfire_choices":[{"data":"MastersStateliness","floor":7,"key":"SMITH"},{"data":"VampireClaw","floor":11,"key":"SMITH"},{"data":"ScarletDream","floor":15,"key":"SMITH"},{"data":"ForecastOfChange","floor":25,"key":"SMITH"},{"data":"Ultimatum","floor":28,"key":"SMITH"},{"data":"ScarletShoot","floor":32,"key":"SMITH"}],"circlet_count":0,"master_deck":["Strike_RM","Strike_RM+1","Strike_RM","Strike_RM","Defend_RM","Defend_RM","Defend_RM","Defend_RM","RedMoon","ScarletShoot+1","RedRainbow","ScarletImprint","VampireClaw+1","Ultimatum+1","MastersStateliness+1","ForecastOfChange+1","MastersStateliness","AfternoonTea","ScarletDream+1","DevilSight+1","VampireFantasy+1","VampireFantasy","Necronomicurse","TricksterDevil","MastersStateliness","MastersStateliness+1","Stigmanizer+1","HunterOfTheNight","VampireKiss","FitfulNightmare+1"],"relics":["ScarletHat","Letter Opener","PreservedInsect","TungstenRod","Necronomicon","ScarletEmblem","Gensokyo:MosesMiracle","Gensokyo:RedStar","Membership Card","Mercury Hourglass","Lantern"],"acts_visited":["Exordium","Gensokyo:Gensokyo"],"potions_floor_usage":[6,27,33],"damage_taken":[{"damage":0,"enemies":"Gensokyo:Python","floor":1,"turns":4},{"damage":1,"enemies":"Gensokyo:Gryphon","floor":2,"turns":7},{"damage":0,"enemies":"Gensokyo:2_Kodama","floor":3,"turns":6},{"damage":2,"enemies":"Gensokyo:2_Rabbits","floor":4,"turns":7},{"damage":1,"enemies":"Gensokyo:CorruptedTreant","floor":5,"turns":7},{"damage":20,"enemies":"Gensokyo:Aya","floor":6,"turns":9},{"damage":11,"enemies":"Gensokyo:Cirno","floor":8,"turns":8},{"damage":5,"enemies":"Gensokyo:Kitsune","floor":10,"turns":4},{"damage":0,"enemies":"Gensokyo:Python_and_Kodama","floor":12,"turns":5},{"damage":0,"enemies":"Gensokyo:Gryphon_and_Rabbit","floor":13,"turns":7},{"damage":15,"enemies":"Gensokyo:Reimu","floor":16,"turns":8},{"damage":1,"enemies":"Gensokyo:2_Gloops","floor":18,"turns":6},{"damage":24,"enemies":"Gensokyo:Tenshi","floor":23,"turns":5},{"damage":12,"enemies":"Gensokyo:3_Dogs","floor":27,"turns":6},{"damage":3,"enemies":"Gensokyo:Slime_Group","floor":29,"turns":5},{"damage":22,"enemies":"Gensokyo:Wraith","floor":30,"turns":4},{"damage":20,"enemies":"Gensokyo:Chomper_and_Gloop","floor":31,"turns":6},{"damage":55,"enemies":"Gensokyo:Eiki","floor":33,"turns":4}],"seed_played":"4051457173265290343","potions_obtained":[{"floor":1,"key":"Weak Potion"},{"floor":2,"key":"Block Potion"},{"floor":4,"key":"Energy Potion"},{"floor":12,"key":"DistilledChaos"}],"is_trial":false,"path_per_floor":["M","M","M","M","M","E","R","E","T","M","R","M","M","?","R","B",null,"M","?","?","?","$","E","COS","R","T","M","R","M","M","M","R","B"],"character_chosen":"REMILIA","items_purchased":["Membership Card"],"campfire_rested":0,"item_purchase_floors":[22],"current_hp_per_floor":[77,80,80,80,79,59,59,49,49,51,51,60,63,63,63,52,75,81,81,81,81,81,57,57,57,57,48,48,45,36,30,30,0,0],"gold":295,"neow_bonus":"TEN_PERCENT_HP_BONUS","is_daily":false,"chose_seed":false,"campfire_upgraded":6,"win_rate":0.0,"timestamp":1610003302,"path_taken":["M","?","M","M","?","E","R","E","T","M","R","M","?","?","R","BOSS","M","?","?","?","$","E","COS","R","T","M","R","?","M","M","R","BOSS"],"items_purchased_type":["Relic"],"build_version":"2020-12-22","purchased_purges":1,"victory":false,"max_hp_per_floor":[82,82,82,82,82,82,82,82,82,82,82,82,82,82,82,82,82,82,82,82,82,82,82,82,82,82,82,82,82,82,82,82,41,41],"card_choices":[{"not_picked":["ScarletGensokyo","SuperhumanBloodyKnife"],"picked":"RedRainbow","floor":1},{"not_picked":["VampireSweep","EndlessAdversity","ScarletNetherworld"],"picked":"SKIP","floor":2},{"not_picked":["MillenniumVampire","UltimateOffering"],"picked":"ScarletImprint","floor":3},{"not_picked":["RedRainbow","ScarletNetherworld"],"picked":"VampireClaw","floor":4},{"not_picked":["UnderTheZenith","VampirishNight"],"picked":"Ultimatum","floor":5},{"not_picked":["UnderTheZenith","DemonKingCradle"],"picked":"MastersStateliness","floor":6},{"not_picked":["CharismaGuard","BadLadyScramble","UnderTheZenith"],"picked":"SKIP","floor":6},{"not_picked":["RedRainbow","ScarletDream"],"picked":"ForecastOfChange","floor":8},{"not_picked":["ScarletDevil","RedMagic"],"picked":"MastersStateliness","floor":10},{"not_picked":["TwelveNightmare","EndlessAdversity"],"picked":"AfternoonTea","floor":10},{"not_picked":["UnstableMagic","ScarletDevil"],"picked":"ScarletDream","floor":12},{"not_picked":["VampireKiss","DiffusionOfMisfortune"],"picked":"DevilSight","floor":12},{"not_picked":["ReincarnationDial","UnderTheZenith"],"picked":"VampireFantasy","floor":13},{"not_picked":["NightLord","BombardNight"],"picked":"VampireFantasy","floor":13},{"not_picked":["KillingBlow","BloodyHallows"],"picked":"TricksterDevil","floor":16},{"not_picked":["BlasphemousPunishment","UnderTheZenith","RedRainbow"],"picked":"SKIP","floor":18},{"not_picked":["Stigmanizer+1","VampireKiss"],"picked":"MastersStateliness","floor":23},{"not_picked":["CharismaGuard","UnderTheZenith"],"picked":"MastersStateliness+1","floor":27},{"not_picked":["BadLadyScramble+1","NightDance"],"picked":"Stigmanizer+1","floor":27},{"not_picked":["DevilSight+1","VampireSweep"],"picked":"HunterOfTheNight","floor":29},{"not_picked":["EndlessAdversity","QueenOfMidnight"],"picked":"VampireKiss","floor":30},{"not_picked":["Ultimatum","UnstableMagic"],"picked":"FitfulNightmare+1","floor":31}],"player_experience":541942,"relics_obtained":[{"floor":6,"key":"Letter Opener"},{"floor":8,"key":"PreservedInsect"},{"floor":9,"key":"TungstenRod"},{"floor":23,"key":"Mercury Hourglass"},{"floor":29,"key":"Gensokyo:MosesMiracle"}],"event_choices":[],"is_beta":false,"boss_relics":[{"not_picked":["Busted Crown","Philosopher\u0027s Stone"],"picked":"ScarletEmblem"}],"items_purged_floors":[22],"is_endless":false,"potions_floor_spawned":[1,2,4,12,16,23,27],"killed_by":"Gensokyo:Eiki","ascension_level":7}}