{"host":"zksvs3x2ysy9npnz","time":1610036066,"event":{"mods":["Aspiration","BaseMod","Beaked The Cultist","BetterRewards","Clockwork Mod","Colored Map","Conspire","Downfall","Duelist Mod","Ekko","Halation","Highlight Path","Hubris","Hunter ??","Infinite Spire","Jedi Mod","JesterMod","Minty Spire (QoL Compilation)","Permanent Neow","Quick Restart","Relic Stats","Replay The Spire","Retaliation","Shade Mod","Shop Mod","StSLib"],"gold_per_floor":[113,127,127,127,146,146,177,177,250,264,296,296,306,320,320,415,415,431,448,547,472,492,518,518,518,541,574,574,585,585,602,602,699,699,710,710,710,730,742,775,128,128,153,153,185,197,209,232,244,256,268,280,39,68,68],"floor_reached":56,"playtime":3081,"items_purged":["ekkoTheBoyWhoShatteredTime:Strike","ekkoTheBoyWhoShatteredTime:Strike"],"score":1243,"play_id":"ec787d98-8bf2-4c07-8019-a8f81962cf51","local_time":"20210107171426","is_ascension_mode":true,"campfire_choices":[{"data":"ekkoTheBoyWhoShatteredTime:RecallingPunch","floor":6.0,"key":"SMITH"},{"floor":8.0,"key":"REST"},{"data":"ekkoTheBoyWhoShatteredTime:HextechProtobelt","floor":12.0,"key":"SMITH"},{"floor":15.0,"key":"DIG"},{"data":"ekkoTheBoyWhoShatteredTime:Playful","floor":25.0,"key":"SMITH"},{"floor":28.0,"key":"REST"},{"floor":30.0,"key":"REST"},{"floor":32.0,"key":"RECALL"},{"floor":42,"key":"REST"},{"floor":44,"key":"REST"},{"floor":46,"key":"REST"},{"data":"hubris:Fate","floor":52,"key":"SMITH"}],"circlet_count":0,"master_deck":["ekkoTheBoyWhoShatteredTime:Strike","ekkoTheBoyWhoShatteredTime:Strike+1","ekkoTheBoyWhoShatteredTime:Defend","ekkoTheBoyWhoShatteredTime:Defend+1","ekkoTheBoyWhoShatteredTime:Defend","ekkoTheBoyWhoShatteredTime:Defend","ekkoTheBoyWhoShatteredTime:CommittedStrike","ekkoTheBoyWhoShatteredTime:RecallingPunch+1","ekkoTheBoyWhoShatteredTime:CalmingWaves+1","ekkoTheBoyWhoShatteredTime:ComeAtMe","ekkoTheBoyWhoShatteredTime:Knowledge","ekkoTheBoyWhoShatteredTime:HextechProtobelt+1","ekkoTheBoyWhoShatteredTime:IcebornGauntlet","ekkoTheBoyWhoShatteredTime:NeedlesslyLargeRod","ekkoTheBoyWhoShatteredTime:Playful+1","ekkoTheBoyWhoShatteredTime:ProjectPreference","ekkoTheBoyWhoShatteredTime:NashorsTooth","ekkoTheBoyWhoShatteredTime:Acceleration","ekkoTheBoyWhoShatteredTime:SneakHit+1","ekkoTheBoyWhoShatteredTime:Overflow","infinitespire:Gouge","ekkoTheBoyWhoShatteredTime:Periocharge","ekkoTheBoyWhoShatteredTime:Leap+1","ekkoTheBoyWhoShatteredTime:AcademyAttraction","ekkoTheBoyWhoShatteredTime:NaggingBlow+1","ekkoTheBoyWhoShatteredTime:KneeNSwordCombo+1","ekkoTheBoyWhoShatteredTime:Dash+1","ekkoTheBoyWhoShatteredTime:Vibin+1","ekkoTheBoyWhoShatteredTime:NeedlesslyLargeRod+1","jedi:forcepush+1","hubris:Fate+1","ekkoTheBoyWhoShatteredTime:ComeAtMe+1","ekkoTheBoyWhoShatteredTime:Leap","ekkoTheBoyWhoShatteredTime:Process+1"],"relics":["ekkoTheBoyWhoShatteredTime:zDriveResonance","infinitespire:Satchel","infinitespire:Golems Mask","Replay:Bottled Flurry","hubris:TenFootPole","jedi:arcanewood","halation:SmartPhone","Blue Doll","White Beast Statue","Sozu","jedi:crownofsimplicity","aspiration:PoetsPen_weak","Bag of Marbles","aspiration:TomeofQuesting","Gremlin Food","Blood Vial","hubris:ToyBattleship","Frozen Eye","Strawberry","MawBank","ReplayTheSpireMod:Lightbulb","Art of War"],"acts_visited":["Exordium","TheCity","TheBeyond","TheEnding"],"potions_floor_usage":[55],"damage_taken":[{"damage":14.0,"enemies":"Jaw Worm","floor":1.0,"turns":4.0},{"damage":3.0,"enemies":"2 Louse","floor":2.0,"turns":3.0},{"damage":0.0,"enemies":"conspire:RoseBush","floor":5.0,"turns":3.0},{"damage":20.0,"enemies":"Gremlin Nob","floor":7.0,"turns":4.0},{"damage":0.0,"enemies":"2 Fungi Beasts","floor":10.0,"turns":4.0},{"damage":5.0,"enemies":"Lagavulin","floor":11.0,"turns":5.0},{"damage":1.0,"enemies":"Looter","floor":13.0,"turns":2.0},{"damage":1.0,"enemies":"Exordium Wildlife","floor":14.0,"turns":4.0},{"damage":0.0,"enemies":"Slime Boss","floor":16.0,"turns":7.0},{"damage":0.0,"enemies":"Spheric Guardian","floor":18.0,"turns":3.0},{"damage":0.0,"enemies":"Shell Parasite","floor":19.0,"turns":4.0},{"damage":11.0,"enemies":"Snake Plant","floor":22.0,"turns":4.0},{"damage":0.0,"enemies":"Gremlin Leader","floor":23.0,"turns":6.0},{"damage":21.0,"enemies":"Slavers","floor":27.0,"turns":4.0},{"damage":6.0,"enemies":"Cultist and Chosen","floor":29.0,"turns":5.0},{"damage":0.0,"enemies":"Snecko","floor":31.0,"turns":3.0},{"damage":0.0,"enemies":"Champ","floor":33.0,"turns":7.0},{"damage":0.0,"enemies":"Orb Walker","floor":35.0,"turns":2.0},{"damage":1,"enemies":"3 Darklings","floor":38,"turns":3},{"damage":0,"enemies":"Sphere and 2 Shapes","floor":39,"turns":3},{"damage":58,"enemies":"Reptomancer","floor":40,"turns":5},{"damage":0,"enemies":"Nightmare","floor":45,"turns":5},{"damage":0,"enemies":"Spire Growth","floor":48,"turns":3},{"damage":0,"enemies":"Spire Growth","floor":49,"turns":4},{"damage":54,"enemies":"conspire:OrnateMirror","floor":50,"turns":4},{"damage":8,"enemies":"Shield and Spear","floor":54,"turns":6},{"damage":5,"enemies":"The Heart","floor":55,"turns":2}],"seed_played":"-7572828622305158558","potions_obtained":[{"floor":2.0,"key":"Energy Potion"},{"floor":7.0,"key":"Milkshake"},{"floor":11.0,"key":"Adrenaline Potion"},{"floor":13.0,"key":"DDmod:CleansePotion"},{"floor":18.0,"key":"FearPotion"},{"floor":22.0,"key":"Weak Potion"}],"is_trial":false,"path_per_floor":["M","M","?","?","M","R","E","R","T","M","E","R","M","M","R_BF","B",null,"M","M","?","?","M","E","AVR","R","T","E","R","M","R","M","R_BF","B",null,"M","?","AVR","M","M","E","$","R","T","R","NM","R","?","M","R_BF","B",null,"R","$","E","B",null],"character_chosen":"EKKO_THE_BOY_WHO_SHATTERED_TIME","items_purchased":["Blood Vial","hubris:ToyBattleship","Frozen Eye","ekkoTheBoyWhoShatteredTime:NeedlesslyLargeRod+1","jedi:forcepush","ReplayTheSpireMod:Lightbulb","ekkoTheBoyWhoShatteredTime:Leap"],"campfire_rested":6,"item_purchase_floors":[41,41,41,41,41,53,53],"current_hp_per_floor":[64,61,61,45,45,45,25,48,48,48,43,43,42,41,41,41,78,75,72,72,72,58,58,58,58,58,37,60,54,77,77,77,74,78,75,75,75,71,68,10,10,33,40,65,63,85,75,77,79,27,85,85,81,75,72],"gold":68,"neow_bonus":"RANDOM_COMMON_RELIC","is_daily":false,"chose_seed":false,"campfire_upgraded":4,"win_rate":0.0,"timestamp":1610036066,"path_taken":["M","M","?","?","?","R","E","R","T","M","E","R","?","M","R_BF","BOSS","M","M","?","?","?","E","AVR","R","T","E","R","M","R","M","R_BF","BOSS","M","?","AVR","?","M","E","$","R","T","R","NM","R","?","M","R_BF","BOSS","R","$","E","BOSS"],"items_purchased_type":["Relic","Relic","Relic","Card","Card","Relic","Card"],"build_version":"2020-12-22","purchased_purges":2,"victory":true,"max_hp_per_floor":[78,78,78,78,78,78,78,78,78,78,78,78,78,78,78,78,78,78,78,78,78,78,78,78,78,78,78,78,78,78,78,78,78,78,78,78,78,78,78,78,78,78,85,85,85,85,85,85,85,85,85,85,85,85,85],"relic_stats":{"Sozu":12,"Blood Vial":12,"counters":[27,109],"Art of War":[0],"MawBank":96,"obtain_stats":[{"Gremlin Food":40,"halation:SmartPhone":17,"Blue Doll":23,"aspiration:TomeofQuesting":37,"aspiration:PoetsPen_weak":34,"jedi:crownofsimplicity":27,"MawBank":45,"White Beast Statue":24,"Sozu":24,"Blood Vial":41,"Frozen Eye":41,"Strawberry":43,"infinitespire:Satchel":0,"infinitespire:Golems Mask":7,"Replay:Bottled Flurry":9,"hubris:TenFootPole":11,"Bag of Marbles":36,"hubris:ToyBattleship":41,"Art of War":54,"ekkoTheBoyWhoShatteredTime:zDriveResonance":0,"jedi:arcanewood":15,"ReplayTheSpireMod:Lightbulb":53},{"Gremlin Food":21,"halation:SmartPhone":9,"Blue Doll":13,"aspiration:TomeofQuesting":18,"aspiration:PoetsPen_weak":17,"jedi:crownofsimplicity":14,"MawBank":22,"White Beast Statue":13,"Sozu":13,"Blood Vial":21,"Frozen Eye":21,"Strawberry":21,"infinitespire:Satchel":0,"infinitespire:Golems Mask":4,"Replay:Bottled Flurry":4,"hubris:TenFootPole":6,"Bag of Marbles":18,"hubris:ToyBattleship":21,"Art of War":26,"ekkoTheBoyWhoShatteredTime:zDriveResonance":0,"jedi:arcanewood":8,"ReplayTheSpireMod:Lightbulb":25},{"Gremlin Food":85,"halation:SmartPhone":36,"Blue Doll":53,"aspiration:TomeofQuesting":74,"aspiration:PoetsPen_weak":72,"jedi:crownofsimplicity":57,"MawBank":90,"White Beast Statue":53,"Sozu":53,"Blood Vial":85,"Frozen Eye":85,"Strawberry":85,"infinitespire:Satchel":0,"infinitespire:Golems Mask":14,"Replay:Bottled Flurry":14,"hubris:TenFootPole":23,"Bag of Marbles":74,"hubris:ToyBattleship":85,"Art of War":107,"ekkoTheBoyWhoShatteredTime:zDriveResonance":0,"jedi:arcanewood":29,"ReplayTheSpireMod:Lightbulb":101}]},"card_choices":[{"not_picked":["ekkoTheBoyWhoShatteredTime:DuplicateTimelines","ekkoTheBoyWhoShatteredTime:TimeRecall"],"picked":"ekkoTheBoyWhoShatteredTime:CommittedStrike","floor":1.0},{"not_picked":["ekkoTheBoyWhoShatteredTime:Leap","ekkoTheBoyWhoShatteredTime:AfterimageBait"],"picked":"ekkoTheBoyWhoShatteredTime:RecallingPunch","floor":2.0},{"not_picked":["ekkoTheBoyWhoShatteredTime:AfterimageDualStroke","ekkoTheBoyWhoShatteredTime:AfterimageTease"],"picked":"ekkoTheBoyWhoShatteredTime:ComeAtMe","floor":5.0},{"not_picked":["ekkoTheBoyWhoShatteredTime:IceBreak","ekkoTheBoyWhoShatteredTime:Dash"],"picked":"ekkoTheBoyWhoShatteredTime:Knowledge","floor":7.0},{"not_picked":["ekkoTheBoyWhoShatteredTime:AfterimageTimeWrap","ekkoTheBoyWhoShatteredTime:TimeRecall"],"picked":"ekkoTheBoyWhoShatteredTime:HextechProtobelt","floor":10.0},{"not_picked":["ekkoTheBoyWhoShatteredTime:PhaseDive","ekkoTheBoyWhoShatteredTime:HauntedAfterimage"],"picked":"ekkoTheBoyWhoShatteredTime:IcebornGauntlet","floor":11.0},{"not_picked":["ekkoTheBoyWhoShatteredTime:AfterimageBait","ekkoTheBoyWhoShatteredTime:SpHit"],"picked":"ekkoTheBoyWhoShatteredTime:NeedlesslyLargeRod","floor":13.0},{"not_picked":["ekkoTheBoyWhoShatteredTime:AfterimageSetup","ekkoTheBoyWhoShatteredTime:NaggingBlow"],"picked":"ekkoTheBoyWhoShatteredTime:Playful","floor":14.0},{"not_picked":["ekkoTheBoyWhoShatteredTime:SktSynergy","ekkoTheBoyWhoShatteredTime:OverloadingWeapon"],"picked":"ekkoTheBoyWhoShatteredTime:ProjectPreference","floor":16.0},{"not_picked":["ekkoTheBoyWhoShatteredTime:ComeAtMe+1","ekkoTheBoyWhoShatteredTime:HauntedAfterimage"],"picked":"ekkoTheBoyWhoShatteredTime:NashorsTooth","floor":18.0},{"not_picked":["ekkoTheBoyWhoShatteredTime:QuickBreak","ekkoTheBoyWhoShatteredTime:Dash"],"picked":"ekkoTheBoyWhoShatteredTime:Acceleration","floor":19.0},{"not_picked":["ekkoTheBoyWhoShatteredTime:SpHit","ekkoTheBoyWhoShatteredTime:WideSlice"],"picked":"ekkoTheBoyWhoShatteredTime:SneakHit","floor":22.0},{"not_picked":["ekkoTheBoyWhoShatteredTime:SneakHit","ekkoTheBoyWhoShatteredTime:WideSlice+1"],"picked":"ekkoTheBoyWhoShatteredTime:Overflow","floor":23.0},{"not_picked":["ekkoTheBoyWhoShatteredTime:NeedlesslyLargeRod","ekkoTheBoyWhoShatteredTime:Confident+1"],"picked":"ekkoTheBoyWhoShatteredTime:Periocharge","floor":27.0},{"not_picked":["ekkoTheBoyWhoShatteredTime:AfterimageBait","ekkoTheBoyWhoShatteredTime:DuplicateTimelines"],"picked":"ekkoTheBoyWhoShatteredTime:Leap","floor":29.0},{"not_picked":["ekkoTheBoyWhoShatteredTime:ComeAtMe","ekkoTheBoyWhoShatteredTime:SneakHit","ekkoTheBoyWhoShatteredTime:ParallelConvergence+1"],"picked":"SKIP","floor":31.0},{"not_picked":["ekkoTheBoyWhoShatteredTime:ProjectPreference","ekkoTheBoyWhoShatteredTime:ZhonyasHourglass"],"picked":"ekkoTheBoyWhoShatteredTime:AcademyAttraction","floor":33.0},{"not_picked":["ekkoTheBoyWhoShatteredTime:AfterimageTease+1","ekkoTheBoyWhoShatteredTime:CommittedStrike"],"picked":"ekkoTheBoyWhoShatteredTime:NaggingBlow+1","floor":35.0},{"not_picked":["ekkoTheBoyWhoShatteredTime:Backtrack","ekkoTheBoyWhoShatteredTime:CommittedStrike+1"],"picked":"ekkoTheBoyWhoShatteredTime:KneeNSwordCombo+1","floor":38},{"not_picked":["ekkoTheBoyWhoShatteredTime:WideSlice+1","ekkoTheBoyWhoShatteredTime:AfterimageDualStroke+1"],"picked":"ekkoTheBoyWhoShatteredTime:Dash+1","floor":39},{"not_picked":["ekkoTheBoyWhoShatteredTime:AfterimageHit","ekkoTheBoyWhoShatteredTime:AfterimageBait+1"],"picked":"ekkoTheBoyWhoShatteredTime:Vibin+1","floor":40},{"not_picked":["ekkoTheBoyWhoShatteredTime:LevelUp+1","ekkoTheBoyWhoShatteredTime:HauntedAfterimage+1","ekkoTheBoyWhoShatteredTime:CalmingWaves"],"picked":"SKIP","floor":45},{"not_picked":["hubris:InfiniteBlow+72138","infinitespire:TheBestDefense"],"picked":"hubris:Fate","floor":47},{"not_picked":["ekkoTheBoyWhoShatteredTime:PhaseDive+1","ekkoTheBoyWhoShatteredTime:SpHit+1"],"picked":"ekkoTheBoyWhoShatteredTime:ComeAtMe+1","floor":48},{"not_picked":["ekkoTheBoyWhoShatteredTime:Leap","ekkoTheBoyWhoShatteredTime:AfterimageTease+1"],"picked":"ekkoTheBoyWhoShatteredTime:Process+1","floor":54}],"player_experience":1805784,"relics_obtained":[{"floor":7.0,"key":"infinitespire:Golems Mask"},{"floor":9.0,"key":"Replay:Bottled Flurry"},{"floor":11.0,"key":"hubris:TenFootPole"},{"floor":15.0,"key":"jedi:arcanewood"},{"floor":23.0,"key":"Blue Doll"},{"floor":27.0,"key":"jedi:crownofsimplicity"},{"floor":40,"key":"Gremlin Food"},{"floor":43,"key":"Strawberry"},{"floor":45,"key":"MawBank"},{"floor":54,"key":"Art of War"}],"event_choices":[{"damage_healed":0.0,"max_hp_gain":0.0,"max_hp_loss":0.0,"gold_gain":0.0,"event_name":"Shining Light","player_choice":"Entered Light","floor":4.0,"gold_loss":0.0,"damage_taken":16.0,"cards_upgraded":["ekkoTheBoyWhoShatteredTime:Strike","ekkoTheBoyWhoShatteredTime:Defend"]},{"damage_healed":0.0,"max_hp_gain":0.0,"max_hp_loss":0.0,"gold_gain":99.0,"event_name":"Nest","player_choice":"Stole From Cult","floor":20.0,"gold_loss":0.0,"damage_taken":0.0},{"cards_removed":["ekkoTheBoyWhoShatteredTime:Strike"],"damage_healed":0.0,"max_hp_gain":0.0,"max_hp_loss":0.0,"gold_gain":0.0,"event_name":"Beggar","player_choice":"Gave Gold","floor":21.0,"gold_loss":75.0,"damage_taken":0.0}],"is_beta":false,"boss_relics":[{"not_picked":["jesterMod:MachoBrace","Runic Dome"],"picked":"halation:SmartPhone"},{"not_picked":["jedi:paperlyon","Replay:Drink Me"],"picked":"aspiration:PoetsPen_weak"}],"items_purged_floors":[24,41],"is_endless":false,"potions_floor_spawned":[2,7,11,13,14,18,22,27,29,31,33,35,38,39,40,45,48,49,54],"ascension_level":2}}