{"host":"q387i5o1hp66091u","time":1610009560,"event":{"mods":["2.2 Compatiblity","BaseMod","Minty Spire (QoL Compilation)","Rare Cards Sparkle"],"gold_per_floor":[109,119,129,99,117,117,152,166,166,183,183,183,55,87,87,182,182,197,217,235,253,267,267,267],"floor_reached":23,"playtime":1238,"items_purged":[],"score":255,"play_id":"d691faf7-9788-472d-a83b-3572514b26b9","local_time":"20210107175240","is_ascension_mode":true,"campfire_choices":[{"data":"Eruption","floor":6.0,"key":"SMITH"},{"floor":15.0,"key":"REST"}],"circlet_count":0,"master_deck":["Strike_P","Strike_P","Strike_P","Strike_P","Defend_P","Defend_P","Defend_P+1","Defend_P","Eruption+1","Vigilance","Evaluate+1","FollowUp+1","Indignation","CrushJoints","WindmillStrike+1","FlurryOfBlows","Vengeance","FearNoEvil","Wallop","Finesse","CarveReality","LessonLearned","InnerPeace","BattleHymn","FlurryOfBlows","DeceiveReality","WindmillStrike"],"relics":["PureWater","Bag of Marbles","Bottled Flame","Meat on the Bone","Black Star"],"acts_visited":["Exordium","TheCity"],"potions_floor_usage":[23],"damage_taken":[{"damage":5.0,"enemies":"2 Louse","floor":1.0,"turns":3.0},{"damage":5.0,"enemies":"Small Slimes","floor":2.0,"turns":6.0},{"damage":0.0,"enemies":"Jaw Worm","floor":3.0,"turns":5.0},{"damage":1.0,"enemies":"Looter","floor":4.0,"turns":4.0},{"damage":0.0,"enemies":"3 Louse","floor":5.0,"turns":3.0},{"damage":0.0,"enemies":"Gremlin Nob","floor":7.0,"turns":2.0},{"damage":11.0,"enemies":"Blue Slaver","floor":8.0,"turns":3.0},{"damage":0.0,"enemies":"Exordium Wildlife","floor":10.0,"turns":1.0},{"damage":29.0,"enemies":"3 Sentries","floor":14.0,"turns":8.0},{"damage":49.0,"enemies":"Hexaghost","floor":16.0,"turns":7.0},{"damage":15.0,"enemies":"2 Thieves","floor":18.0,"turns":4.0},{"damage":12.0,"enemies":"Chosen","floor":19.0,"turns":2.0},{"damage":19.0,"enemies":"Centurion and Healer","floor":20.0,"turns":5.0},{"damage":7.0,"enemies":"Chosen and Byrds","floor":21.0,"turns":4.0},{"damage":20.0,"enemies":"Sentry and Sphere","floor":22.0,"turns":6.0},{"damage":41,"enemies":"Slavers","floor":23,"turns":2}],"seed_played":"2392787729494802562","potions_obtained":[{"floor":1.0,"key":"BottledMiracle"},{"floor":2.0,"key":"Dexterity Potion"},{"floor":5.0,"key":"LiquidBronze"},{"floor":10.0,"key":"SkillPotion"},{"floor":16.0,"key":"StancePotion"},{"floor":22.0,"key":"Dexterity Potion"}],"is_trial":false,"path_per_floor":["M","M","M","M","M","R","E","M","T","M","?","?","$","E","R","B",null,"M","M","M","M","M","E"],"character_chosen":"WATCHER","items_purchased":["Wallop","Finesse"],"campfire_rested":1,"item_purchase_floors":[13,13],"current_hp_per_floor":[74,69,69,68,68,68,68,57,57,57,62,62,62,33,58,21,84,69,57,50,43,35,0,0],"gold":267,"neow_bonus":"TEN_PERCENT_HP_BONUS","is_daily":false,"chose_seed":false,"campfire_upgraded":1,"win_rate":0.0,"timestamp":1610009560,"path_taken":["M","M","M","M","M","R","E","M","T","M","?","?","$","E","R","BOSS","M","M","M","M","M","E"],"items_purchased_type":["Card","Card"],"build_version":"2020-12-22","purchased_purges":0,"victory":false,"max_hp_per_floor":[79,79,79,79,79,79,79,79,79,79,84,84,84,84,84,84,84,84,84,84,84,84,84,84],"card_choices":[{"not_picked":["ForeignInfluence","JustLucky"],"picked":"Evaluate","floor":1.0},{"not_picked":["Protect","BowlingBash"],"picked":"FollowUp","floor":2.0},{"not_picked":["ClearTheMind","FlyingSleeves"],"picked":"Indignation","floor":3.0},{"not_picked":["BowlingBash","ForeignInfluence"],"picked":"CrushJoints","floor":4.0},{"not_picked":["SashWhip","PathToVictory"],"picked":"WindmillStrike","floor":5.0},{"not_picked":["Evaluate","DeusExMachina"],"picked":"FlurryOfBlows","floor":7.0},{"not_picked":["FollowUp","FlyingSleeves"],"picked":"Vengeance","floor":8.0},{"not_picked":["Vengeance","EmptyBody"],"picked":"FearNoEvil","floor":10.0},{"not_picked":["BowlingBash","Crescendo"],"picked":"CarveReality","floor":14.0},{"not_picked":["Scrawl","DevaForm"],"picked":"LessonLearned","floor":16.0},{"not_picked":["Consecrate+1","ThirdEye"],"picked":"InnerPeace","floor":18.0},{"not_picked":["PathToVictory+1","EmptyFist+1"],"picked":"BattleHymn","floor":19.0},{"not_picked":["Consecrate","CutThroughFate"],"picked":"FlurryOfBlows","floor":20.0},{"not_picked":["WheelKick","Swivel+1"],"picked":"DeceiveReality","floor":21.0},{"not_picked":["ClearTheMind","Study"],"picked":"WindmillStrike","floor":22.0}],"player_experience":582618,"relics_obtained":[{"floor":7.0,"key":"Bag of Marbles"},{"floor":9.0,"key":"Bottled Flame"},{"floor":14.0,"key":"Meat on the Bone"}],"event_choices":[{"damage_healed":0.0,"max_hp_gain":5.0,"max_hp_loss":0.0,"gold_gain":0.0,"event_name":"Big Fish","player_choice":"Donut","floor":11.0,"gold_loss":0.0,"damage_taken":0.0},{"damage_healed":0.0,"max_hp_gain":0.0,"max_hp_loss":0.0,"gold_gain":0.0,"event_name":"Living Wall","player_choice":"Grow","floor":12.0,"gold_loss":0.0,"damage_taken":0.0,"cards_upgraded":["WindmillStrike"]}],"is_beta":false,"boss_relics":[{"not_picked":["Empty Cage","Sozu"],"picked":"Black Star"}],"items_purged_floors":[],"is_endless":false,"potions_floor_spawned":[1,2,5,10,16,22],"killed_by":"Slavers","ascension_level":2}}