{"host":"l60rmjjsfi0fipmi","time":1610057412,"event":{"mods":["BaseMod","Colored Map","DeckTracker","Highlight Path","Minty Spire (QoL Compilation)"],"gold_per_floor":[118,136,136,153,6,6,6,6,85,111,111,155,155,189,189,321,321,344,39,48,75,0,0,48,48,48,82,105,5,14,14,14],"floor_reached":31,"playtime":1656,"items_purged":["Strike_R","Strike_R"],"score":253,"play_id":"1203dc3e-37b2-4bc5-82a3-419a7cd26697","local_time":"20210107171012","is_ascension_mode":false,"campfire_choices":[{"data":"Searing Blow","floor":6,"key":"SMITH"},{"data":"Searing Blow+1","floor":8,"key":"SMITH"},{"data":"Searing Blow+2","floor":11,"key":"SMITH"},{"data":"True Grit","floor":15,"key":"SMITH"},{"data":"Apotheosis","floor":23,"key":"SMITH"},{"data":"Anger","floor":25,"key":"SMITH"}],"circlet_count":0,"master_deck":["Strike_R","Strike_R","Defend_R","Defend_R","Defend_R","Defend_R","Bash","Warcry","Second Wind","Searing Blow+3","Rupture","True Grit+1","Anger+1","Juggernaut","Spot Weakness","Apotheosis+1","Rage","Shockwave","Sentinel","Iron Wave+1","Thunderclap+1","Searing Blow+3"],"relics":["Burning Blood","CeramicFish","Boot","Paper Frog","Centennial Puzzle","Golden Idol","Runic Cube","Magic Flower","Bag of Preparation"],"acts_visited":["Exordium","TheCity"],"potions_floor_usage":[16,16,16,24,24],"damage_taken":[{"damage":9,"enemies":"2 Louse","floor":1,"turns":3},{"damage":15,"enemies":"Jaw Worm","floor":2,"turns":4},{"damage":0,"enemies":"Small Slimes","floor":4,"turns":3},{"damage":6,"enemies":"2 Fungi Beasts","floor":10,"turns":4},{"damage":21,"enemies":"Lagavulin","floor":12,"turns":5},{"damage":0,"enemies":"Blue Slaver","floor":14,"turns":3},{"damage":44,"enemies":"Slime Boss","floor":16,"turns":14},{"damage":25,"enemies":"Spheric Guardian","floor":18,"turns":6},{"damage":7,"enemies":"Shell Parasite","floor":21,"turns":5},{"damage":27,"enemies":"Slavers","floor":24,"turns":5},{"damage":28,"enemies":"Centurion and Healer","floor":27,"turns":7},{"damage":12,"enemies":"Sentry and Sphere","floor":28,"turns":6},{"damage":28,"enemies":"Gremlin Leader","floor":31,"turns":3}],"seed_played":"6457291826522065831","potions_obtained":[{"floor":0,"key":"Ancient Potion"},{"floor":0,"key":"Strength Potion"},{"floor":0,"key":"BlessingOfTheForge"},{"floor":2,"key":"Fire Potion"},{"floor":18,"key":"DistilledChaos"},{"floor":21,"key":"Regen Potion"},{"floor":24,"key":"ElixirPotion"}],"is_trial":false,"path_per_floor":["M","M","?","M","$","R","?","R","T","M","R","E","?","M","R","B",null,"M","$","?","M","?","R","E","R","T","M","M","$","?","E"],"character_chosen":"IRONCLAD","items_purchased":["CeramicFish","Apotheosis","Rage"],"campfire_rested":0,"item_purchase_floors":[5,19,19],"current_hp_per_floor":[77,68,61,67,67,67,67,67,67,67,67,52,52,58,58,20,74,55,55,55,54,54,54,47,47,47,28,25,25,25,0,0],"gold":14,"neow_bonus":"THREE_SMALL_POTIONS","is_daily":false,"chose_seed":false,"campfire_upgraded":6,"win_rate":0.0,"timestamp":1610057412,"path_taken":["M","M","?","M","$","R","?","R","T","M","R","E","?","M","R","BOSS","M","$","?","M","?","R","E","R","T","M","M","$","?","E"],"items_purchased_type":["Relic","Card","Card"],"build_version":"2020-12-22","purchased_purges":2,"victory":false,"max_hp_per_floor":[80,80,80,80,80,80,80,80,80,80,80,80,74,74,74,74,74,74,74,74,74,74,74,74,74,74,74,74,74,74,74,74],"card_choices":[{"not_picked":["Dark Embrace","Clash"],"picked":"Warcry","floor":1},{"not_picked":["Entrench","Flex"],"picked":"Second Wind","floor":2},{"not_picked":["Disarm","Thunderclap"],"picked":"Searing Blow","floor":4},{"not_picked":["Havoc","Twin Strike"],"picked":"Rupture","floor":10},{"not_picked":["Heavy Blade","Rage"],"picked":"True Grit","floor":12},{"not_picked":["Power Through","Dropkick"],"picked":"Anger","floor":14},{"not_picked":["Reaper","Berserk"],"picked":"Juggernaut","floor":16},{"not_picked":["Armaments","Cleave"],"picked":"Spot Weakness","floor":18},{"not_picked":["Evolve","Warcry+1"],"picked":"Sentinel","floor":21},{"not_picked":["Clothesline","Heavy Blade"],"picked":"Iron Wave+1","floor":24},{"not_picked":["Brutality","Body Slam"],"picked":"Thunderclap+1","floor":27},{"not_picked":["Body Slam","Perfected Strike+1","Spot Weakness"],"picked":"SKIP","floor":28}],"player_experience":263730,"relics_obtained":[{"floor":9,"key":"Paper Frog"},{"floor":12,"key":"Centennial Puzzle"},{"floor":24,"key":"Magic Flower"},{"floor":26,"key":"Bag of Preparation"}],"event_choices":[{"cards_removed":["Strike_R"],"damage_healed":0,"gold_gain":0,"player_choice":"Card Removal","damage_taken":7,"max_hp_gain":0,"max_hp_loss":0,"event_name":"Golden Wing","floor":3,"gold_loss":0},{"damage_healed":0,"gold_gain":0,"player_choice":"Searched \u00271\u0027 times","damage_taken":0,"relics_obtained":["Boot"],"max_hp_gain":0,"max_hp_loss":0,"event_name":"Dead Adventurer","floor":7,"gold_loss":0},{"damage_healed":0,"gold_gain":0,"player_choice":"Lose Max HP","damage_taken":0,"relics_obtained":["Golden Idol"],"max_hp_gain":0,"max_hp_loss":6,"event_name":"Golden Idol","floor":13,"gold_loss":0},{"damage_healed":0,"gold_gain":0,"player_choice":"Read","damage_taken":0,"max_hp_gain":0,"max_hp_loss":0,"event_name":"The Library","floor":20,"gold_loss":0,"cards_obtained":["Shockwave"]},{"damage_healed":0,"gold_gain":0,"player_choice":"Paid Fearfully","damage_taken":0,"max_hp_gain":0,"max_hp_loss":0,"event_name":"Masked Bandits","floor":22,"gold_loss":75},{"damage_healed":0,"gold_gain":0,"player_choice":"Copied","damage_taken":0,"max_hp_gain":0,"max_hp_loss":0,"event_name":"Duplicator","floor":30,"gold_loss":0,"cards_obtained":["Searing Blow"]}],"is_beta":false,"boss_relics":[{"not_picked":["Snecko Eye","Ectoplasm"],"picked":"Runic Cube"}],"items_purged_floors":[19,29],"is_endless":false,"potions_floor_spawned":[2,10,12,14,18,21,24],"killed_by":"Gremlin Leader","ascension_level":0}}