{"host":"a0paspe0zwqgzttz","time":1610042828,"event":{"mods":["AchievementEnabler","Act Like it!","BaseMod","BetterRewards","Colored Powertips","Conspire","Downfall","GifTheSpireLib","Hermit","Highlight Path","Lobotomy","Mad Scientist","Marisa????????","Minty Spire (QoL Compilation)","Quick Restart","Replay The Spire","Robot Space Explorer","Shop Mod","StSLib","SuperFastMode","The Bug Knight","The Construct","The Cursed","The Hierophant","The Jungle","The Mystic","The Necromancer","The Runesmith","The Senshi","The Servant 0.9.4"],"gold_per_floor":[99,111,111,386,398,410,410,431,446,446,30,30,46,70,85,90,90],"floor_reached":16,"playtime":432,"items_purged":[],"score":119,"play_id":"57815227-4878-46fd-985d-cf015f74f2cf","local_time":"20210107130708","is_ascension_mode":false,"campfire_choices":[{"data":"hermit:Snapshot","floor":1,"key":"SMITH"},{"floor":12,"key":"RECALL"}],"circlet_count":0,"master_deck":["hermit:Strike_Hermit","hermit:Strike_Hermit","hermit:Strike_Hermit","hermit:Strike_Hermit","hermit:Defend_Hermit","hermit:Defend_Hermit","hermit:Defend_Hermit","hermit:Defend_Hermit","hermit:Snapshot+1","hermit:Covet","hermit:HeroicBravado","hermit:Misfire","Regret","hermit:Misfire","hermit:Enervate","hermit:Misfire","hermit:Scavenge","hermit:RoundhouseKick","hermit:SprayPray","hermit:FlashPowder","hermit:Misfire"],"relics":["hermit:Momento","Unceasing Top","Odd Mushroom","Ring of Fury","Ring of Fangs","Strange Spoon","Replay:Ringing Soul"],"acts_visited":["Exordium"],"potions_floor_usage":[16,16,16],"damage_taken":[{"damage":3,"enemies":"Small Slimes","floor":2,"turns":3},{"damage":5,"enemies":"Jaw Worm","floor":5,"turns":4},{"damage":1,"enemies":"Cultist","floor":6,"turns":3},{"damage":23,"enemies":"The Mushroom Lair","floor":8,"turns":4},{"damage":8,"enemies":"Exordium Wildlife","floor":9,"turns":3},{"damage":2,"enemies":"downfall:FleeingMerchant","floor":11,"turns":4},{"damage":1,"enemies":"Large Slime","floor":13,"turns":3},{"damage":15,"enemies":"Gremlin Gang","floor":14,"turns":3},{"damage":16,"enemies":"Exordium Thugs","floor":15,"turns":4},{"damage":10,"enemies":"downfall:Watcher","floor":16,"turns":4}],"seed_played":"-5295963212348232602","potions_obtained":[{"floor":5,"key":"Explosive Potion"},{"floor":8,"key":"hermit:Eclipse"},{"floor":9,"key":"Fire Potion"}],"is_trial":false,"path_per_floor":["R","M","?","?","M","M","T","?","M","?","$","R","M","M","M","B"],"character_chosen":"HERMIT","items_purchased":["Strange Spoon","Replay:Ringing Soul"],"campfire_rested":0,"item_purchase_floors":[11,11],"current_hp_per_floor":[75,72,72,72,67,66,66,43,35,35,33,33,35,23,10,0,0],"gold":90,"neow_bonus":"ONE_RANDOM_RARE_CARD","is_daily":false,"chose_seed":false,"campfire_upgraded":1,"win_rate":0.0,"timestamp":1610042828,"path_taken":["R","M","?","?","?","M","T","?","M","?","$","R","M","M","M","BOSS"],"items_purchased_type":["Relic","Relic"],"build_version":"2020-12-22","purchased_purges":0,"victory":false,"max_hp_per_floor":[75,75,75,75,75,75,75,75,75,75,75,75,78,81,84,84,84],"card_choices":[{"not_picked":["hermit:Feint","hermit:Dive"],"picked":"hermit:Misfire","floor":2},{"not_picked":["hermit:TakeCover","hermit:GoldenBullet"],"picked":"hermit:Misfire","floor":5},{"not_picked":["hermit:BodyArmor","hermit:Dive"],"picked":"hermit:Enervate","floor":6},{"not_picked":["hermit:Adapt","hermit:Desperado"],"picked":"hermit:Misfire","floor":8},{"not_picked":["hermit:Brawl","hermit:TakeCover"],"picked":"hermit:Scavenge","floor":9},{"not_picked":["hermit:TrackingShot","hermit:BodyArmor"],"picked":"hermit:RoundhouseKick","floor":11},{"not_picked":["hermit:Coalescence","hermit:Enervate"],"picked":"hermit:SprayPray","floor":13},{"not_picked":["hermit:BodyArmor","hermit:Vantage"],"picked":"hermit:FlashPowder","floor":14},{"not_picked":["hermit:LuckOfTheDraw","hermit:HighCaliber"],"picked":"hermit:Misfire","floor":15}],"player_experience":448736,"relics_obtained":[{"floor":7,"key":"Unceasing Top"},{"floor":8,"key":"Odd Mushroom"},{"floor":10,"key":"Ring of Fury"},{"floor":10,"key":"Ring of Fangs"}],"event_choices":[{"damage_healed":0,"gold_gain":0,"player_choice":"Fought Mushrooms","damage_taken":0,"max_hp_gain":0,"max_hp_loss":0,"event_name":"Mushrooms","floor":8,"gold_loss":0}],"is_beta":false,"boss_relics":[],"items_purged_floors":[],"is_endless":false,"potions_floor_spawned":[5,8,9,14],"killed_by":"downfall:Watcher","ascension_level":0}}