{"host":"dn6kke80v5f7isus","time":1610039628,"event":{"mods":["AchievementEnabler","Act Like it!","BaseMod","Colored Powertips","Custom Start","Defuse TimeMaze Blight","Downfall","Duelist Mod","Gremlin Skip","Highlight Path","Hubris","Infinite Spire","Minty Spire (QoL Compilation)","Rare Cards Sparkle","Replay The Spire","StSLib","Uncapped"],"gold_per_floor":[141,151,151,168,185,185,185,185,185,185,185,185],"floor_reached":11,"playtime":288,"items_purged":[],"score":66,"play_id":"c44f29cb-bcf5-436e-8bb8-de05c127bc69","local_time":"20210107121348","is_ascension_mode":true,"campfire_choices":[{"data":"theDuelist:InsectKnight","floor":6.0,"key":"SMITH"},{"data":"theDuelist:CrossSwordBeetle","floor":8,"key":"SMITH"},{"data":"theDuelist:EmpressMantis","floor":10,"key":"SMITH"}],"circlet_count":0,"master_deck":["theDuelist:CastleWalls","theDuelist:CastleWalls","theDuelist:CrossSwordBeetle+1","theDuelist:EmpressMantis+1","theDuelist:InsectKnight+1","theDuelist:RazorLizard","theDuelist:RazorLizard","theDuelist:Sparks","theDuelist:Sparks","theDuelist:Sparks"],"relics":["theDuelist:MillenniumPuzzle","theDuelist:CardPoolRelic","theDuelist:CardPoolBasicRelic","theDuelist:BoosterPackPoolRelic","theDuelist:CardPoolAddRelic","theDuelist:CardPoolMinusRelic","theDuelist:CardPoolSaveRelic","theDuelist:CardPoolOptionsRelic","hubris:Metronome","hubris:OldNail"],"acts_visited":["Exordium"],"potions_floor_usage":[11],"damage_taken":[{"damage":0.0,"enemies":"2 Louse","floor":1.0,"turns":3.0},{"damage":0.0,"enemies":"Small Slimes","floor":2.0,"turns":4.0},{"damage":4.0,"enemies":"Jaw Worm","floor":4.0,"turns":3.0},{"damage":8.0,"enemies":"Exordium Wildlife","floor":5.0,"turns":4.0},{"damage":9,"enemies":"3 Sentries","floor":11,"turns":2}],"seed_played":"-6765746513289844560","potions_obtained":[{"floor":5.0,"key":"theDuelist:WhiteBottle"}],"is_trial":false,"path_per_floor":["M","M","?","M","M","R","?","R","T","R","E"],"character_chosen":"THE_DUELIST","items_purchased":[],"campfire_rested":0,"item_purchase_floors":[],"current_hp_per_floor":[88,88,85,81,73,73,73,73,73,73,64,64],"gold":185,"neow_bonus":"TEN_PERCENT_HP_BONUS","is_daily":false,"chose_seed":false,"campfire_upgraded":3,"win_rate":0.0,"timestamp":1610039628,"path_taken":["M","M","?","M","M","R","?","R","T","R","E"],"items_purchased_type":[],"build_version":"2020-12-22","purchased_purges":0,"victory":false,"max_hp_per_floor":[88,88,88,88,88,88,88,88,88,88,88,88],"card_choices":[{"not_picked":["theDuelist:Cloning","theDuelist:FuryFire+1","theDuelist:LightningDarts","theDuelist:SphereKuriboh","theDuelist:DianKeto+1"],"picked":"SKIP","floor":1.0},{"not_picked":["theDuelist:HammerShot","theDuelist:Fissure","theDuelist:MudragonSwamp","theDuelist:DarklordSuperbia","theDuelist:MudGolem"],"picked":"SKIP","floor":2.0},{"not_picked":["theDuelist:HunterSpider","theDuelist:FirestormProminence","theDuelist:DragonDowser","theDuelist:BeeListSoldier","theDuelist:InsectKnight"],"picked":"SKIP","floor":4.0},{"not_picked":["theDuelist:Zektkaliber","theDuelist:Zektahawk","theDuelist:BlazewingButterfly"],"picked":"SKIP","floor":5.0}],"player_experience":524747,"relics_obtained":[{"floor":9,"key":"hubris:OldNail"}],"event_choices":[{"damage_healed":0.0,"max_hp_gain":0.0,"max_hp_loss":0.0,"gold_gain":0.0,"event_name":"Scrap Ooze","player_choice":"Success","floor":3.0,"gold_loss":0.0,"damage_taken":3.0,"relics_obtained":["hubris:Metronome"]}],"is_beta":false,"boss_relics":[],"items_purged_floors":[],"is_endless":false,"potions_floor_spawned":[5],"killed_by":"3 Sentries","ascension_level":1}}