{"host":"egwexuw5uvnxf11j","time":1610052162,"event":{"mods":["2.2 Compatiblity","Aspiration","BaseMod","Better Altar","Better Note","Better Sensory Stone","Better Third Choice","Displayed Cursed Tome","Downfall","Hermit","Key Reminder","Koishi","Marisa????????","Minty Spire (QoL Compilation)","Quick Restart","Shade Mod","Spicy Shops","StSLib","The Construct","The Cursed","The Hierophant","The Runesmith","The Senshi","The Servant 0.9.4","Transform Curses"],"gold_per_floor":[212,487,498,508,239,239,266,266,266,297,297,332,37,2,2,99,99,84,84,84],"floor_reached":19,"playtime":3979,"items_purged":["Regret"],"score":256,"play_id":"94d51ab4-5f18-4c90-9720-84bd442c1513","local_time":"20210107154242","is_ascension_mode":true,"campfire_choices":[{"data":"Runesmith:PoweredAnvil","floor":6.0,"key":"SMITH"},{"floor":8.0,"key":"REST"},{"floor":15.0,"key":"REST"}],"circlet_count":0,"master_deck":["Runesmith:Strike_RS","Runesmith:Strike_RS","Runesmith:Strike_RS","Runesmith:Strike_RS","Runesmith:Defend_RS","Runesmith:Defend_RS","Runesmith:Defend_RS","Runesmith:Defend_RS","Runesmith:CraftFirestone","Runesmith:Fortify","Runesmith:BackupBattery","Runesmith:CraftMagma","Runesmith:PoweredAnvil+1","Runesmith:FieryHammer","Runesmith:Refine","Runesmith:Discharge+1","Parasite","Runesmith:CraftProtectio","Runesmith:Grindstone","Runesmith:RuneHurl+1","Runesmith:HammerThrow+1","Runesmith:CreatorForm","Runesmith:Grindstone"],"relics":["Runesmith:BrokenRuby","Membership Card","Incense Burner","Question Card","Molten Egg 2","Letter Opener","StoneCalendar","keyreminder:keyreminder","Akabeko","HandDrill","Art of War","Black Star"],"acts_visited":["Exordium","TheCity"],"potions_floor_usage":[],"damage_taken":[{"damage":0.0,"enemies":"Jaw Worm","floor":1.0,"turns":4.0},{"damage":3.0,"enemies":"Cultist","floor":3.0,"turns":4.0},{"damage":2.0,"enemies":"Small Slimes","floor":4.0,"turns":3.0},{"damage":32.0,"enemies":"3 Sentries","floor":7.0,"turns":6.0},{"damage":22.0,"enemies":"Gremlin Nob","floor":10.0,"turns":4.0},{"damage":10.0,"enemies":"Lagavulin","floor":12.0,"turns":6.0},{"damage":1.0,"enemies":"The Guardian","floor":16.0,"turns":8.0},{"damage":38.0,"enemies":"2 Thieves","floor":18.0,"turns":4.0},{"damage":32,"enemies":"3 Byrds","floor":19,"turns":4}],"seed_played":"593538865492433714","potions_obtained":[{"floor":3.0,"key":"LiquidBronze"},{"floor":7.0,"key":"Fire Potion"},{"floor":12.0,"key":"construct:ShiftPotion"},{"floor":18.0,"key":"FearPotion"}],"is_trial":false,"path_per_floor":["M","?","M","M","$","R","E","R","T","E","?","E","$","?","R","B",null,"M","M"],"character_chosen":"RUNESMITH_CLASS","items_purchased":["Membership Card","Incense Burner","Runesmith:FieryHammer","Runesmith:Grindstone","Runesmith:RuneHurl+1","Akabeko","Runesmith:HammerThrow+1","HandDrill","Art of War"],"campfire_rested":2,"item_purchase_floors":[5,5,5,13,13,13,13,13,13],"current_hp_per_floor":[70,70,67,65,65,65,33,54,54,32,49,39,39,56,70,69,70,32,0,0],"gold":84,"neow_bonus":"HUNDRED_GOLD","is_daily":false,"chose_seed":false,"campfire_upgraded":1,"win_rate":0.0,"timestamp":1610052162,"path_taken":["M","?","?","M","$","R","E","R","T","E","?","E","$","?","R","BOSS","M","M"],"items_purchased_type":["Relic","Relic","Card","Card","Card","Relic","Card","Relic","Relic"],"build_version":"2020-12-22","purchased_purges":1,"victory":false,"max_hp_per_floor":[70,70,70,70,70,70,70,70,70,70,70,70,70,70,70,70,70,70,70,70],"card_choices":[{"not_picked":["Runesmith:UnstableHammer","Runesmith:Electrocute"],"picked":"Runesmith:BackupBattery","floor":1.0},{"not_picked":["Runesmith:HeatedChisel","Runesmith:EarthShield"],"picked":"Runesmith:CraftMagma","floor":3.0},{"not_picked":["Runesmith:CraftIndustria","Runesmith:Malloc"],"picked":"Runesmith:PoweredAnvil","floor":4.0},{"not_picked":["Runesmith:CraftProtectio","Runesmith:CraftReservo"],"picked":"Runesmith:Refine","floor":7.0},{"not_picked":["Runesmith:Malloc","Runesmith:CraftVitae","Runesmith:Overpower+1"],"picked":"Runesmith:Discharge+1","floor":10.0},{"not_picked":["Runesmith:Malloc","Runesmith:PerfectChisel+1","Runesmith:EarthShield"],"picked":"Runesmith:CraftProtectio","floor":12.0},{"not_picked":["Runesmith:GrandSlam+1","Runesmith:Supernova","Runesmith:MetallurgicalResearch"],"picked":"Runesmith:CreatorForm","floor":16.0},{"not_picked":["Runesmith:CraftProtectio","Runesmith:CraftMagma","Runesmith:StaticCage"],"picked":"Runesmith:Grindstone","floor":18.0}],"player_experience":2150297,"relics_obtained":[{"floor":7.0,"key":"Question Card"},{"floor":9.0,"key":"Molten Egg 2"},{"floor":10.0,"key":"Letter Opener"},{"floor":12.0,"key":"StoneCalendar"}],"event_choices":[{"damage_healed":0.0,"max_hp_gain":0.0,"max_hp_loss":0.0,"gold_gain":275.0,"event_name":"Golden Shrine","player_choice":"Desecrate","floor":2.0,"gold_loss":0.0,"damage_taken":0.0,"cards_obtained":["Regret"]},{"damage_healed":17.0,"max_hp_gain":0.0,"max_hp_loss":0.0,"gold_gain":0.0,"event_name":"Mushrooms","player_choice":"Healed and dodged fight","floor":11.0,"gold_loss":0.0,"damage_taken":0.0,"cards_obtained":["Parasite"]},{"damage_healed":17.0,"max_hp_gain":0.0,"max_hp_loss":0.0,"gold_gain":0.0,"event_name":"The Cleric","player_choice":"Healed","floor":14.0,"gold_loss":35.0,"damage_taken":0.0}],"is_beta":false,"boss_relics":[{"not_picked":["Philosopher\u0027s Stone","Pandora\u0027s Box"],"picked":"Black Star"}],"items_purged_floors":[13],"is_endless":false,"potions_floor_spawned":[3,7,12,18],"killed_by":"3 Byrds","ascension_level":2}}