{"host":"00yob6u0fiu7ehgs","time":1610051254,"event":{"mods":["Act Like it!","Arknights The Spire","Art Attack!","BaseMod","Chen","Colored Powertips","Elementarium","Gensokyo","GifTheSpireLib","Infinite Spire","Jorbs\u0027s Wanderer Trilogy","Koishi","Marisa????????","Minty Spire (QoL Compilation)","Rare Cards Sparkle","Reimu??????","Remilia??????","Replay The Spire","StSLib","The Animator","The Cursed","The Forsaken","The Judge","The Marked","The Servant 0.9.4","The Wild Card","Wandering Minibosses","Yakumo Yukari mod"],"gold_per_floor":[116,132,145,163,183,197,214,214,259,271,271,287,287,50,50,148,148,162,162,162,162,172,172,192,192,192,226,259,259,270,287,287,390,390,402,418,418,418,418,418],"floor_reached":39,"playtime":2846,"items_purged":["theWildCard:Attunement"],"score":474,"play_id":"a0eb755f-28b5-4e83-8f25-3616e1afed15","local_time":"20210107132734","is_ascension_mode":false,"campfire_choices":[{"data":"theWildCard:Alice","floor":8,"key":"SMITH"},{"floor":11,"key":"REST"},{"data":"theWildCard:Arsene","floor":13,"key":"SMITH"},{"floor":15,"key":"REST"},{"data":"theWildCard:TheUniverse","floor":23,"key":"SMITH"},{"floor":25,"key":"REST"},{"floor":29,"key":"REST"},{"floor":32,"key":"REST"}],"circlet_count":0,"master_deck":["theWildCard:BasicStrike","theWildCard:BasicStrike","theWildCard:BasicStrike","theWildCard:BasicDefend","theWildCard:BasicDefend","theWildCard:CallToAdventure","theWildCard:Arsene+1","theWildCard:SeveringSlash","theWildCard:Salvation","theWildCard:StingingStrike","theWildCard:ArcaneArts","theWildCard:UnendingRitual","theWildCard:Alice+1","theWildCard:TheUniverse+1","theWildCard:ShieldOfMany","theWildCard:SacrificialStroke","theWildCard:MagicMettle","theWildCard:PowerOfTheArcana","theWildCard:Deicide","Voices","stsjorbsmod:Withering","CommonCold","theWildCard:StingingStrike","infinitespire:NeuralNetwork","Spreading Infection","theWildCard:SacrificialStroke","theWildCard:Michael","theWildCard:ArcaneArts+1","theWildCard:ArcaneArts+1","theWildCard:ArcaneArts+1","theWildCard:MagicalMight","theWildCard:TheArcanaUnleashed","theWildCard:Caesar+1","theWildCard:FinalHour+1","theWildCard:Safeguard+1","theWildCard:ArcaneArts","theWildCard:PowerOfTheArcana+1","theWildCard:TheUniverse+1"],"relics":["theWildCard:VelvetContract","NeowsBlessing","infinitespire:Satchel","Replay:Ancient Bell","Strawberry","White Beast Statue","Du-Vu Doll","Akabeko","Counterbalance","The Courier","Red Mask","Astrolabe"],"acts_visited":["Exordium","TheCity","TheBeyond"],"potions_floor_usage":[5,7,16,24,24,27,28,28,30,31,38,39,39],"damage_taken":[{"damage":0,"enemies":"Cultist","floor":1,"turns":1},{"damage":0,"enemies":"2 Louse","floor":2,"turns":1},{"damage":0,"enemies":"Small Slimes","floor":3,"turns":1},{"damage":12,"enemies":"Blue Slaver","floor":4,"turns":3},{"damage":1,"enemies":"Gremlin Gang","floor":5,"turns":5},{"damage":22,"enemies":"2 Fungi Beasts","floor":6,"turns":5},{"damage":10,"enemies":"Looter","floor":7,"turns":2},{"damage":0,"enemies":"3 Louse","floor":10,"turns":2},{"damage":0,"enemies":"Gremlin Gang","floor":12,"turns":6},{"damage":51,"enemies":"Slime Boss","floor":16,"turns":11},{"damage":22,"enemies":"Chosen","floor":18,"turns":8},{"damage":0,"enemies":"Spheric Guardian","floor":22,"turns":3},{"damage":8,"enemies":"Snake Plant","floor":24,"turns":2},{"damage":37,"enemies":"Gremlin Leader","floor":27,"turns":5},{"damage":1,"enemies":"Masked Bandits","floor":28,"turns":6},{"damage":10,"enemies":"Centurion and Healer","floor":30,"turns":7},{"damage":14,"enemies":"Shelled Parasite and Fungi","floor":31,"turns":5},{"damage":61,"enemies":"Automaton","floor":33,"turns":13},{"damage":44,"enemies":"3 Darklings","floor":35,"turns":5},{"damage":8,"enemies":"3 Shapes","floor":36,"turns":2},{"damage":0,"enemies":"3 Darklings","floor":38,"turns":1},{"damage":20,"enemies":"Sphere and 2 Shapes","floor":39,"turns":4}],"seed_played":"-8382112703374403694","potions_obtained":[{"floor":4,"key":"PowerPotion"},{"floor":6,"key":"SkillPotion"},{"floor":7,"key":"Toxic Potion"},{"floor":16,"key":"Venom Potion"},{"floor":18,"key":"Weak Potion"},{"floor":22,"key":"Fire Potion"},{"floor":24,"key":"AttackPotion"},{"floor":27,"key":"EssenceOfSteel"},{"floor":28,"key":"Energy Potion"},{"floor":30,"key":"Adrenaline Potion"},{"floor":31,"key":"Reflective Coating"},{"floor":33,"key":"SmokeBomb"},{"floor":35,"key":"DistilledChaos"}],"is_trial":false,"path_per_floor":["M","M","M","M","M","M","M","R","T","M","R","M","R","$","R","B",null,"M","?","?","?","M","R","M","R","T","E","?","R","M","M","R","B",null,"M","M","?","M","M"],"character_chosen":"THE_WILD_CARD","items_purchased":["theWildCard:SacrificialStroke","theWildCard:MagicMettle","theWildCard:PowerOfTheArcana"],"campfire_rested":5,"item_purchase_floors":[14,14,14],"current_hp_per_floor":[60,60,60,48,47,25,15,15,15,15,33,33,33,33,51,2,67,45,28,28,28,28,28,20,40,40,3,2,22,26,22,42,17,67,23,15,15,15,0,0],"gold":418,"neow_bonus":"THREE_ENEMY_KILL","is_daily":false,"chose_seed":false,"campfire_upgraded":3,"win_rate":0.0,"timestamp":1610051254,"path_taken":["M","M","M","M","M","M","M","R","T","M","R","M","R","$","R","BOSS","M","?","?","?","?","R","M","R","T","E","?","R","M","M","R","BOSS","M","M","?","M","?"],"items_purchased_type":["Card","Card","Card"],"build_version":"2020-12-22","purchased_purges":1,"victory":false,"max_hp_per_floor":[60,60,60,60,60,60,60,60,60,60,60,60,60,60,60,60,67,67,67,67,67,67,67,67,67,67,67,67,67,67,67,67,67,67,67,67,67,67,67,67],"card_choices":[{"not_picked":["theWildCard:StalwartBlade","theWildCard:EnergizedStroke"],"picked":"theWildCard:SeveringSlash","floor":1},{"not_picked":["theWildCard:Odin","theWildCard:StalwartBlade"],"picked":"theWildCard:Salvation","floor":2},{"not_picked":["theWildCard:Proficiency","theWildCard:Patience"],"picked":"theWildCard:StingingStrike","floor":3},{"not_picked":["theWildCard:Polydeuces","theWildCard:ArcaneArts"],"picked":"theWildCard:Attunement","floor":4},{"not_picked":["theWildCard:Salvation","theWildCard:StalwartBlade"],"picked":"theWildCard:ArcaneArts","floor":5},{"not_picked":["theWildCard:SeveringSlash","theWildCard:StingingStrike"],"picked":"theWildCard:UnendingRitual","floor":6},{"not_picked":["theWildCard:Patience","theWildCard:BladeOfGenerations"],"picked":"theWildCard:Alice","floor":7},{"not_picked":["theWildCard:ArchaicAssault","theWildCard:ArcanaArtistry"],"picked":"theWildCard:TheUniverse","floor":10},{"not_picked":["theWildCard:PowerOfTheArcana","theWildCard:Proficiency"],"picked":"theWildCard:ShieldOfMany","floor":12},{"not_picked":["theWildCard:FuelForTheFire","theWildCard:Overwhelm"],"picked":"theWildCard:Deicide","floor":16},{"not_picked":["Greed_TH","Amnesia"],"picked":"Voices","floor":17},{"not_picked":["Sloth_TH","Languid"],"picked":"stsjorbsmod:Withering","floor":17},{"not_picked":["animator:Curse_Nutcracker","WordoMod:FoggyMind"],"picked":"CommonCold","floor":17},{"not_picked":["theWildCard:ArcaneArts","theWildCard:IdentityTheft"],"picked":"theWildCard:StingingStrike","floor":18},{"not_picked":["infinitespire:FinalStrike","infinitespire:Oblivion"],"picked":"infinitespire:NeuralNetwork","floor":19},{"not_picked":["theWildCard:PaleRider","theWildCard:Proficiency"],"picked":"theWildCard:SacrificialStroke","floor":22},{"not_picked":["theWildCard:EnergizedStroke","theWildCard:FuelForTheFire"],"picked":"theWildCard:Michael","floor":24},{"not_picked":["theWildCard:Impatience","theWildCard:Unburden"],"picked":"theWildCard:ArcaneArts+1","floor":27},{"not_picked":["theWildCard:Michael+1","theWildCard:MaskChange"],"picked":"theWildCard:ArcaneArts+1","floor":28},{"not_picked":["theWildCard:SacrificialStroke","theWildCard:PaleRider"],"picked":"theWildCard:ArcaneArts+1","floor":30},{"not_picked":["theWildCard:IdentityTheft+1","theWildCard:SacrificialStroke"],"picked":"theWildCard:MagicalMight","floor":31},{"not_picked":["theWildCard:Ruination","theWildCard:FinalHour"],"picked":"theWildCard:TheArcanaUnleashed","floor":33},{"not_picked":["theWildCard:PaleRider","theWildCard:Unburden+1"],"picked":"theWildCard:ArcaneArts","floor":35},{"not_picked":["theWildCard:ArcaneArts","theWildCard:IdentityTheft+1"],"picked":"theWildCard:PowerOfTheArcana+1","floor":36}],"player_experience":356828,"relics_obtained":[{"floor":9,"key":"infinitespire:Satchel"},{"floor":26,"key":"Counterbalance"},{"floor":27,"key":"The Courier"},{"floor":28,"key":"Red Mask"}],"event_choices":[{"damage_healed":0,"gold_gain":0,"player_choice":"Fought Bandits","damage_taken":0,"max_hp_gain":0,"max_hp_loss":0,"event_name":"Masked Bandits","floor":28,"gold_loss":0},{"damage_healed":0,"gold_gain":0,"player_choice":"Copied","damage_taken":0,"max_hp_gain":0,"max_hp_loss":0,"event_name":"Duplicator","floor":37,"gold_loss":0,"cards_obtained":["theWildCard:TheUniverse"]}],"is_beta":false,"boss_relics":[{"not_picked":["Replay:Grab Bag","Busted Crown"],"picked":"Replay:Ancient Bell"},{"not_picked":["MawBank","Juzu Bracelet"],"picked":"Strawberry"},{"not_picked":["ReplayTheSpireMod:Ninjato","infinitespire:ShieldingShard"],"picked":"White Beast Statue"},{"not_picked":["Pondfish Scales","Durian"],"picked":"Du-Vu Doll"},{"not_picked":["Abe\u0027s Treasure","Painkiller Herb"],"picked":"Astrolabe"}],"items_purged_floors":[14],"is_endless":false,"potions_floor_spawned":[4,6,7,16,18,22,24,27,28,30,31,33,35,36,38],"killed_by":"Sphere and 2 Shapes","ascension_level":0}}