{"host":"dhtq6diq1v6cnmza","time":1610062942,"event":{"mods":["Act Like it!","BaseMod","BetterRewards","Colored Map","Colored Powertips","Downfall","Highlight Path","Hubris","Infinite Spire","Minty Spire (QoL Compilation)","Replay The Spire","Shop Mod","StSLib","The Jungle"],"gold_per_floor":[110,122,137,61,61,61,88,88,111,111,144,162,162,162],"floor_reached":13,"playtime":2063,"items_purged":[],"score":121,"play_id":"8e2e11a6-2c3d-4982-80e2-4477889c3ebc","local_time":"20210107184222","is_ascension_mode":true,"campfire_choices":[{"data":"Armaments","floor":6.0,"key":"SMITH"},{"data":"infinitespire:OneForAll","floor":8.0,"key":"SMITH"}],"circlet_count":0,"master_deck":["Strike_R","Strike_R","Strike_R","Strike_R","Strike_R","Defend_R","Defend_R","Defend_R","Defend_R","Bash","ReplayTheSpireMod:Faulty Equipment","Burning Pact","infinitespire:OneForAll+1","Armaments+1","True Grit","infinitespire:OneForAll","True Grit","Burning Pact"],"relics":["Burning Blood","hubris:MedicalManual","hubris:Towel","King of Hearts","infinitespire:PuzzleCube","Pet Ghost","HornCleat"],"acts_visited":["Exordium"],"potions_floor_usage":[],"damage_taken":[{"damage":6.0,"enemies":"Cultist","floor":1.0,"turns":4.0},{"damage":8.0,"enemies":"2 Louse","floor":2.0,"turns":3.0},{"damage":20.0,"enemies":"Jaw Worm","floor":3.0,"turns":6.0},{"damage":16.0,"enemies":"Gremlin Nob","floor":7.0,"turns":3.0},{"damage":42,"enemies":"3 Sentries","floor":11,"turns":13},{"damage":1,"enemies":"Looter","floor":12,"turns":4},{"damage":10,"enemies":"Gremlin Nob","floor":13,"turns":5}],"seed_played":"-7265931199192461497","potions_obtained":[{"floor":2.0,"key":"sneckomod:MuddlingPotion"},{"floor":3.0,"key":"AttackPotion"}],"is_trial":false,"path_per_floor":["M","M","M","$","?","R","E","R","T","?","E","M","E"],"character_chosen":"IRONCLAD","items_purchased":["Armaments","True Grit"],"campfire_rested":0,"item_purchase_floors":[4,4],"current_hp_per_floor":[72,70,56,56,56,56,46,46,46,43,7,12,2,2],"gold":162,"neow_bonus":"ONE_RARE_RELIC","is_daily":false,"chose_seed":false,"campfire_upgraded":2,"win_rate":0.0,"timestamp":1610062942,"path_taken":["M","M","M","?","?","R","E","R","T","?","E","M","E"],"items_purchased_type":["Card","Card"],"build_version":"2020-12-22","purchased_purges":0,"victory":false,"max_hp_per_floor":[80,80,80,80,80,80,80,80,80,80,80,80,80,80],"card_choices":[{"not_picked":["Rampage","Wild Strike"],"picked":"Burning Pact","floor":1.0},{"not_picked":["Bloodletting","Burning Pact"],"picked":"infinitespire:OneForAll","floor":2.0},{"not_picked":["Twin Strike","Heavy Blade","Thunderclap"],"picked":"SKIP","floor":3.0},{"not_picked":["Evolve","Iron Wave"],"picked":"infinitespire:OneForAll","floor":7.0},{"not_picked":["Body Slam","Hemogenesis"],"picked":"True Grit","floor":11},{"not_picked":["Perfected Strike","Body Slam"],"picked":"Burning Pact","floor":12}],"player_experience":201285,"relics_obtained":[{"floor":7.0,"key":"King of Hearts"},{"floor":9.0,"key":"infinitespire:PuzzleCube"},{"floor":11,"key":"HornCleat"}],"event_choices":[{"damage_healed":0.0,"max_hp_gain":0.0,"max_hp_loss":0.0,"gold_gain":0.0,"event_name":"Scrap Ooze","player_choice":"Success","floor":10.0,"gold_loss":0.0,"damage_taken":3.0,"relics_obtained":["Pet Ghost"]}],"is_beta":false,"boss_relics":[],"items_purged_floors":[],"is_endless":false,"potions_floor_spawned":[2,3],"killed_by":"Gremlin Nob","ascension_level":6}}