{"host":"h2zaclyrd1q1i31f","time":1610053572,"event":{"mods":["BaseMod","Colored Map","Downfall","Hermit","Minty Spire (QoL Compilation)","Permanent Neow","StSLib","SuperFastMode","The Hierophant","The Mystic"],"gold_per_floor":[99,112,112,112,123,123,175,175,200,200,217,248,248,85,103,206,206,131,141,126,140,151,185,185,185,202,202,202,218,218,56,68,68,68,68],"floor_reached":33,"playtime":1923,"items_purged":["hexamod:Strike"],"score":275,"play_id":"c8e13e6d-9a17-4bef-8d6a-7a0471a3d8de","local_time":"20210107150612","is_ascension_mode":false,"campfire_choices":[{"data":"hexamod:EmpoweringStance","floor":1,"key":"SMITH"},{"data":"hexamod:HauntingEcho","floor":6,"key":"SMITH"},{"floor":13,"key":"REST"},{"data":"hexamod:CrushingStance","floor":18,"key":"SMITH"},{"data":"hexamod:GhostflameInferno","floor":25,"key":"SMITH"},{"data":"hexamod:TimeOfNeed","floor":30,"key":"SMITH"}],"circlet_count":0,"master_deck":["hexamod:Strike","hexamod:Strike","hexamod:Strike+1","hexamod:Defend","hexamod:Defend+1","hexamod:Defend","hexamod:Defend","hexamod:Float+1","hexamod:HauntingEcho+1","Regret","hexamod:GhostflameInferno+1","hexamod:StepThrough","hexamod:NightmareGuise","hexamod:TimeOfNeed+1","hexamod:StepThrough","hexamod:CrushingStance+1","CurseOfTheBell","hexamod:Hexaguard","hexamod:SwordOfDarkness+1","hexamod:SkipABeat","hexamod:CatchUp","hexamod:SpectralAdrenaline+1","hexamod:SwordOfDarkness+1"],"relics":["hexamod:SpiritBrand","Ancient Tea Set","Gremlin Horn","Bag of Marbles","Calling Bell","Regal Pillow","Eternal Feather","WingedGreaves","downfall:HeartBlessingGreen","Potion Belt","Toxic Egg 2","Toolbox"],"acts_visited":["Exordium","TheCity"],"potions_floor_usage":[12,16,16,23,23,29,33],"damage_taken":[{"damage":0,"enemies":"Small Slimes","floor":2,"turns":4},{"damage":0,"enemies":"2 Louse","floor":5,"turns":3},{"damage":27,"enemies":"3 Sentries","floor":9,"turns":7},{"damage":0,"enemies":"Cultist","floor":10,"turns":1},{"damage":2,"enemies":"Red Slaver","floor":11,"turns":3},{"damage":26,"enemies":"Lagavulin","floor":12,"turns":8},{"damage":2,"enemies":"downfall:FleeingMerchant","floor":14,"turns":4},{"damage":3,"enemies":"Blue Slaver","floor":15,"turns":3},{"damage":5,"enemies":"downfall:Watcher","floor":16,"turns":7},{"damage":8,"enemies":"3 Byrds","floor":19,"turns":5},{"damage":4,"enemies":"downfall:FleeingMerchant","floor":20,"turns":4},{"damage":26,"enemies":"Cultist and Chosen","floor":21,"turns":7},{"damage":11,"enemies":"Snake Plant","floor":22,"turns":4},{"damage":19,"enemies":"Book of Stabbing","floor":23,"turns":5},{"damage":17,"enemies":"3 Cultists","floor":26,"turns":5},{"damage":6,"enemies":"Cultist and Chosen","floor":29,"turns":4},{"damage":3,"enemies":"downfall:FleeingMerchant","floor":31,"turns":4},{"damage":17,"enemies":"Shelled Parasite and Fungi","floor":32,"turns":4},{"damage":63,"enemies":"downfall:Silent","floor":33,"turns":7}],"seed_played":"-4649293785903510169","potions_obtained":[{"floor":2,"key":"Weak Potion"},{"floor":5,"key":"SpeedPotion"},{"floor":11,"key":"Energy Potion"},{"floor":15,"key":"LiquidMemories"},{"floor":16,"key":"Regen Potion"},{"floor":21,"key":"Block Potion"},{"floor":29,"key":"FearPotion"}],"is_trial":false,"path_per_floor":["R","M","?","?","M","R","T","?","E","M","M","E","R","$","M","B",null,"R","M","$","M","M","E","T","R","M","?","?","M","R","$","M","B"],"character_chosen":"THE_SPIRIT","items_purchased":["hexamod:StepThrough","Toolbox"],"campfire_rested":1,"item_purchase_floors":[14,31],"current_hp_per_floor":[70,70,70,70,70,70,70,70,43,43,41,15,36,34,31,26,70,70,62,58,32,21,17,17,29,12,12,80,74,80,77,60,0,0,0],"gold":68,"neow_bonus":"ONE_RANDOM_RARE_CARD","is_daily":false,"chose_seed":false,"campfire_upgraded":5,"win_rate":0.0,"timestamp":1610053572,"path_taken":["R","M","?","?","M","R","T","?","E","M","M","E","R","$","M","BOSS","R","M","$","M","M","E","T","R","M","?","?","?","R","?","M","BOSS"],"items_purchased_type":["Card","Relic"],"build_version":"2020-12-22","purchased_purges":1,"victory":false,"max_hp_per_floor":[70,70,70,70,70,70,70,70,70,70,70,70,70,70,70,70,70,70,70,70,70,70,70,70,70,70,70,80,80,80,80,80,80,80,80],"card_choices":[{"not_picked":["hexamod:HeatShield","hexamod:GhostShield","hexamod:RainOfEmbers"],"picked":"SKIP","floor":2},{"not_picked":["hexamod:BurningTouch","hexamod:NightmareStrike"],"picked":"hexamod:HauntingEcho","floor":5},{"not_picked":["hexamod:InspiringFlames","hexamod:RecurringNightmare"],"picked":"hexamod:GhostflameInferno","floor":9},{"not_picked":["hexamod:Hexaguard","hexamod:SwordOfDarkness"],"picked":"hexamod:StepThrough","floor":10},{"not_picked":["hexamod:BacktrackSmack","hexamod:Haunt","hexamod:RainOfEmbers"],"picked":"SKIP","floor":11},{"not_picked":["hexamod:HauntingEcho","hexamod:RainOfEmbers"],"picked":"hexamod:NightmareGuise","floor":12},{"not_picked":["hexamod:SwordOfDarkness","hexamod:EtherealExpedition"],"picked":"hexamod:TimeOfNeed","floor":14},{"not_picked":["hexamod:InspiringFlames","hexamod:BurningTouch","hexamod:AdvancingGuard"],"picked":"SKIP","floor":15},{"not_picked":["hexamod:SearingWound","hexamod:UnleashSpirits"],"picked":"hexamod:CrushingStance","floor":16},{"not_picked":["hexamod:Firestarter","hexamod:SearingWound"],"picked":"hexamod:Hexaguard","floor":19},{"not_picked":["hexamod:Hexaguard","hexamod:AdvancingGuard","hexamod:ExtraCrispy"],"picked":"SKIP","floor":20},{"not_picked":["hexamod:NightmareStrike","hexamod:ThermalTransfer"],"picked":"hexamod:SwordOfDarkness+1","floor":21},{"not_picked":["hexamod:Rewind","hexamod:GhostShield"],"picked":"hexamod:SkipABeat","floor":22},{"not_picked":["hexamod:Rewind","hexamod:InspiringFlames"],"picked":"hexamod:CatchUp","floor":23},{"not_picked":["hexamod:InspiringFlames+1","hexamod:HeatCrush","hexamod:BurningTouch+1"],"picked":"SKIP","floor":26},{"not_picked":["hexamod:InspiringFlames+1","hexamod:HauntingEcho"],"picked":"hexamod:SpectralAdrenaline+1","floor":29},{"not_picked":["hexamod:SixthSeal","hexamod:BurningTouch+1"],"picked":"hexamod:SwordOfDarkness+1","floor":31},{"not_picked":["hexamod:NightmareStrike","hexamod:HauntingEcho","hexamod:Hexaguard+1"],"picked":"SKIP","floor":32}],"player_experience":144439,"relics_obtained":[{"floor":7,"key":"Ancient Tea Set"},{"floor":9,"key":"Gremlin Horn"},{"floor":12,"key":"Bag of Marbles"},{"floor":17,"key":"Regal Pillow"},{"floor":17,"key":"Eternal Feather"},{"floor":17,"key":"WingedGreaves"},{"floor":23,"key":"Potion Belt"},{"floor":24,"key":"Toxic Egg 2"}],"event_choices":[{"cards_removed":["hexamod:Sear"],"damage_healed":0,"gold_gain":0,"player_choice":"Card Removal","damage_taken":0,"max_hp_gain":0,"max_hp_loss":0,"event_name":"The Cleric","floor":3,"gold_loss":0},{"cards_removed":["hexamod:EmpoweringStance"],"damage_healed":58,"gold_gain":0,"player_choice":"Offered Rare","damage_taken":0,"max_hp_gain":10,"max_hp_loss":0,"event_name":"Bonfire Elementals","floor":28,"gold_loss":0}],"is_beta":false,"boss_relics":[{"not_picked":["Runic Pyramid","Sozu"],"picked":"Calling Bell"}],"items_purged_floors":[14],"is_endless":false,"potions_floor_spawned":[2,5,11,15,16,21,22,29],"killed_by":"downfall:Silent","ascension_level":0}}