{"host":"f8lbor5qtgiy08rh","time":1610049341,"event":{"mods":["Aspiration","BaseMod","Better Match","Card Forge","Colored Map","Downfall","GifTheSpireLib","Hermit","Infinite Spire","Jedi Mod","Minty Spire (QoL Compilation)","Rare Cards Sparkle","Replay The Spire","StSLib","Stuff the Spire","The Construct","The Cursed","Unceasing Turn Reminder"],"gold_per_floor":[110,110,185,198,215,248,65,94,94,106,106,30,48,61,61,158,158,168,180,180,200,75,75,110,122,122,122,103,103,129,129,129,226,226,239,259,259,259,259,259],"floor_reached":39,"playtime":1755,"items_purged":[],"score":502,"play_id":"6dd93229-0f90-44f3-a232-5daf84b4660a","local_time":"20210107145541","is_ascension_mode":true,"campfire_choices":[{"floor":11,"key":"REST"},{"floor":15,"key":"REST"},{"floor":23,"key":"REST"},{"floor":27,"key":"REST"},{"floor":29,"key":"REST"},{"floor":32,"key":"REST"}],"circlet_count":0,"master_deck":["Strike_G+1","Strike_G+1","Strike_G+1","Strike_G+1","Strike_G+1","Defend_G+1","Defend_G+1","Defend_G+1","Defend_G+1","Defend_G+1","Survivor+1","Neutralize+1","Cloak And Dagger+1","ReplayTheSpireMod:Necrosis+1","Heel Hook+1","Finisher+1","After Image+1","Catalyst+1","Deadly Poison+1","Envenom+1","Poison Darts+1","infinitespire:Neurotoxin+1","Noxious Fumes+1","Poisoned Stab+1","jedi:poisonivy+1","jedi:studypoison+1","Bane+1","Poisoned Stab+1","Flying Knee+1","jedi:poisonivy+1","Dodge and Roll+1","A Thousand Cuts+1","Deflect+1","Accuracy+1","jedi:pocketpoison+1","Sucker Punch+1","Deadly Poison+1","StuffTheSpire:Incantation+1","Normality","Accuracy+1","Corpse Explosion","Deflect+1","jedi:LeechingStrike"],"relics":["Hammer of Thor","Seething Fire","Anvil of the Gods","jedi:hotpepper","Question Card","StuffTheSpire:SapphireSignet","Membership Card","Eternal Feather","jedi:angrymask","PreservedInsect","Cursed Key","Replay:WaspNest","aspiration:TomeofQuesting","Bottled Flame","StoneCalendar"],"acts_visited":["Exordium","TheCity","TheBeyond"],"potions_floor_usage":[6,16,16,25,33,33,33,39,39],"damage_taken":[{"damage":4,"enemies":"2 Louse","floor":1,"turns":2},{"damage":0,"enemies":"Small Slimes","floor":4,"turns":2},{"damage":0,"enemies":"Cultist","floor":5,"turns":3},{"damage":13,"enemies":"Lagavulin","floor":6,"turns":7},{"damage":13,"enemies":"Replay:BlueRogue","floor":8,"turns":4},{"damage":0,"enemies":"Red Slaver","floor":10,"turns":4},{"damage":9,"enemies":"Exordium Thugs","floor":13,"turns":3},{"damage":11,"enemies":"3 Louse","floor":14,"turns":3},{"damage":21,"enemies":"The Guardian","floor":16,"turns":6},{"damage":0,"enemies":"Shell Parasite","floor":18,"turns":3},{"damage":14,"enemies":"3 Byrds","floor":19,"turns":3},{"damage":36,"enemies":"Snake Plant","floor":21,"turns":3},{"damage":19,"enemies":"Book of Stabbing","floor":24,"turns":3},{"damage":11,"enemies":"Shelled Parasite and Fungi","floor":25,"turns":5},{"damage":12,"enemies":"Nightmare","floor":30,"turns":5},{"damage":17,"enemies":"Automaton","floor":33,"turns":6},{"damage":11,"enemies":"Orb Walker","floor":35,"turns":3},{"damage":19,"enemies":"3 Shapes","floor":36,"turns":3},{"damage":31,"enemies":"Maw","floor":39,"turns":5}],"seed_played":"-8371084306774954424","potions_obtained":[{"floor":1,"key":"Block Potion"},{"floor":13,"key":"PowerPotion"},{"floor":14,"key":"EssenceOfSteel"},{"floor":16,"key":"Strength Potion"},{"floor":21,"key":"SkillPotion"},{"floor":24,"key":"Venom Potion"},{"floor":30,"key":"champ:CounterPotion"},{"floor":35,"key":"Swift Potion"},{"floor":36,"key":"SkillPotion"}],"is_trial":false,"path_per_floor":["M","?","?","M","M","E","$","E","T","M","R","$","M","M","R","B",null,"M","M","?","M","$","R","E","M","T","R","$","R","NM","?","R","B",null,"M","M","?","?","M"],"character_chosen":"THE_SILENT","items_purchased":["Membership Card","Bane","PreservedInsect","Replay:WaspNest","Accuracy"],"campfire_rested":6,"item_purchase_floors":[7,7,12,22,28],"current_hp_per_floor":[48,48,43,43,43,30,30,17,17,17,47,47,38,27,52,31,52,52,38,38,2,2,38,19,10,10,46,46,52,40,40,52,35,52,41,22,22,22,0,0],"gold":259,"neow_bonus":"BOSS_RELIC","is_daily":false,"chose_seed":false,"campfire_upgraded":0,"win_rate":0.0,"timestamp":1610049341,"path_taken":["M","?","?","?","M","E","$","E","T","M","R","?","M","?","R","BOSS","M","M","?","M","?","R","E","M","T","R","$","R","NM","?","R","BOSS","M","?","?","?","M"],"items_purchased_type":["Relic","Card","Relic","Relic","Card"],"build_version":"2020-12-22","purchased_purges":0,"victory":false,"max_hp_per_floor":[52,52,52,52,52,52,52,52,52,52,52,52,52,52,52,52,52,52,52,52,52,52,52,52,52,52,52,52,52,52,52,52,52,52,52,52,52,52,52,52],"card_choices":[{"not_picked":["Acrobatics","jedi:pocketpoison"],"picked":"Cloak And Dagger","floor":1},{"not_picked":["StuffTheSpire:ReptileScales","ReplayTheSpireMod:Scrap Shanks","All Out Attack"],"picked":"ReplayTheSpireMod:Necrosis","floor":4},{"not_picked":["jedi:pocketpoison","StuffTheSpire:Python","Sucker Punch"],"picked":"Heel Hook","floor":5},{"not_picked":["StuffTheSpire:Sprint","jedi:pocketpoison","Prepared"],"picked":"Finisher","floor":6},{"not_picked":["Cloak And Dagger","Replay:Poison Smokescreen","Bane"],"picked":"Poisoned Stab","floor":8},{"not_picked":["Underhanded Strike","ReplayTheSpireMod:Exploit Weakness","StuffTheSpire:Injection"],"picked":"Flying Knee","floor":10},{"not_picked":["Tactician","Flying Knee","StuffTheSpire:Shiver"],"picked":"jedi:poisonivy","floor":13},{"not_picked":["Draining Mist","Backflip","Dash"],"picked":"Dodge and Roll","floor":14},{"not_picked":["Night Terror","Die Die Die","Replay:Bag of Tricks"],"picked":"A Thousand Cuts","floor":16},{"not_picked":["Leg Sweep","Hidden Blade","Backflip"],"picked":"Deflect+1","floor":18},{"not_picked":["Dash","StuffTheSpire:Fury","Flying Knee"],"picked":"jedi:pocketpoison+1","floor":19},{"not_picked":["Dodge and Roll","Heel Hook+1","Masterful Stab"],"picked":"Sucker Punch","floor":21},{"not_picked":["Flying Knee","Prepared","ReplayTheSpireMod:From All Sides"],"picked":"Deadly Poison+1","floor":24},{"not_picked":["ReplayTheSpireMod:Tripwire","Hidden Blade","jedi:pocketpoison"],"picked":"StuffTheSpire:Incantation+1","floor":25},{"not_picked":["Draining Mist","Tactician","Prepared","Skewer"],"picked":"SKIP","floor":30},{"not_picked":["After Image","Doppelganger","ReplayTheSpireMod:Necrosis"],"picked":"Corpse Explosion","floor":33},{"not_picked":["Dash+1","StuffTheSpire:ClusterCrunch+1","ReplayTheSpireMod:Tripwire","StuffTheSpire:Fury"],"picked":"SKIP","floor":35},{"not_picked":["Quick Slash+1","Dodge and Roll+1","Dagger Throw+1"],"picked":"Deflect+1","floor":36},{"not_picked":["StuffTheSpire:PlasmaPulse","Replay:SS_forest_2","Mind Blast"],"picked":"jedi:LeechingStrike","floor":38}],"player_experience":135125,"relics_obtained":[{"floor":2,"key":"Question Card"},{"floor":6,"key":"StuffTheSpire:SapphireSignet"},{"floor":8,"key":"Eternal Feather"},{"floor":9,"key":"jedi:angrymask"},{"floor":24,"key":"aspiration:TomeofQuesting"},{"floor":26,"key":"Bottled Flame"},{"floor":30,"key":"StoneCalendar"}],"event_choices":[{"damage_healed":0,"gold_gain":75,"player_choice":"Touch","damage_taken":5,"max_hp_gain":0,"max_hp_loss":0,"event_name":"FaceTrader","floor":3,"gold_loss":0},{"damage_healed":0,"gold_gain":0,"player_choice":"Ignored","damage_taken":0,"max_hp_gain":0,"max_hp_loss":0,"event_name":"Vampires","floor":20,"gold_loss":0},{"damage_healed":0,"gold_gain":0,"player_choice":"Ignored","damage_taken":0,"max_hp_gain":0,"max_hp_loss":0,"event_name":"NoteForYourself","floor":31,"gold_loss":0},{"damage_healed":0,"gold_gain":0,"player_choice":"Ignored","damage_taken":0,"max_hp_gain":0,"max_hp_loss":0,"event_name":"The Moai Head","floor":37,"gold_loss":0},{"damage_healed":0,"gold_gain":0,"player_choice":"Memory 1","damage_taken":0,"max_hp_gain":0,"max_hp_loss":0,"event_name":"SensoryStone","floor":38,"gold_loss":0}],"is_beta":false,"boss_relics":[{"not_picked":["Busted Crown","Replay:Wanted Poster"],"picked":"Cursed Key"},{"not_picked":["Replay:Drink Me","Snecko Scales","Astrolabe"]}],"items_purged_floors":[],"is_endless":false,"potions_floor_spawned":[1,13,14,16,21,24,30,35,36],"killed_by":"Maw","ascension_level":1}}