{"host":"i9h64q9gphvrup4n","time":1610059827,"event":{"mods":["2.2 Compatiblity","AchievementEnabler","Aspiration","Astrologer","Bard","BaseMod","Beaked The Cultist","BetterRewards","Colored Powertips","Conspire","Downfall","Gremlin Mod","Hermit","Hubris","Infinite Spire","Jorbs\u0027s Wanderer Trilogy","Minty Spire (QoL Compilation)","Replay The Spire","Shop Mod","StSLib","SuperFastMode","The Blackbeard","The Bladedancer","The Bug Knight","The Construct","The Cursed","The Disciple","The Hierophant","The Jungle","The Necromancer","The Runesmith","The Wild Card","slay the spire mod where everything is the same but ironclad has a cowboy hat","vexMod"],"gold_per_floor":[114,114,133,62,74,101,120,120,120,120,154,174,205,221,221,300,300,318,318,338,115,140,140,174,174,174,203,203,235,246,264,264,264,264],"floor_reached":33,"playtime":1205,"items_purged":[],"score":536,"play_id":"d456117b-f5f4-41ed-ab84-7f8f0102e084","local_time":"20210107165027","is_ascension_mode":true,"campfire_choices":[{"floor":15,"key":"REST"},{"data":"Summon_Undead","floor":23,"key":"SMITH"},{"floor":25,"key":"REST"}],"circlet_count":0,"master_deck":["AscendersBane","Strike_W","Strike_W","Strike_W","Strike_W","Defend_W+1","Defend_W","Defend_W+1","Defend_W","Negative_Energy_Arrows","Bone_Wall+1","Death_Knell","Summon_Undead+1","Summon_Lich","Siphon_Strength+1","Summon_Vampire_Lady","Finger_Of_Death","Cloudkill+1","Finger_Of_Death","Summon_Vampire_Lady+1","Life_Drain","Necrotic_Claws","Summon_Lich+1","Life_Drain+1","Summon_Undead_Army","CommonCold","Grasp_Heart+1"],"relics":["Vampire_Amulet","NeowsBlessing","Golden Egg","Anchor","Replay:Wax Seal","SlaversCollar","Nloth\u0027s Gift","Orrery","War Paint","aspiration:SneckoTail","Replay:Mystery Machine","Ring of Peace","Art of War"],"acts_visited":["Exordium","TheCity"],"potions_floor_usage":[13,16,29,30,33],"damage_taken":[{"damage":0,"enemies":"2 Louse","floor":1,"turns":1},{"damage":0,"enemies":"Jaw Worm","floor":3,"turns":1},{"damage":0,"enemies":"Cultist","floor":5,"turns":1},{"damage":9,"enemies":"Lagavulin","floor":6,"turns":8},{"damage":0,"enemies":"Large Slime","floor":7,"turns":4},{"damage":47,"enemies":"3 Sentries","floor":11,"turns":6},{"damage":10,"enemies":"Exordium Wildlife","floor":12,"turns":5},{"damage":35,"enemies":"Gremlin Nob","floor":13,"turns":5},{"damage":17,"enemies":"Gremlin Gang","floor":14,"turns":5},{"damage":60,"enemies":"Hexaghost","floor":16,"turns":10},{"damage":1,"enemies":"Chosen","floor":18,"turns":6},{"damage":25,"enemies":"3 Byrds","floor":20,"turns":5},{"damage":41,"enemies":"Book of Stabbing","floor":24,"turns":5},{"damage":66,"enemies":"Gremlin Leader","floor":27,"turns":6},{"damage":32,"enemies":"Slavers","floor":29,"turns":5},{"damage":14,"enemies":"Snake Plant","floor":30,"turns":5},{"damage":16,"enemies":"Chosen and Byrds","floor":31,"turns":5},{"damage":95,"enemies":"conspire:MysteriousRune","floor":33,"turns":7}],"seed_played":"-3363317181438133103","potions_obtained":[{"floor":1,"key":"sneckomod:MuddlingPotion"},{"floor":6,"key":"Elixir"},{"floor":13,"key":"Elixir"},{"floor":16,"key":"Reflective Coating"},{"floor":20,"key":"Elixir"},{"floor":29,"key":"LiquidMemories"},{"floor":30,"key":"Venom Potion"}],"is_trial":false,"path_per_floor":["M","?","M","$","M","E","M","?","T","?","E","M","E","M","R","B",null,"M","?","M","$","T","R","E","R","T","E","?","E","M","M","R","B"],"character_chosen":"NECROMANCER","items_purchased":["Summon_Lich","Summon_Lich","Orrery"],"campfire_rested":2,"item_purchase_floors":[4,21,21],"current_hp_per_floor":[72,72,74,74,75,68,75,80,80,64,41,53,32,35,74,49,72,80,80,67,67,67,67,46,70,70,40,40,26,35,50,50,0,0],"gold":264,"neow_bonus":"THREE_ENEMY_KILL","is_daily":false,"chose_seed":false,"campfire_upgraded":1,"win_rate":0.0,"timestamp":1610059827,"path_taken":["M","?","M","$","M","E","M","?","T","?","E","M","E","M","R","BOSS","M","?","M","$","?","R","E","R","T","E","?","E","M","?","R","BOSS"],"items_purchased_type":["Card","Card","Relic"],"build_version":"2020-12-22","purchased_purges":0,"victory":false,"max_hp_per_floor":[75,75,75,75,75,75,75,80,80,80,80,80,80,80,80,80,80,80,80,80,80,80,80,80,80,80,80,80,80,80,80,80,80,80],"card_choices":[{"not_picked":["Toxic_Smoke_Screen","Bones_to_Steel"],"picked":"Death_Knell","floor":1},{"not_picked":["Life_Drain","Plague_Bolt"],"picked":"Summon_Undead","floor":3},{"not_picked":["Necrotic_Claws","Negative_Energy_Shield"],"picked":"Siphon_Strength","floor":5},{"not_picked":["Bone_Shift","Flesh_Made_Foul"],"picked":"Summon_Vampire_Lady","floor":6},{"not_picked":["Chill_Blood","Death_Coil","Bones_to_Steel"],"picked":"SKIP","floor":7},{"not_picked":["Bone_Spikes","Negative_Energy_Shield","Epidemic"],"picked":"SKIP","floor":11},{"not_picked":["Consume_Illness","Bone_Spikes"],"picked":"Finger_Of_Death","floor":12},{"not_picked":["Vampiric_Strike","Bones_to_Steel"],"picked":"Cloudkill","floor":13},{"not_picked":["Bone_Spikes","Bone_Shift"],"picked":"Finger_Of_Death","floor":14},{"not_picked":["Grasp_Heart","Blood_Magic"],"picked":"Summon_Vampire_Lady","floor":16},{"not_picked":["Bone_Spikes","Corrupt"],"picked":"Life_Drain","floor":18},{"not_picked":["Bone_Prison","Shackles_Of_Pain"],"picked":"Necrotic_Claws","floor":20},{"not_picked":["Bone_Armory","Negative_Energy_Javelin"],"picked":"Life_Drain","floor":21},{"not_picked":["Hellfire","Blood_Wake"],"picked":"Summon_Undead_Army","floor":24},{"not_picked":["Corrupt","Negative_Energy_Bomb","Hellfire"],"picked":"SKIP","floor":27},{"not_picked":["Bones_to_Steel","Epidemic","Reap_The_Weak"],"picked":"SKIP","floor":29},{"not_picked":["Thousand_Bone_Knives","Slay_Living"],"picked":"Grasp_Heart","floor":30},{"not_picked":["Violent_Necrosis","Negative_Energy_Sphere","Death_Coil"],"picked":"SKIP","floor":31}],"player_experience":691016,"relics_obtained":[{"floor":6,"key":"Regal Pillow"},{"floor":9,"key":"Golden Egg"},{"floor":11,"key":"Anchor"},{"floor":13,"key":"Replay:Wax Seal"},{"floor":22,"key":"War Paint"},{"floor":24,"key":"aspiration:SneckoTail"},{"floor":27,"key":"Replay:Mystery Machine"},{"floor":28,"key":"Ring of Peace"},{"floor":29,"key":"Art of War"}],"event_choices":[{"damage_healed":0,"gold_gain":0,"player_choice":"Donut","damage_taken":0,"max_hp_gain":5,"max_hp_loss":0,"event_name":"Big Fish","floor":8,"gold_loss":0},{"damage_healed":0,"gold_gain":0,"player_choice":"Entered Light","damage_taken":16,"max_hp_gain":0,"max_hp_loss":0,"event_name":"Shining Light","floor":10,"gold_loss":0,"cards_upgraded":["Bone_Wall","Defend_W"]},{"damage_healed":0,"gold_gain":0,"player_choice":"Traded Relic","damage_taken":0,"relics_obtained":["Nloth\u0027s Gift"],"max_hp_gain":0,"max_hp_loss":0,"event_name":"N\u0027loth","floor":19,"relics_lost":["Regal Pillow"],"gold_loss":0}],"is_beta":false,"boss_relics":[{"not_picked":["Replay:Fungal Core","aspiration:SecretTechniqueScroll"],"picked":"SlaversCollar"}],"items_purged_floors":[],"is_endless":false,"potions_floor_spawned":[1,6,12,13,16,20,29,30,31],"killed_by":"conspire:MysteriousRune","ascension_level":13}}