{"host":"3ykswgue17e1ycc2","time":1610038602,"event":{"mods":["BaseMod","Colored Powertips","Dark Map","Minty Spire (QoL Compilation)","Quick Restart","Rare Cards Sparkle","StSLib"],"gold_per_floor":[113,129,139,155,105,105,139,139,139,159,159,192,192,192,192,296,296,308,308,308,53,53,78,78,110,110,126,126,136,136,146,146,245,245,264,189,234,234,253,253,272,302,302,302,302,302],"floor_reached":45,"playtime":1733,"items_purged":["Strike_B"],"score":672,"play_id":"5ccd55db-9684-4671-9612-7ad64e84e22d","local_time":"20210107235642","is_ascension_mode":true,"campfire_choices":[{"data":"Zap","floor":6,"key":"SMITH"},{"data":"Chill","floor":8,"key":"SMITH"},{"data":"Sunder","floor":11,"key":"SMITH"},{"data":"Coolheaded","floor":15,"key":"SMITH"},{"data":"Echo Form","floor":24,"key":"SMITH"},{"data":"Defragment","floor":28,"key":"SMITH"},{"floor":30,"key":"REST"},{"floor":32,"key":"REST"},{"floor":40,"key":"REST"},{"floor":44,"key":"REST"}],"circlet_count":0,"master_deck":["Strike_B","Strike_B","Defend_B","Defend_B","Defend_B","Defend_B","Zap+1","Dualcast","Chill+1","Conserve Battery","Coolheaded+1","Ball Lightning","Sunder+1","Compile Driver","Echo Form+1","Defragment+1","Barrage","Blizzard","Core Surge","Fusion+1","Ball Lightning+1"],"relics":["Cracked Core","Juzu Bracelet","Thread and Needle","Pocketwatch","Letter Opener","Inserter","MutagenicStrength","Singing Bowl","Symbiotic Virus","Centennial Puzzle","Dead Branch","Busted Crown","TungstenRod","Bag of Preparation"],"acts_visited":["Exordium","TheCity","TheBeyond"],"potions_floor_usage":[16,23,25,25,25,25,29,33,41,41],"damage_taken":[{"damage":1,"enemies":"Cultist","floor":1,"turns":3},{"damage":0,"enemies":"2 Louse","floor":2,"turns":3},{"damage":0,"enemies":"Small Slimes","floor":3,"turns":3},{"damage":2,"enemies":"2 Fungi Beasts","floor":4,"turns":4},{"damage":7,"enemies":"3 Sentries","floor":7,"turns":11},{"damage":0,"enemies":"Blue Slaver","floor":10,"turns":3},{"damage":2,"enemies":"Gremlin Nob","floor":12,"turns":3},{"damage":0,"enemies":"The Guardian","floor":16,"turns":8},{"damage":0,"enemies":"Chosen","floor":18,"turns":4},{"damage":39,"enemies":"Book of Stabbing","floor":23,"turns":7},{"damage":24,"enemies":"Slavers","floor":25,"turns":5},{"damage":4,"enemies":"Shell Parasite","floor":27,"turns":5},{"damage":11,"enemies":"Snake Plant","floor":29,"turns":3},{"damage":4,"enemies":"Centurion and Healer","floor":31,"turns":4},{"damage":56,"enemies":"Champ","floor":33,"turns":8},{"damage":8,"enemies":"3 Darklings","floor":35,"turns":4},{"damage":61,"enemies":"2 Orb Walkers","floor":37,"turns":6},{"damage":0,"enemies":"3 Shapes","floor":39,"turns":4},{"damage":5,"enemies":"Maw","floor":41,"turns":7},{"damage":37,"enemies":"Giant Head","floor":42,"turns":9},{"damage":57,"enemies":"Nemesis","floor":45,"turns":5}],"seed_played":"-5165817618158142964","potions_obtained":[{"floor":1,"key":"GamblersBrew"},{"floor":3,"key":"EntropicBrew"},{"floor":7,"key":"LiquidBronze"},{"floor":10,"key":"Swift Potion"},{"floor":18,"key":"BlessingOfTheForge"},{"floor":25,"key":"BlessingOfTheForge"},{"floor":29,"key":"GamblersBrew"},{"floor":35,"key":"Dexterity Potion"},{"floor":37,"key":"SkillPotion"},{"floor":42,"key":"Energy Potion"}],"is_trial":false,"path_per_floor":["M","M","M","M","?","R","E","R","T","M","R","E","$","?","R","B",null,"M","?","?","$","?","E","R","E","T","M","R","M","R","M","R","B",null,"M","$","?","?","M","R","M","E","T","R","E"],"character_chosen":"DEFECT","items_purchased":["Singing Bowl"],"campfire_rested":4,"item_purchase_floors":[21],"current_hp_per_floor":[74,74,74,72,72,72,65,65,65,65,65,63,63,68,68,68,80,80,80,80,80,80,43,43,19,19,17,17,8,33,31,57,1,88,82,82,23,15,17,45,40,3,3,31,0,0],"gold":302,"neow_bonus":"RANDOM_COMMON_RELIC","is_daily":false,"chose_seed":false,"campfire_upgraded":6,"win_rate":0.0,"timestamp":1610038602,"path_taken":["M","M","M","M","?","R","E","R","T","M","R","E","$","?","R","BOSS","M","?","?","$","?","E","R","E","T","M","R","M","R","M","R","BOSS","M","$","?","?","M","R","M","E","T","R","E"],"items_purchased_type":["Relic"],"build_version":"2020-12-22","purchased_purges":1,"victory":false,"max_hp_per_floor":[75,75,75,75,75,75,75,75,75,75,75,75,75,80,80,80,80,80,80,80,80,80,82,82,82,82,84,84,86,86,88,88,88,88,90,90,92,92,94,94,94,94,94,94,94,94],"card_choices":[{"not_picked":["Consume","Reprogram"],"picked":"Chill","floor":1},{"not_picked":["Recycle","Stack"],"picked":"Conserve Battery","floor":2},{"not_picked":["Redo","Chill","Steam"],"picked":"SKIP","floor":3},{"not_picked":["Streamline","Steam"],"picked":"Coolheaded","floor":4},{"not_picked":["Consume","Rainbow"],"picked":"Ball Lightning","floor":7},{"not_picked":["Stack","Conserve Battery"],"picked":"Sunder","floor":10},{"not_picked":["Rebound","Steam Power"],"picked":"Compile Driver","floor":12},{"not_picked":["Hyperbeam","Machine Learning"],"picked":"Echo Form","floor":16},{"not_picked":["Redo+1","Coolheaded"],"picked":"Defragment","floor":18},{"not_picked":["Hello World","Gash+1","FTL+1"],"picked":"Singing Bowl","floor":23},{"not_picked":["Streamline+1","Double Energy"],"picked":"Blizzard","floor":25},{"not_picked":["Go for the Eyes+1","FTL","Barrage"],"picked":"Singing Bowl","floor":27},{"not_picked":["Streamline","Hologram","Leap+1"],"picked":"Singing Bowl","floor":29},{"not_picked":["Go for the Eyes","Gash+1","Stack+1"],"picked":"Singing Bowl","floor":31},{"not_picked":["Fission","Multi-Cast"],"picked":"Core Surge","floor":33},{"not_picked":["Rebound"],"picked":"Singing Bowl","floor":35},{"not_picked":["BootSequence"],"picked":"Singing Bowl","floor":37},{"not_picked":["Gash+1"],"picked":"Singing Bowl","floor":39},{"not_picked":[],"picked":"Fusion+1","floor":41},{"not_picked":[],"picked":"Ball Lightning+1","floor":42}],"player_experience":309487,"relics_obtained":[{"floor":7,"key":"Thread and Needle"},{"floor":9,"key":"Pocketwatch"},{"floor":12,"key":"Letter Opener"},{"floor":23,"key":"Symbiotic Virus"},{"floor":25,"key":"Centennial Puzzle"},{"floor":26,"key":"Dead Branch"},{"floor":37,"key":"TungstenRod"},{"floor":42,"key":"Bag of Preparation"}],"event_choices":[{"cards_removed":["Strike_B"],"damage_healed":0,"gold_gain":0,"player_choice":"Card Removal","damage_taken":0,"max_hp_gain":0,"max_hp_loss":0,"event_name":"The Cleric","floor":5,"gold_loss":50},{"damage_healed":0,"gold_gain":0,"player_choice":"Donut","damage_taken":0,"max_hp_gain":5,"max_hp_loss":0,"event_name":"Big Fish","floor":14,"gold_loss":0},{"damage_healed":0,"gold_gain":0,"player_choice":"Read","damage_taken":0,"max_hp_gain":0,"max_hp_loss":0,"event_name":"The Library","floor":19,"gold_loss":0,"cards_obtained":["Barrage"]},{"damage_healed":0,"gold_gain":0,"player_choice":"Inject Mutagens","damage_taken":0,"relics_obtained":["MutagenicStrength"],"max_hp_gain":0,"max_hp_loss":0,"event_name":"Drug Dealer","floor":20,"gold_loss":0},{"damage_healed":0,"gold_gain":0,"player_choice":"Ignored","damage_taken":0,"max_hp_gain":0,"max_hp_loss":0,"event_name":"Ghosts","floor":22,"gold_loss":0},{"damage_healed":0,"gold_gain":0,"player_choice":"Fight","damage_taken":0,"max_hp_gain":0,"max_hp_loss":0,"event_name":"Mysterious Sphere","floor":37,"gold_loss":0},{"damage_healed":0,"gold_gain":0,"player_choice":"Damaged","damage_taken":9,"max_hp_gain":0,"max_hp_loss":0,"event_name":"Wheel of Change","floor":38,"gold_loss":0}],"is_beta":false,"boss_relics":[{"not_picked":["Astrolabe","Snecko Eye"],"picked":"Inserter"},{"not_picked":["FrozenCore","Runic Dome"],"picked":"Busted Crown"}],"items_purged_floors":[36],"is_endless":false,"potions_floor_spawned":[1,3,7,10,12,18,25,29,35,37,42],"killed_by":"Nemesis","ascension_level":4}}