{"host":"pa65g39v0cwbmgvo","time":1610030177,"event":{"mods":["2.2 Compatiblity","ATMod(°¢èªMod)","BaseMod","Better Skull","Better Third Choice","BetterRewards","Dota2Spire","Minty Spire (QoL Compilation)","Quick Restart","Replay The Spire","Spicy Shops","StSLib","SuperFastMode","¡¾ÒÅÎï¿¨ÅÆ¡¿REMEMod"],"gold_per_floor":[112,128,128,140,152,182,196,225,225,257,276,301,301,319,319,421,421,437,437,437,77,90,119,129,154,181,181,216,226,242,261,261,365,365,384,434,448,522,532,557,557,588,588,588,608,19,19,19,19,19,19,19,19,46,46],"floor_reached":56,"playtime":1814,"items_purged":["Strike_P","Strike_P","Defend_P+1"],"score":2109,"play_id":"be3fadf8-ba4b-40f1-a94e-b519a1838f50","local_time":"20210107223617","is_ascension_mode":true,"campfire_choices":[{"floor":13,"key":"DIG"},{"data":"AT_OneInchPunch","floor":15,"key":"SMITH"},{"data":"AT_ChampionStep","floor":15,"key":"SMITH"},{"data":"REME_CRH","floor":27,"key":"SMITH"},{"data":"REME_CRH","floor":27,"key":"SMITH"},{"data":"Strike_P","floor":32,"key":"PURGE"},{"floor":41,"key":"DIG"},{"floor":47,"key":"RECALL"},{"data":"AT_ChampionStep","floor":49,"key":"SMITH"},{"data":"Vault","floor":49,"key":"SMITH"},{"floor":52,"key":"DIG"}],"circlet_count":0,"master_deck":["Defend_P+1","Defend_P+1","Defend_P+1","Eruption","Vigilance","AT_OneInchPunch+1","EmptyFist","Violence","AT_DrawKnifeCut","Machine Learning","FollowUp","FollowUp","Tantrum","Replay:DivineShield","EmptyBody","AT_ChampionStep+1","REME_CRH+1","Replay:Cycle","REME_CRH+1","Replay:Battleflow","FollowUp+1","FollowUp+1","Vault+1","AT_ChampionStep+1"],"relics":["HolyWater","REME_ComplimentaryCards","AT_ATBox","Peace Pipe","REME_CardOfGreed","Chemical X","Ice Cream","ReplayFunnel","Replay:Arrowhead","ReplayTheSpireMod:ShopPack","Dota2Spire:EchoSabre","Replay:Rubber Ducky","Molten Egg 2","Shovel","Potion Belt","Snecko Heart","MutagenicStrength","Dota2Spire:AghanimScepter","AT_BellDemon","Boot","AT_BladeRuinedKing","Bottled Tornado","AT_ChloranthyRing","Dota2Spire:Satanic","AT_ImmortalShieldbow","AT_RabadonDeathcap","Orichalcum","Centennial Puzzle","Counterbalance","Replay:Grab Bag","Busted Crown","Sozu","ReplayTheSpireMod:TigerMarble","FossilizedHelix","Nunchaku","Calipers","Bag of Marbles","Question Card","Gremlin Food","Dota2Spire:CrimsonGuard","Replay:Purple Gloves","Quantum Egg","Oddly Smooth Stone","Iron Hammer","Replay:Bottled Eggs","Dota2Spire:MagicBottle","Membership Card","Sling","Sundial","Dota2Spire:Desolator","Bottled Lightning","Dota2Spire:MaskOfMadness"],"acts_visited":["Exordium","TheCity","TheBeyond","TheEnding"],"potions_floor_usage":[8,25,55],"damage_taken":[{"damage":0,"enemies":"Cultist","floor":1,"turns":2},{"damage":0,"enemies":"Jaw Worm","floor":2,"turns":2},{"damage":0,"enemies":"Small Slimes","floor":4,"turns":2},{"damage":0,"enemies":"Red Slaver","floor":5,"turns":1},{"damage":5,"enemies":"Lagavulin","floor":6,"turns":4},{"damage":0,"enemies":"Blue Slaver","floor":7,"turns":2},{"damage":5,"enemies":"3 Sentries","floor":8,"turns":3},{"damage":0,"enemies":"Gremlin Nob","floor":10,"turns":2},{"damage":0,"enemies":"2 Fungi Beasts","floor":11,"turns":2},{"damage":3,"enemies":"3 Sentries","floor":12,"turns":3},{"damage":0,"enemies":"Red Slaver","floor":14,"turns":1},{"damage":0,"enemies":"Fading Forest","floor":16,"turns":11},{"damage":0,"enemies":"Chosen","floor":18,"turns":2},{"damage":0,"enemies":"3 Byrds","floor":22,"turns":1},{"damage":0,"enemies":"REME_1_Revenger","floor":23,"turns":2},{"damage":0,"enemies":"Centurion and Healer","floor":24,"turns":2},{"damage":0,"enemies":"Book of Stabbing","floor":25,"turns":2},{"damage":0,"enemies":"Replay:Snechameleon","floor":28,"turns":2},{"damage":0,"enemies":"Snecko","floor":29,"turns":1},{"damage":0,"enemies":"3 Cultists","floor":30,"turns":1},{"damage":0,"enemies":"Snake Plant","floor":31,"turns":1},{"damage":0,"enemies":"Automaton","floor":33,"turns":2},{"damage":0,"enemies":"3 Darklings","floor":35,"turns":1},{"damage":0,"enemies":"Mind Bloom Boss Battle","floor":36,"turns":1},{"damage":0,"enemies":"3 Shapes","floor":37,"turns":1},{"damage":0,"enemies":"Transient","floor":39,"turns":1},{"damage":0,"enemies":"Giant Head","floor":40,"turns":1},{"damage":0,"enemies":"Nemesis","floor":42,"turns":1},{"damage":0,"enemies":"Jaw Worm Horde","floor":44,"turns":1},{"damage":0,"enemies":"Spire Growth","floor":45,"turns":1},{"damage":0,"enemies":"Awakened One","floor":50,"turns":2},{"damage":0,"enemies":"Shield and Spear","floor":54,"turns":1},{"damage":11,"enemies":"The Heart","floor":55,"turns":3}],"seed_played":"-4099939999846860361","potions_obtained":[{"floor":2,"key":"LifebloodPotion"},{"floor":5,"key":"Explosive Potion"},{"floor":6,"key":"Adrenaline Potion"},{"floor":10,"key":"LiquidMemories"},{"floor":23,"key":"SteroidPotion"},{"floor":28,"key":"ColorlessPotion"},{"floor":30,"key":"Explosive Potion"}],"is_trial":false,"path_per_floor":["M","M","?","M","M","E","M","E","T","E","M","E","R","M","R","B",null,"M","?","?","$","M","E","M","E","T","R","E","M","M","M","R","B",null,"M","?","M","?","M","E","R","E","T","M","M","$","R","?","R","B",null,"R","$","E","B",null],"character_chosen":"WATCHER","items_purchased":["Peace Pipe","REME_CardOfGreed","Chemical X","AT_OneInchPunch","ReplayFunnel","Replay:Arrowhead","ReplayTheSpireMod:ShopPack","EmptyFist","Dota2Spire:AghanimScepter","Membership Card","Sling","Sundial","Dota2Spire:Desolator","AT_ChampionStep"],"campfire_rested":0,"item_purchase_floors":[0,0,0,0,0,0,0,0,21,46,46,46,46,46],"current_hp_per_floor":[72,72,65,65,65,60,60,55,55,55,55,52,52,52,52,62,72,72,72,72,72,72,72,72,72,72,72,72,72,72,72,72,72,72,72,72,72,54,62,62,62,62,62,62,62,62,62,62,62,62,72,72,72,72,61],"gold":46,"neow_bonus":"","is_daily":false,"chose_seed":false,"campfire_upgraded":6,"win_rate":0.0,"timestamp":1610030177,"path_taken":["M","M","?","M","M","E","M","E","T","E","M","E","R","M","R","BOSS","M","?","?","$","M","E","M","E","T","R","E","M","M","?","R","BOSS","M","?","M","?","M","E","R","E","T","M","?","$","R","?","R","BOSS","R","$","E","BOSS"],"items_purchased_type":["Relic","Relic","Relic","Card","Relic","Relic","Relic","Card","Relic","Relic","Relic","Relic","Relic","Card"],"build_version":"2020-12-22","purchased_purges":3,"victory":true,"max_hp_per_floor":[72,72,72,72,72,72,72,72,72,72,72,72,72,72,72,72,72,72,72,72,72,72,72,72,72,72,72,72,72,72,72,72,72,72,72,72,72,72,72,72,72,72,72,72,72,72,72,72,72,72,72,72,72,72,72],"card_choices":[{"not_picked":["ReplayUltimateDefense","Master of Strategy"],"picked":"Violence","floor":0},{"not_picked":["ClearTheMind","Replay:Hum","Replay:BluntJabs"],"picked":"SKIP","floor":1},{"not_picked":["SandsOfTime","REME_Repentance"],"picked":"FollowUp","floor":2},{"not_picked":["Scrawl","Replay:Battleflow"],"picked":"FollowUp","floor":4},{"not_picked":["EmptyBody","Prostrate"],"picked":"Tantrum","floor":5},{"not_picked":["Replay:ManipulateFuture","InnerPeace","WreathOfFlame"],"picked":"SKIP","floor":6},{"not_picked":["Pray","Swivel","BowlingBash"],"picked":"SKIP","floor":7},{"not_picked":["CrushJoints","FlyingSleeves","JustLucky"],"picked":"SKIP","floor":8},{"not_picked":["SignatureMove+1","Pray"],"picked":"Replay:DivineShield","floor":10},{"not_picked":["EmptyMind","Weave+1"],"picked":"EmptyBody","floor":11},{"not_picked":["Devotion","EmptyMind","WaveOfTheHand"],"picked":"SKIP","floor":12},{"not_picked":["Crescendo","Halt"],"picked":"AT_ChampionStep","floor":14},{"not_picked":["Establishment","Scrawl"],"picked":"REME_CRH","floor":16},{"not_picked":["EmptyFist+1","Replay:BluntJabs+1"],"picked":"Replay:Cycle","floor":18},{"not_picked":["Replay:Hum+1","Meditate","JustLucky+1"],"picked":"SKIP","floor":22},{"not_picked":["Judgement","AT_RealColorLess"],"picked":"Replay:Battleflow","floor":23},{"not_picked":["Study+1","Halt+1"],"picked":"FollowUp+1","floor":24},{"not_picked":["ThirdEye","JustLucky+1","WaveOfTheHand+1"],"picked":"SKIP","floor":25},{"not_picked":["EmptyFist+1","WreathOfFlame+1"],"picked":"FollowUp+1","floor":28},{"not_picked":["PathToVictory","EmptyFist+1","CutThroughFate+1"],"picked":"SKIP","floor":29},{"not_picked":["Wallop+1","Conclude+1","Replay:ManipulateFuture"],"picked":"SKIP","floor":30},{"not_picked":["Replay:AllIn","EmptyFist+1","ThirdEye+1"],"picked":"SKIP","floor":31},{"not_picked":["DeusExMachina","Judgement"],"picked":"Vault","floor":33},{"not_picked":["PathToVictory+1"],"picked":"SKIP","floor":35},{"not_picked":["Indignation"],"picked":"SKIP","floor":37},{"not_picked":["JustLucky+1"],"picked":"SKIP","floor":39},{"not_picked":["SignatureMove+1","BowlingBash+1"],"picked":"SKIP","floor":40},{"not_picked":["ClearTheMind+1","LikeWater"],"picked":"SKIP","floor":42},{"not_picked":["CutThroughFate+1","EmptyFist+1"],"picked":"SKIP","floor":44},{"not_picked":["JustLucky+1","CutThroughFate+1"],"picked":"SKIP","floor":45},{"not_picked":["Replay:Cycle+1","REME_WorshipGod"],"picked":"SKIP","floor":54}],"player_experience":55074,"relics_obtained":[{"floor":6,"key":"Dota2Spire:EchoSabre"},{"floor":8,"key":"Replay:Rubber Ducky"},{"floor":10,"key":"Molten Egg 2"},{"floor":12,"key":"Shovel"},{"floor":13,"key":"Potion Belt"},{"floor":23,"key":"AT_BellDemon"},{"floor":24,"key":"Boot"},{"floor":25,"key":"AT_BladeRuinedKing"},{"floor":25,"key":"Bottled Tornado"},{"floor":26,"key":"AT_ChloranthyRing"},{"floor":28,"key":"Dota2Spire:Satanic"},{"floor":28,"key":"AT_ImmortalShieldbow"},{"floor":29,"key":"AT_RabadonDeathcap"},{"floor":30,"key":"Orichalcum"},{"floor":31,"key":"Centennial Puzzle"},{"floor":33,"key":"Counterbalance"},{"floor":35,"key":"ReplayTheSpireMod:TigerMarble"},{"floor":36,"key":"FossilizedHelix"},{"floor":36,"key":"Nunchaku"},{"floor":37,"key":"Calipers"},{"floor":38,"key":"Bag of Marbles"},{"floor":39,"key":"Question Card"},{"floor":40,"key":"Gremlin Food"},{"floor":40,"key":"Dota2Spire:CrimsonGuard"},{"floor":41,"key":"Replay:Purple Gloves"},{"floor":42,"key":"Quantum Egg"},{"floor":42,"key":"Oddly Smooth Stone"},{"floor":43,"key":"Iron Hammer"},{"floor":44,"key":"Replay:Bottled Eggs"},{"floor":45,"key":"Dota2Spire:MagicBottle"},{"floor":52,"key":"Bottled Lightning"},{"floor":54,"key":"Dota2Spire:MaskOfMadness"}],"event_choices":[{"cards_removed":["Strike_P"],"damage_healed":0,"gold_gain":0,"player_choice":"Card Removal","damage_taken":7,"max_hp_gain":0,"max_hp_loss":0,"event_name":"Golden Wing","floor":3,"gold_loss":0},{"damage_healed":0,"gold_gain":0,"player_choice":"Inject Mutagens","damage_taken":0,"relics_obtained":["MutagenicStrength"],"max_hp_gain":0,"max_hp_loss":0,"event_name":"Drug Dealer","floor":19,"gold_loss":0},{"damage_healed":0,"gold_gain":0,"player_choice":"Copied","damage_taken":0,"max_hp_gain":0,"max_hp_loss":0,"event_name":"Duplicator","floor":20,"gold_loss":0,"cards_obtained":["REME_CRH"]},{"damage_healed":0,"gold_gain":0,"player_choice":"Fight","damage_taken":0,"max_hp_gain":0,"max_hp_loss":0,"event_name":"MindBloom","floor":36,"gold_loss":0},{"damage_healed":0,"gold_gain":0,"player_choice":"Random: Yellow","damage_taken":0,"max_hp_gain":0,"max_hp_loss":0,"event_name":"betterThird:BetterPortal","floor":48,"gold_loss":0},{"damage_healed":0,"gold_gain":0,"player_choice":"Ignored","damage_taken":0,"max_hp_gain":0,"max_hp_loss":0,"event_name":"NoteForYourself","floor":48,"gold_loss":0}],"is_beta":false,"boss_relics":[{"not_picked":["VioletLotus","Replay:Bronze Core"],"picked":"Snecko Heart"},{"not_picked":["REME_ChargedStone","Replay:Wanted Poster"],"picked":"Replay:Grab Bag"},{"not_picked":["ChewingGum","Philosopher\u0027s Stone"],"picked":"Busted Crown"},{"not_picked":["SlaversCollar","Runic Dome"],"picked":"Sozu"},{"not_picked":["Calling Bell","Snecko Eye"],"picked":"HolyWater"}],"items_purged_floors":[0,21,46],"is_endless":false,"potions_floor_spawned":[2,5,6,10,12,23,28,30,31,36,39,40,42,45,54],"ascension_level":1}}