{"host":"08z5bj28eube4vug","time":1610063326,"event":{"mods":["2.2 Compatiblity","Abigail Mod","Act Like it!","BaseMod","Beaked The Cultist","Bestiary","Friendly Minions","Gensokyo","GungeonMod","Hallownest","Kiyohime????","Koishi","Lobotomy","Marisa????????","Minty Spire (QoL Compilation)","Prisma Mod","Remilia??????","Replay The Spire","StSLib","Td1madao Mod","The Alterego","The Bug Knight","The Jungle","The Sage","The Senshi","The Servant 0.9.4","Waifu the Spire","WarShipGirlsR/????R mod","Yuri Mod"],"gold_per_floor":[116,116,2,17,29,29,64,64,88,132,144,171,216,228,240,252,252],"floor_reached":16,"playtime":624,"items_purged":["alterego_mod:Maid"],"score":179,"play_id":"8c30cf5b-9df4-44ee-abfe-93cea9ea71fe","local_time":"20210108024846","is_ascension_mode":true,"campfire_choices":[{"data":"alterego_mod:DustData","floor":6,"key":"SMITH"},{"data":"alterego_mod:BigMeatyClaws","floor":8,"key":"SMITH"},{"data":"alterego_mod:RocketPunch","floor":11,"key":"SMITH"},{"floor":15,"key":"REST"}],"circlet_count":0,"master_deck":["alterego_mod:Strike","alterego_mod:Strike","alterego_mod:Strike","alterego_mod:Strike","alterego_mod:Defend","alterego_mod:Defend","alterego_mod:Defend","alterego_mod:Defend","alterego_mod:Impale","alterego_mod:BigMeatyClaws+1","alterego_mod:BrynhildrsRune","alterego_mod:1TonWallop","alterego_mod:Maid","alterego_mod:Punishment","alterego_mod:TrickOrTreatment","alterego_mod:Mirror+1","alterego_mod:Birthday","alterego_mod:Rip","alterego_mod:BiFurious","alterego_mod:RocketPunch+1","alterego_mod:MagicResistance","alterego_mod:Rip"],"relics":["Runic Dome","Bottled Lightning","MawBank","ScarletDevilRocket","Replay:Rubber Ducky"],"acts_visited":["Exordium"],"potions_floor_usage":[13,13],"damage_taken":[{"damage":1,"enemies":"2 Louse","floor":1,"turns":4},{"damage":0,"enemies":"Cultist","floor":4,"turns":2},{"damage":11,"enemies":"Small Slimes","floor":5,"turns":3},{"damage":25,"enemies":"3 Sentries","floor":7,"turns":3},{"damage":0,"enemies":"Gremlin Nob","floor":10,"turns":1},{"damage":4,"enemies":"Red Slaver","floor":12,"turns":1},{"damage":10,"enemies":"Lagavulin","floor":13,"turns":5},{"damage":51,"enemies":"The Guardian","floor":16,"turns":8}],"seed_played":"3993272710636379744","potions_obtained":[{"floor":1,"key":"SpeedPotion"},{"floor":7,"key":"Weak Potion"}],"is_trial":false,"path_per_floor":["M","?","$","M","M","R","E","R","T","E","R","M","E","$","R","B"],"character_chosen":"The_Alterego","items_purchased":["alterego_mod:Mirror+1"],"campfire_rested":1,"item_purchase_floors":[3],"current_hp_per_floor":[69,69,69,69,60,60,37,37,37,37,37,33,25,25,46,0,0],"gold":252,"neow_bonus":"BOSS_RELIC","is_daily":false,"chose_seed":false,"campfire_upgraded":3,"win_rate":0.0,"timestamp":1610063326,"path_taken":["M","?","$","M","M","R","E","R","T","E","R","M","E","$","R","BOSS"],"items_purchased_type":["Card"],"build_version":"2020-12-22","purchased_purges":1,"victory":false,"max_hp_per_floor":[70,70,70,70,70,70,70,70,70,70,70,70,70,70,70,70,70],"card_choices":[{"not_picked":["alterego_mod:Bloomers","alterego_mod:RidiculouslyBig"],"picked":"alterego_mod:1TonWallop","floor":1},{"not_picked":["alterego_mod:Smother","alterego_mod:HighServant"],"picked":"alterego_mod:Birthday","floor":4},{"not_picked":["alterego_mod:TrashNCrash","alterego_mod:Belts"],"picked":"alterego_mod:Rip","floor":5},{"not_picked":["alterego_mod:BreastValley","alterego_mod:BusterCard"],"picked":"alterego_mod:BiFurious","floor":7},{"not_picked":["alterego_mod:HighServant","alterego_mod:Stockings"],"picked":"alterego_mod:RocketPunch","floor":10},{"not_picked":["alterego_mod:Cooking","alterego_mod:Table"],"picked":"alterego_mod:MagicResistance","floor":12},{"not_picked":["alterego_mod:Skirt","alterego_mod:Cycle"],"picked":"alterego_mod:Rip","floor":13}],"player_experience":753264,"relics_obtained":[{"floor":7,"key":"Bottled Lightning"},{"floor":9,"key":"MawBank"},{"floor":10,"key":"ScarletDevilRocket"},{"floor":13,"key":"Replay:Rubber Ducky"}],"event_choices":[],"is_beta":false,"boss_relics":[],"items_purged_floors":[3],"is_endless":false,"potions_floor_spawned":[1,7],"killed_by":"The Guardian","ascension_level":5}}