{"host":"ty2cix8xj6r3ad26","time":1610040687,"event":{"mods":["AchievementEnabler","BaseMod","BetterRewards","Minty Spire (QoL Compilation)","Replay The Spire","StSLib","SuperFastMode"],"gold_per_floor":[117,127,127,144,157,157,184,184,208,208,224,249,262,326,326,428,428,444,444,460,184,184,184,213,227,227,30,55,73,86,105,105,208,208,220,66,86,105,105,105,136,136,136,146,172,265,285,304,304,304,304,304,49,79,79],"floor_reached":56,"playtime":4276,"items_purged":["Strike_G","Defend_G","Strike_G","Strike_G","Strike_G"],"score":2267,"play_id":"ef1638a7-4972-4a28-98b8-7b9105dae2ba","local_time":"20210107193127","is_ascension_mode":true,"campfire_choices":[{"data":"Neutralize","floor":6,"key":"SMITH"},{"data":"Sadistic Nature","floor":8,"key":"SMITH"},{"data":"Prepared","floor":10,"key":"SMITH"},{"data":"Poison Darts","floor":15,"key":"SMITH"},{"data":"Burst","floor":23,"key":"SMITH"},{"floor":32,"key":"RECALL"},{"data":"Blur","floor":40,"key":"SMITH"},{"data":"Master of Strategy","floor":42,"key":"SMITH"},{"data":"Survivor","floor":49,"key":"SMITH"},{"data":"Toxin Wave","floor":52,"key":"SMITH"}],"circlet_count":0,"master_deck":["Defend_G","Defend_G","Defend_G","Defend_G","Survivor+1","Neutralize+1","Sadistic Nature+1","Prepared+1","Master of Strategy+1","Deadly Poison","Blur+1","Toxin Wave+1","Pot Of Greed+1","Pot Of Greed+1","Infinite Blades","Poison Darts+1","Burst+1","Sneak Up+1","ReplayTheSpireMod:Scrap Shanks+1","Footwork+1","Caltrops"],"relics":["Ring of the Snake","Lee\u0027s Waffle","Pondfish Scales","Vajra","Tingsha","Happy Flower","Grinning Jar","Blue Doll","Centennial Puzzle","HoveringKite","ClockworkSouvenir","Red Mask","Replay:Bottled Eggs","SlaversCollar","Membership Card","Kunai","Iron Hammer","Meat on the Bone","Pen Nib","Mummified Hand","The Specimen"],"acts_visited":["Exordium","TheCity","TheBeyond","TheEnding"],"potions_floor_usage":[2,7,24,44,50,54,55,55],"damage_taken":[{"damage":0,"enemies":"Small Slimes","floor":1,"turns":3},{"damage":0,"enemies":"Cultist","floor":2,"turns":3},{"damage":0,"enemies":"2 Louse","floor":4,"turns":2},{"damage":0,"enemies":"2 Fungi Beasts","floor":5,"turns":3},{"damage":0,"enemies":"Lagavulin","floor":7,"turns":5},{"damage":1,"enemies":"Exordium Thugs","floor":11,"turns":4},{"damage":8,"enemies":"3 Sentries","floor":12,"turns":5},{"damage":0,"enemies":"Looter","floor":13,"turns":2},{"damage":2,"enemies":"3 Sentries","floor":14,"turns":4},{"damage":5,"enemies":"Hexaghost","floor":16,"turns":6},{"damage":4,"enemies":"Shell Parasite","floor":18,"turns":2},{"damage":2,"enemies":"2 Thieves","floor":20,"turns":2},{"damage":0,"enemies":"Masked Bandits","floor":24,"turns":2},{"damage":0,"enemies":"Centurion and Healer","floor":25,"turns":3},{"damage":0,"enemies":"Slavers","floor":28,"turns":4},{"damage":0,"enemies":"Cultist and Chosen","floor":29,"turns":3},{"damage":0,"enemies":"Snake Plant","floor":30,"turns":2},{"damage":0,"enemies":"Snecko","floor":31,"turns":2},{"damage":0,"enemies":"Collector","floor":33,"turns":5},{"damage":0,"enemies":"Orb Walker","floor":35,"turns":3},{"damage":0,"enemies":"3 Darklings","floor":37,"turns":3},{"damage":0,"enemies":"Spire Growth","floor":38,"turns":3},{"damage":0,"enemies":"Giant Head","floor":41,"turns":5},{"damage":0,"enemies":"Jaw Worm Horde","floor":44,"turns":3},{"damage":0,"enemies":"Nemesis","floor":45,"turns":5},{"damage":0,"enemies":"Writhing Mass","floor":47,"turns":4},{"damage":0,"enemies":"Spire Growth","floor":48,"turns":3},{"damage":0,"enemies":"Donu and Deca","floor":50,"turns":7},{"damage":0,"enemies":"Shield and Spear","floor":54,"turns":4},{"damage":19,"enemies":"The Heart","floor":55,"turns":7}],"seed_played":"-6072397657344665693","potions_obtained":[{"floor":1,"key":"EntropicBrew"},{"floor":7,"key":"SpeedPotion"},{"floor":13,"key":"Strength Potion"},{"floor":16,"key":"Regen Potion"},{"floor":18,"key":"Poison Potion"},{"floor":28,"key":"Languid Potion"},{"floor":31,"key":"Elixir"},{"floor":45,"key":"Dexterity Potion"}],"is_trial":false,"path_per_floor":["M","M","?","M","M","R","E","R","T","R","M","E","M","?","R","B",null,"M","?","M","$","?","R","?","M","T","$","E","M","M","M","R","B",null,"M","$","M","M","?","R","E","R","T","M","E","?","M","M","R","B",null,"R","$","E","B",null],"character_chosen":"THE_SILENT","items_purchased":["Sadistic Nature","Lee\u0027s Waffle","Pondfish Scales","Vajra","Tingsha","Prepared","Master of Strategy","ClockworkSouvenir","ReplayTheSpireMod:Scrap Shanks+1","Membership Card","Mummified Hand","Languid Potion"],"campfire_rested":0,"item_purchase_floors":[0,0,0,0,0,0,0,21,27,36,53,53],"current_hp_per_floor":[77,77,77,77,77,77,77,77,77,77,76,68,68,66,66,61,73,69,69,67,67,67,67,67,67,67,67,67,67,67,67,67,67,75,75,75,75,75,73,73,73,73,73,73,73,55,55,55,55,55,69,69,69,69,50],"gold":79,"neow_bonus":"","is_daily":false,"chose_seed":false,"campfire_upgraded":9,"win_rate":0.0,"timestamp":1610040687,"path_taken":["M","M","?","M","M","R","E","R","T","R","?","E","M","?","R","BOSS","M","?","M","?","?","R","?","M","T","$","E","?","M","?","R","BOSS","M","$","M","?","?","R","E","R","T","M","E","?","?","M","R","BOSS","R","$","E","BOSS"],"items_purchased_type":["Card","Relic","Relic","Relic","Relic","Card","Card","Relic","Card","Relic","Relic","Potion"],"build_version":"2020-12-22","purchased_purges":5,"victory":true,"max_hp_per_floor":[77,77,77,77,77,77,77,77,77,77,77,77,77,77,77,77,77,77,77,77,77,77,77,77,77,77,77,77,77,77,77,77,77,77,77,77,77,77,73,73,73,73,73,73,73,73,73,73,73,73,73,73,73,73,73],"card_choices":[{"not_picked":["Sucker Punch","PiercingWail","Deflect"],"picked":"SKIP","floor":1},{"not_picked":["ReplayTheSpireMod:Shiv Toss","Slice"],"picked":"Deadly Poison","floor":2},{"not_picked":["Hidden Blade","Dagger Spray"],"picked":"Blur","floor":4},{"not_picked":["Escape Plan","Outmaneuver","Dagger Spray"],"picked":"SKIP","floor":5},{"not_picked":["Sucker Punch","Deflect"],"picked":"Toxin Wave","floor":7},{"not_picked":["Heel Hook","Endless Agony"],"picked":"Infinite Blades","floor":11},{"not_picked":["Predator","Acrobatics","Escape Plan"],"picked":"SKIP","floor":12},{"not_picked":["ReplayTheSpireMod:Shiv Toss","Backflip"],"picked":"Poison Darts","floor":13},{"not_picked":["Replay:Bag of Tricks","Adrenaline"],"picked":"Burst","floor":16},{"not_picked":["Flechettes","Predator+1","Deadly Poison"],"picked":"SKIP","floor":18},{"not_picked":["Deadly Poison+1","Quick Slash","Deflect+1"],"picked":"SKIP","floor":20},{"not_picked":["Hidden Blade+1","Dagger Throw"],"picked":"Sneak Up+1","floor":25},{"not_picked":["PiercingWail+1","Sucker Punch+1","Bane"],"picked":"SKIP","floor":28},{"not_picked":["Cloak And Dagger+1","ReplayTheSpireMod:Scrap Shanks","PiercingWail"],"picked":"SKIP","floor":29},{"not_picked":["ReplayTheSpireMod:The Works","All Out Attack","Terror"],"picked":"SKIP","floor":30},{"not_picked":["Slice+1","Leg Sweep","Acrobatics"],"picked":"SKIP","floor":31},{"not_picked":["Underhanded Strike+1","ReplayTheSpireMod:Exploit Weakness","Accuracy+1"],"picked":"SKIP","floor":35},{"not_picked":["Bouncing Flask+1","ReplayTheSpireMod:Exploit Weakness","Dagger Spray+1"],"picked":"SKIP","floor":37},{"not_picked":["Quick Slash+1","Draining Mist+1","Hidden Blade"],"picked":"SKIP","floor":38},{"not_picked":["Leg Sweep","Wraith Form v2","Blade Dance"],"picked":"SKIP","floor":41},{"not_picked":["ReplayTheSpireMod:Shiv Toss","Bane","Riddle With Holes"],"picked":"SKIP","floor":44},{"not_picked":["Skewer","Dagger Spray+1","Flying Knee"],"picked":"SKIP","floor":45},{"not_picked":["PiercingWail+1","Dagger Spray+1","Finisher+1"],"picked":"SKIP","floor":47},{"not_picked":["Poisoned Stab","Outmaneuver+1"],"picked":"Footwork+1","floor":48},{"not_picked":["Poison Darts","Quick Slash"],"picked":"Caltrops","floor":54}],"player_experience":447219,"relics_obtained":[{"floor":7,"key":"Happy Flower"},{"floor":9,"key":"Grinning Jar"},{"floor":12,"key":"Blue Doll"},{"floor":14,"key":"Centennial Puzzle"},{"floor":24,"key":"Red Mask"},{"floor":28,"key":"Replay:Bottled Eggs"},{"floor":41,"key":"Kunai"},{"floor":43,"key":"Iron Hammer"},{"floor":45,"key":"Meat on the Bone"},{"floor":46,"key":"Pen Nib"},{"floor":54,"key":"The Specimen"}],"event_choices":[{"cards_removed":["Strike_G"],"damage_healed":0,"gold_gain":0,"player_choice":"Purged","damage_taken":0,"max_hp_gain":0,"max_hp_loss":0,"event_name":"Purifier","floor":3,"gold_loss":0},{"damage_healed":0,"gold_gain":0,"player_choice":"Searched \u00271\u0027 times","damage_taken":0,"max_hp_gain":0,"max_hp_loss":0,"event_name":"Dead Adventurer","floor":14,"gold_loss":0},{"damage_healed":0,"gold_gain":0,"player_choice":"Got Potions","damage_taken":0,"max_hp_gain":0,"max_hp_loss":0,"event_name":"Lab","floor":19,"gold_loss":0},{"damage_healed":0,"gold_gain":0,"player_choice":"Ignored","damage_taken":0,"max_hp_gain":0,"max_hp_loss":0,"event_name":"Vampires","floor":22,"gold_loss":0},{"damage_healed":0,"gold_gain":0,"player_choice":"Fought Bandits","damage_taken":0,"max_hp_gain":0,"max_hp_loss":0,"event_name":"Masked Bandits","floor":24,"gold_loss":0},{"damage_healed":0,"gold_gain":0,"player_choice":"Max HP","damage_taken":0,"max_hp_gain":0,"max_hp_loss":4,"event_name":"Winding Halls","floor":39,"gold_loss":0}],"is_beta":false,"boss_relics":[{"not_picked":["Snecko Eye","Coffee Dripper"],"picked":"HoveringKite"},{"not_picked":["Astrolabe","Runic Pyramid"],"picked":"SlaversCollar"}],"items_purged_floors":[0,0,21,27,53],"is_endless":false,"potions_floor_spawned":[1,4,7,13,16,18,28,31,33,35,37,45,47,48],"ascension_level":9}}