{"host":"8pjvbxl6xo882v42","time":1610040274,"event":{"mods":["AchievementEnabler","BaseMod","Minty Spire (QoL Compilation)","StSLib","The Cursed"],"gold_per_floor":[109,109,125,5,19,46,64,78,78,78,112,112,131,158,158,262,262,277,290,290,215,215,215,249,249,273,287,387,419,44,62,62,161,161,173,188,63,78,78,103,103,113,113,140,157,7,33,33,33],"floor_reached":50,"playtime":3645,"items_purged":["Strike_B","Cold Snap","Defend_B","Defend_B"],"score":1235,"play_id":"6377f3fe-faca-4fde-a6ef-cea5161885a3","local_time":"20210107182434","is_ascension_mode":true,"campfire_choices":[{"floor":12.0,"key":"REST"},{"floor":15.0,"key":"DIG"},{"data":"Dualcast","floor":23.0,"key":"SMITH"},{"data":"Double Energy","floor":25.0,"key":"SMITH"},{"floor":32.0,"key":"DIG"},{"floor":41.0,"key":"RECALL"}],"circlet_count":0,"master_deck":["Strike_B","Defend_B","Defend_B","Zap+1","Dualcast+1","Gash","Beam Cell","Go for the Eyes","Beam Cell","BootSequence","Steam","Gash","Chill","Core Surge","Steam","Double Energy+1","Flash of Steel","Sadistic Nature","Steam","Beam Cell","Gash+1"],"relics":["Cracked Core","Torii","Kunai","Shovel","Darkstone Periapt","Unceasing Top","Boot","Nuclear Battery","MealTicket","Pocketwatch","Ancient Tea Set","Pear","Omamori","Toy Ornithopter","SacredBark","Thread and Needle","Ginger","Blood Vial","Oddly Smooth Stone"],"acts_visited":["Exordium","TheCity","TheBeyond"],"potions_floor_usage":[49],"damage_taken":[{"damage":0.0,"enemies":"2 Louse","floor":1.0,"turns":3.0},{"damage":1.0,"enemies":"Cultist","floor":3.0,"turns":3.0},{"damage":0.0,"enemies":"Small Slimes","floor":5.0,"turns":4.0},{"damage":13.0,"enemies":"Gremlin Nob","floor":6.0,"turns":3.0},{"damage":7.0,"enemies":"Exordium Thugs","floor":7.0,"turns":4.0},{"damage":9.0,"enemies":"2 Fungi Beasts","floor":8.0,"turns":3.0},{"damage":2.0,"enemies":"3 Sentries","floor":11.0,"turns":6.0},{"damage":0.0,"enemies":"Red Slaver","floor":13.0,"turns":3.0},{"damage":11.0,"enemies":"Lagavulin","floor":14.0,"turns":7.0},{"damage":1.0,"enemies":"The Guardian","floor":16.0,"turns":11.0},{"damage":0.0,"enemies":"Spheric Guardian","floor":18.0,"turns":4.0},{"damage":0.0,"enemies":"Shell Parasite","floor":19.0,"turns":2.0},{"damage":1.0,"enemies":"Slavers","floor":24.0,"turns":7.0},{"damage":0.0,"enemies":"Snake Plant","floor":27.0,"turns":2.0},{"damage":0.0,"enemies":"Colosseum Slavers","floor":28.0,"turns":2.0},{"damage":0.0,"enemies":"Colosseum Nobs","floor":28.0,"turns":3.0},{"damage":0.0,"enemies":"Gremlin Leader","floor":29.0,"turns":2.0},{"damage":0.0,"enemies":"Cultist and Chosen","floor":31.0,"turns":2.0},{"damage":0.0,"enemies":"Collector","floor":33.0,"turns":2.0},{"damage":0.0,"enemies":"Orb Walker","floor":35.0,"turns":1.0},{"damage":0.0,"enemies":"3 Darklings","floor":36.0,"turns":2.0},{"damage":0.0,"enemies":"Maw","floor":38.0,"turns":3.0},{"damage":0.0,"enemies":"Giant Head","floor":40.0,"turns":2.0},{"damage":0.0,"enemies":"Transient","floor":42.0,"turns":5.0},{"damage":0,"enemies":"Reptomancer","floor":44,"turns":3},{"damage":0,"enemies":"4 Shapes","floor":45,"turns":1},{"damage":0,"enemies":"Nemesis","floor":47,"turns":1},{"damage":2,"enemies":"Time Eater","floor":49,"turns":6}],"seed_played":"4729943356606602290","potions_obtained":[{"floor":5.0,"key":"Swift Potion"},{"floor":6.0,"key":"SteroidPotion"},{"floor":8.0,"key":"Energy Potion"},{"floor":13.0,"key":"Dexterity Potion"},{"floor":18.0,"key":"FairyPotion"},{"floor":24.0,"key":"BlessingOfTheForge"},{"floor":35.0,"key":"FairyPotion"},{"floor":38.0,"key":"Strength Potion"}],"is_trial":false,"path_per_floor":["M","?","M","$","M","E","M","M","T","?","E","R","M","E","R","B",null,"M","M","?","?","?","R","E","R","T","M","?","E","$","M","R","B",null,"M","M","$","M","?","E","R","M","T","E","M","$","E","?","B",null],"character_chosen":"DEFECT","items_purchased":["Go for the Eyes","Flash of Steel","Sadistic Nature"],"campfire_rested":1,"item_purchase_floors":[4,30,30],"current_hp_per_floor":[50,50,49,49,49,36,29,20,20,20,18,40,40,29,29,28,63,63,63,49,49,49,49,48,48,48,48,58,58,73,73,73,73,86,86,86,90,90,85,85,85,85,85,85,85,85,85,85,83],"gold":33,"neow_bonus":"ONE_RARE_RELIC","is_daily":false,"chose_seed":false,"campfire_upgraded":2,"win_rate":0.0,"timestamp":1610040274,"path_taken":["M","?","?","?","M","E","M","M","T","?","E","R","M","E","R","BOSS","M","M","?","?","?","R","E","R","T","?","?","E","?","M","R","BOSS","M","M","$","M","?","E","R","M","T","E","M","$","E","?","BOSS"],"items_purchased_type":["Card","Card","Card"],"build_version":"2020-12-22","purchased_purges":4,"victory":true,"max_hp_per_floor":[75,75,75,75,75,75,75,75,75,75,75,75,75,75,75,75,75,75,75,80,80,80,80,80,80,80,80,90,90,90,90,90,90,90,90,90,90,90,85,85,85,85,85,85,85,85,85,85,85],"card_choices":[{"not_picked":["Compile Driver","Redo"],"picked":"Gash","floor":1.0},{"not_picked":["Melter","Streamline"],"picked":"Beam Cell","floor":3.0},{"not_picked":["Self Repair","Capacitor"],"picked":"Beam Cell","floor":5.0},{"not_picked":["Coolheaded","Loop"],"picked":"BootSequence","floor":6.0},{"not_picked":["Compile Driver","Aggregate"],"picked":"Cold Snap","floor":7.0},{"not_picked":["Redo","Echo Form"],"picked":"Steam","floor":8.0},{"not_picked":["Hello World","Turbo"],"picked":"Gash","floor":11.0},{"not_picked":["Double Energy","Steam"],"picked":"Chill","floor":13.0},{"not_picked":["Force Field","Sweeping Beam","Tempest"],"picked":"SKIP","floor":14.0},{"not_picked":["Creative AI","Thunder Strike"],"picked":"Core Surge","floor":16.0},{"not_picked":["Coolheaded","Cold Snap","Leap"],"picked":"SKIP","floor":18.0},{"not_picked":["Conserve Battery+1","Streamline"],"picked":"Steam","floor":19.0},{"not_picked":["Buffer","Steam"],"picked":"Double Energy","floor":24.0},{"not_picked":["Coolheaded","Cold Snap","Sweeping Beam"],"picked":"SKIP","floor":27.0},{"not_picked":["Turbo","Sunder","Compile Driver"],"picked":"SKIP","floor":29.0},{"not_picked":["Storm","Darkness","Compile Driver"],"picked":"SKIP","floor":31.0},{"not_picked":["Consume","Coolheaded+1","Turbo+1"],"picked":"SKIP","floor":35.0},{"not_picked":["Hologram","Conserve Battery+1"],"picked":"Steam","floor":36.0},{"not_picked":["Conserve Battery+1","Barrage"],"picked":"Beam Cell","floor":38.0},{"not_picked":["Fission","Rip and Tear+1","Static Discharge"],"picked":"SKIP","floor":40.0},{"not_picked":["Genetic Algorithm+1","Coolheaded+1","Rip and Tear"],"picked":"SKIP","floor":42.0},{"not_picked":["Rebound+1","Skim","Blizzard+1"],"picked":"SKIP","floor":44},{"not_picked":["Conserve Battery","Steam"],"picked":"Gash+1","floor":45},{"not_picked":["Heatsinks","Conserve Battery","Auto Shields+1"],"picked":"SKIP","floor":47}],"player_experience":273137,"relics_obtained":[{"floor":6.0,"key":"Kunai"},{"floor":9.0,"key":"Shovel"},{"floor":11.0,"key":"Darkstone Periapt"},{"floor":14.0,"key":"Unceasing Top"},{"floor":15.0,"key":"Boot"},{"floor":22.0,"key":"MealTicket"},{"floor":24.0,"key":"Pocketwatch"},{"floor":26.0,"key":"Ancient Tea Set"},{"floor":28.0,"key":"Pear"},{"floor":29.0,"key":"Omamori"},{"floor":32.0,"key":"Toy Ornithopter"},{"floor":40.0,"key":"Thread and Needle"},{"floor":43.0,"key":"Ginger"},{"floor":44,"key":"Blood Vial"},{"floor":47,"key":"Oddly Smooth Stone"}],"event_choices":[{"cards_removed":["Strike_B"],"damage_healed":0.0,"max_hp_gain":0.0,"max_hp_loss":0.0,"gold_gain":0.0,"event_name":"Bonfire Elementals","player_choice":"Offered Basic","floor":2.0,"gold_loss":0.0,"damage_taken":0.0},{"damage_healed":0.0,"max_hp_gain":0.0,"max_hp_loss":0.0,"gold_gain":0.0,"event_name":"Upgrade Shrine","player_choice":"Upgraded","floor":10.0,"gold_loss":0.0,"damage_taken":0.0,"cards_upgraded":["Zap"]},{"damage_healed":0.0,"max_hp_gain":5.0,"max_hp_loss":0.0,"gold_gain":0.0,"event_name":"Forgotten Altar","player_choice":"Shed Blood","floor":20.0,"gold_loss":0.0,"damage_taken":19.0},{"cards_removed":["Strike_B"],"damage_healed":0.0,"max_hp_gain":0.0,"max_hp_loss":0.0,"gold_gain":0.0,"event_name":"Beggar","player_choice":"Gave Gold","floor":21.0,"gold_loss":75.0,"damage_taken":0.0},{"damage_healed":0.0,"max_hp_gain":0.0,"max_hp_loss":0.0,"gold_gain":0.0,"event_name":"Wheel of Change","player_choice":"Relic","floor":22.0,"gold_loss":0.0,"damage_taken":0.0},{"damage_healed":0.0,"max_hp_gain":0.0,"max_hp_loss":0.0,"gold_gain":0.0,"event_name":"Colosseum","player_choice":"Fight","floor":28.0,"gold_loss":0.0,"damage_taken":0.0},{"damage_healed":0.0,"max_hp_gain":0.0,"max_hp_loss":0.0,"gold_gain":0.0,"event_name":"Colosseum","player_choice":"Fought Nobs","floor":28.0,"gold_loss":0.0,"damage_taken":0.0},{"damage_healed":0.0,"max_hp_gain":0.0,"max_hp_loss":5.0,"gold_gain":0.0,"event_name":"Winding Halls","player_choice":"Max HP","floor":39.0,"gold_loss":0.0,"damage_taken":0.0},{"damage_healed":0,"gold_gain":0,"player_choice":"Took Portal","damage_taken":0,"max_hp_gain":0,"max_hp_loss":0,"event_name":"SecretPortal","floor":48,"gold_loss":0}],"is_beta":false,"boss_relics":[{"not_picked":["Runic Pyramid","SlaversCollar"],"picked":"Nuclear Battery"},{"not_picked":["Fusion Hammer","FrozenCore"],"picked":"SacredBark"}],"items_purged_floors":[4,30,37,46],"is_endless":false,"potions_floor_spawned":[5,6,8,13,18,24,35,38,45],"ascension_level":7}}