{"host":"2lo6hma6kymb0g9i","time":1610043328,"event":{"mods":["BaseMod","Colored Map","DeckTracker","Minty Spire (QoL Compilation)"],"gold_per_floor":[116,116,41,58,58,58,89,89,89,89,89,102,120,136,136,236,236,252,152,179,179,197,227,239,258,334,334,334,348,79,4,4,107,107,126,126,126,126,145,145,145,145,169,181,191,100,111,125,125,125],"floor_reached":51,"playtime":3538,"items_purged":["Pain","Reprogram","Zap"],"score":820,"play_id":"7ed1e954-183a-41f8-8237-4584df56d3d9","local_time":"20210108031528","is_ascension_mode":true,"campfire_choices":[{"data":"Redo","floor":6,"key":"SMITH"},{"data":"Hologram","floor":15,"key":"SMITH"},{"data":"Defragment","floor":28,"key":"SMITH"},{"data":"Multi-Cast","floor":32,"key":"SMITH"},{"floor":40,"key":"REST"},{"floor":42,"key":"RECALL"},{"floor":49,"key":"REST"}],"circlet_count":0,"master_deck":["Dualcast","Redo+1","Skim","Hologram+1","BootSequence","Machine Learning","Defragment+1","Multi-Cast+1","Machine Learning","Double Energy","Rainbow","Leap","Self Repair+1","Gash","Skim+1","Darkness","Defragment+1","Seek","All For One","Hologram+1","Stack+1","Capacitor","Conserve Battery"],"relics":["Cracked Core","NeowsBlessing","WarpedTongs","Emotion Chip","Anchor","Akabeko","Pandora\u0027s Box","Red Mask","Mercury Hourglass","Kunai","Chemical X","Fusion Hammer","Bronze Scales"],"acts_visited":["Exordium","TheCity","TheBeyond"],"potions_floor_usage":[13,20,22,23,37,37,37,37,50],"damage_taken":[{"damage":0,"enemies":"Small Slimes","floor":1,"turns":1},{"damage":0,"enemies":"Cultist","floor":4,"turns":1},{"damage":0,"enemies":"Gremlin Nob","floor":7,"turns":1},{"damage":0,"enemies":"Jaw Worm","floor":12,"turns":2},{"damage":0,"enemies":"Blue Slaver","floor":13,"turns":2},{"damage":0,"enemies":"Large Slime","floor":14,"turns":3},{"damage":19,"enemies":"The Guardian","floor":16,"turns":12},{"damage":9,"enemies":"Shell Parasite","floor":18,"turns":3},{"damage":11,"enemies":"Masked Bandits","floor":20,"turns":3},{"damage":0,"enemies":"Chosen","floor":22,"turns":4},{"damage":18,"enemies":"Gremlin Leader","floor":23,"turns":4},{"damage":18,"enemies":"Snecko","floor":24,"turns":3},{"damage":0,"enemies":"Shelled Parasite and Fungi","floor":25,"turns":3},{"damage":14,"enemies":"3 Cultists","floor":29,"turns":4},{"damage":6,"enemies":"Collector","floor":33,"turns":5},{"damage":8,"enemies":"3 Darklings","floor":35,"turns":3},{"damage":18,"enemies":"2 Orb Walkers","floor":37,"turns":3},{"damage":0,"enemies":"3 Shapes","floor":39,"turns":3},{"damage":0,"enemies":"Transient","floor":44,"turns":5},{"damage":0,"enemies":"Spire Growth","floor":45,"turns":2},{"damage":3,"enemies":"Writhing Mass","floor":47,"turns":4},{"damage":19,"enemies":"Transient","floor":48,"turns":5},{"damage":27,"enemies":"Time Eater","floor":50,"turns":5}],"seed_played":"2504195584422342508","potions_obtained":[{"floor":4,"key":"FearPotion"},{"floor":12,"key":"Fruit Juice"},{"floor":13,"key":"EntropicBrew"},{"floor":16,"key":"FearPotion"},{"floor":18,"key":"FocusPotion"},{"floor":20,"key":"Block Potion"},{"floor":22,"key":"Fire Potion"},{"floor":24,"key":"Dexterity Potion"},{"floor":33,"key":"BlessingOfTheForge"},{"floor":41,"key":"BlessingOfTheForge"},{"floor":41,"key":"AttackPotion"}],"is_trial":false,"path_per_floor":["M","?","$","M","T","R","E","$","T","?","$","M","M","M","R","B",null,"M","$","?","?","M","E","M","M","T","?","R","M","$","?","R","B",null,"M","?","?","$","M","R","?","R","T","M","M","$","M","M","R","B",null],"character_chosen":"DEFECT","items_purchased":["Chemical X","Capacitor","Conserve Battery"],"campfire_rested":2,"item_purchase_floors":[30,46,46],"current_hp_per_floor":[75,75,75,75,75,75,75,75,75,75,75,75,80,80,80,61,80,71,71,60,60,70,62,54,54,54,54,54,50,50,50,50,44,80,72,72,54,54,64,80,80,80,80,80,80,80,77,58,80,53],"gold":125,"neow_bonus":"THREE_ENEMY_KILL","is_daily":false,"chose_seed":false,"campfire_upgraded":4,"win_rate":0.0,"timestamp":1610043328,"path_taken":["M","?","?","M","?","R","E","?","T","?","?","M","M","M","R","BOSS","M","?","?","?","?","E","M","M","T","?","R","M","$","?","R","BOSS","M","?","?","?","M","R","?","R","T","M","M","$","M","?","R","BOSS"],"items_purchased_type":["Relic","Card","Card"],"build_version":"2020-12-22","purchased_purges":3,"victory":true,"max_hp_per_floor":[75,75,75,75,75,75,75,75,75,75,75,75,80,80,80,80,80,80,80,80,80,80,80,80,80,80,80,80,80,80,80,80,80,80,80,80,80,80,80,80,80,80,80,80,80,80,80,80,80,80],"card_choices":[{"not_picked":["Rebound","Leap"],"picked":"Redo","floor":1},{"not_picked":["FTL","Ball Lightning"],"picked":"Skim","floor":4},{"not_picked":["Hello World","Double Energy","Sweeping Beam"],"picked":"SKIP","floor":7},{"not_picked":["Leap","Gash"],"picked":"Hologram","floor":12},{"not_picked":["Barrage","Redo"],"picked":"BootSequence","floor":13},{"not_picked":["Rebound","Multi-Cast","Cold Snap"],"picked":"SKIP","floor":14},{"not_picked":["Fission","All For One"],"picked":"Machine Learning","floor":16},{"not_picked":["Barrage","Hologram"],"picked":"Leap","floor":18},{"not_picked":["Redo","Beam Cell"],"picked":"Self Repair+1","floor":20},{"not_picked":["Leap","Genetic Algorithm+1"],"picked":"Gash","floor":22},{"not_picked":["Sweeping Beam+1","Scrape"],"picked":"Skim+1","floor":23},{"not_picked":["Skim","Rip and Tear"],"picked":"Darkness","floor":24},{"not_picked":["Go for the Eyes+1","Stack"],"picked":"Defragment+1","floor":25},{"not_picked":["Leap","Beam Cell+1"],"picked":"Seek","floor":29},{"not_picked":["Multi-Cast","Machine Learning"],"picked":"All For One","floor":33},{"not_picked":["Coolheaded","Ball Lightning","Blizzard+1"],"picked":"SKIP","floor":35},{"not_picked":["Static Discharge+1","Steam+1"],"picked":"Hologram+1","floor":39},{"not_picked":["Streamline+1","Recycle+1"],"picked":"Stack+1","floor":44},{"not_picked":["Stack","Redo","Sweeping Beam"],"picked":"SKIP","floor":45},{"not_picked":["Hologram","Gash+1","Biased Cognition"],"picked":"SKIP","floor":47},{"not_picked":["Hello World+1","Sweeping Beam+1","Ball Lightning"],"picked":"SKIP","floor":48}],"player_experience":949316,"relics_obtained":[{"floor":5,"key":"Emotion Chip"},{"floor":7,"key":"Anchor"},{"floor":9,"key":"Akabeko"},{"floor":20,"key":"Red Mask"},{"floor":23,"key":"Mercury Hourglass"},{"floor":26,"key":"Kunai"},{"floor":43,"key":"Bronze Scales"}],"event_choices":[{"damage_healed":0,"gold_gain":0,"player_choice":"Rummage","damage_taken":0,"relics_obtained":["WarpedTongs"],"max_hp_gain":0,"max_hp_loss":0,"event_name":"Accursed Blacksmith","floor":2,"gold_loss":0,"cards_obtained":["Pain"]},{"damage_healed":0,"gold_gain":0,"player_choice":"Ignored","damage_taken":0,"max_hp_gain":0,"max_hp_loss":0,"event_name":"Liars Game","floor":10,"gold_loss":0},{"damage_healed":0,"gold_gain":0,"player_choice":"Fought Bandits","damage_taken":0,"max_hp_gain":0,"max_hp_loss":0,"event_name":"Masked Bandits","floor":20,"gold_loss":0},{"damage_healed":0,"gold_gain":0,"player_choice":"0 cards matched","damage_taken":0,"max_hp_gain":0,"max_hp_loss":0,"event_name":"Match and Keep!","floor":21,"gold_loss":0,"cards_obtained":[]},{"damage_healed":0,"gold_gain":0,"player_choice":"Ignored","damage_taken":0,"max_hp_gain":0,"max_hp_loss":0,"event_name":"Ghosts","floor":27,"gold_loss":0},{"cards_removed":["Meteor Strike"],"damage_healed":0,"gold_gain":0,"player_choice":"Gave Gold","damage_taken":0,"max_hp_gain":0,"max_hp_loss":0,"event_name":"Beggar","floor":31,"gold_loss":75},{"cards_removed":["Tempest"],"damage_healed":0,"gold_gain":0,"player_choice":"Removed Skill","damage_taken":0,"max_hp_gain":0,"max_hp_loss":0,"event_name":"Falling","floor":36,"gold_loss":0},{"damage_healed":0,"gold_gain":0,"player_choice":"Fight","damage_taken":0,"max_hp_gain":0,"max_hp_loss":0,"event_name":"Mysterious Sphere","floor":37,"gold_loss":0},{"damage_healed":0,"gold_gain":0,"player_choice":"Got Potions","damage_taken":0,"max_hp_gain":0,"max_hp_loss":0,"event_name":"Lab","floor":41,"gold_loss":0}],"is_beta":false,"boss_relics":[{"not_picked":["SacredBark","Runic Pyramid"],"picked":"Pandora\u0027s Box"},{"not_picked":["Coffee Dripper","Velvet Choker"],"picked":"Fusion Hammer"}],"items_purged_floors":[3,19,30],"is_endless":false,"potions_floor_spawned":[4,12,13,16,18,20,22,24,33,37,47],"ascension_level":4}}