{"host":"pno9h1fupbyz205f","time":1610057863,"event":{"mods":["Aspiration","BaseMod","Better Altar","Better Match","Better Note","Better Sensory Stone","Better Skull","Better Third Choice","Colored Map","Colored Powertips","Hubris","Infinite Spire","Jedi Mod","Mad Scientist","Marisa????????","Minty Spire (QoL Compilation)","Permanent Neow","Potionbrewer","Replay The Spire","Shop Mod","StSLib","Td1madao Mod","The Blackbeard","The Gatherer","The Hierophant","The Poker Player","The Runesmith","The Servant 0.9.4","thorton","vexMod"],"gold_per_floor":[113,188,188,198,209,226,226,226,226,226,226,26,45,75,98,98,98,217,217,250,250,280,280,338,338,354,414,414,414,414,414,414,414,414,590,590,686,686,770,862,862,862,989,989,989,290,250,250,250,295,295,295],"floor_reached":52,"playtime":1847,"items_purged":["blackbeard:Cutlass+1","blackbeard:BlackbeardStrike","blackbeard:BlackbeardDefend","blackbeard:BlackbeardDefend"],"score":819,"play_id":"7071d908-762a-4c30-9891-109acf65b4ab","local_time":"20210107141743","is_ascension_mode":false,"campfire_choices":[{"data":"blackbeard:Cutlass","floor":7,"key":"SMITH"},{"data":"blackbeard:Rum","floor":10,"key":"SMITH"},{"floor":17,"key":"REST"},{"data":"blackbeard:ReapersScythe","floor":25,"key":"SMITH"},{"data":"blackbeard:CaptainsHat","floor":29,"key":"SMITH"},{"data":"blackbeard:Anchor","floor":31,"key":"SMITH"},{"data":"Trip","floor":34,"key":"SMITH"},{"data":"blackbeard:PiratesWill","floor":42,"key":"SMITH"},{"floor":44,"key":"REST"},{"data":"Pot Of Greed","floor":49,"key":"SMITH"}],"circlet_count":0,"master_deck":["blackbeard:BlackbeardStrike","blackbeard:IntimidatingStrike","blackbeard:BlackbeardDefend+1","blackbeard:BlackbeardDefend","blackbeard:Anchor+1","blackbeard:Rum+1","blackbeard:RearmingStrike","blackbeard:ReapersScythe+1","blackbeard:BlindAttacks","blackbeard:BuriedTreasure","blackbeard:CaptainsHat+1","blackbeard:Provisioning+1","blackbeard:Bandana+1","blackbeard:BlindAttacks","blackbeard:BlindAttacks+1","blackbeard:TacticalRetreat+1","Trip+1","blackbeard:Halberd+1","blackbeard:WiseDefense","blackbeard:DeadlyArsenal+1","blackbeard:PiratesWill+1","Pot Of Greed+1","Pot Of Greed","blackbeard:Shrapnel"],"relics":["blackbeard:LoadTheGoldenCannons","Ring of Peace","jedi:shrinkray","thethorton:BottledFunds","hubris:Teleporter","vexMod:ScavengeHelm","Unceasing Top","infinitespire:EvilPickle","hubris:Towel","Toy Ornithopter","jedi:cryingmask","MerchantsRug","Grinning Jar","Iron Hammer"],"acts_visited":["Exordium","TheCity","TheBeyond"],"potions_floor_usage":[5,6,22,24,26,26,26,27,35,35,35,35,37,40,40,43,52],"damage_taken":[{"damage":0,"enemies":"Jaw Worm","floor":1,"turns":4},{"damage":1,"enemies":"Small Slimes","floor":4,"turns":4},{"damage":0,"enemies":"infinitespire:Voidling","floor":5,"turns":5},{"damage":0,"enemies":"Exordium Wildlife","floor":6,"turns":5},{"damage":1,"enemies":"3 Louse","floor":13,"turns":5},{"damage":15,"enemies":"Gremlin Nob","floor":14,"turns":4},{"damage":6,"enemies":"The Guardian","floor":18,"turns":7},{"damage":0,"enemies":"2 Thieves","floor":20,"turns":4},{"damage":0,"enemies":"Chosen","floor":22,"turns":3},{"damage":13,"enemies":"Sentry and Sphere","floor":24,"turns":5},{"damage":0,"enemies":"Centurion and Healer","floor":26,"turns":2},{"damage":0,"enemies":"Book of Stabbing","floor":27,"turns":3},{"damage":3,"enemies":"Pondfish","floor":35,"turns":9},{"damage":13,"enemies":"3 Darklings","floor":37,"turns":5},{"damage":0,"enemies":"Orb Walker","floor":39,"turns":2},{"damage":0,"enemies":"Maw","floor":40,"turns":4},{"damage":22,"enemies":"Nightmare","floor":43,"turns":6},{"damage":103,"enemies":"infinitespire:MassOfShapes","floor":52,"turns":10}],"seed_played":"1834723828039402028","potions_obtained":[{"floor":4,"key":"ColorlessPotion"},{"floor":5,"key":"jedi:StrikingPotion"},{"floor":20,"key":"jedi:mysterypotion"},{"floor":35,"key":"SpeedPotion"},{"floor":37,"key":"SmokeBomb"}],"is_trial":false,"path_per_floor":["M","?","?","M","M","M","R","PTL","PTL","R","T","$","M","E","T","?","R","B",null,"M","AVR","M","?","M","R","M","E","T","R","?","R","?","?","R","B",null,"M","?","M","M","?","R","NM","R","T","$","?","R","R_BF","B"],"character_chosen":"BLACKBEARD_CLASS","items_purchased":["blackbeard:ReapersScythe","MerchantsRug","Grinning Jar","Iron Hammer","blackbeard:Shrapnel"],"campfire_rested":2,"item_purchase_floors":[12,46,46,46,46],"current_hp_per_floor":[75,64,64,63,63,63,63,63,63,63,63,63,62,47,47,47,69,63,75,75,75,75,75,62,62,62,62,62,62,62,62,62,62,62,59,75,62,62,62,62,62,62,40,62,62,62,62,62,75,0,0,0],"gold":295,"neow_bonus":"REMOVE_CARD","is_daily":false,"chose_seed":false,"campfire_upgraded":8,"win_rate":0.0,"timestamp":1610057863,"path_taken":["M","?","?","M","?","M","R","PTL","PTL","R","T","$","?","E","?","?","R","BOSS","M","AVR","M","?","?","R","M","E","T","R","?","R","?","?","R","BOSS","M","?","M","?","?","R","NM","R","T","$","?","R","R_BF","BOSS"],"items_purchased_type":["Card","Relic","Relic","Relic","Card"],"build_version":"2020-12-22","purchased_purges":4,"victory":false,"max_hp_per_floor":[75,75,75,75,75,75,75,75,75,75,75,75,75,75,75,75,75,75,75,75,75,75,75,75,75,75,75,75,75,75,75,75,75,75,75,75,75,75,75,75,75,75,75,75,75,75,75,75,75,75,75,75],"card_choices":[{"not_picked":["blackbeard:WiseDefense","blackbeard:FishingNets","blackbeard:ChaoticDefense"],"picked":"SKIP","floor":1},{"not_picked":["blackbeard:GoldenDefense","blackbeard:BrownPants"],"picked":"blackbeard:Anchor","floor":4},{"not_picked":["blackbeard:DeadlyArsenal","blackbeard:Spear"],"picked":"blackbeard:Rum","floor":5},{"not_picked":["blackbeard:PirateHook","blackbeard:GoldenDefense"],"picked":"blackbeard:RearmingStrike","floor":6},{"not_picked":["blackbeard:Toast","blackbeard:GoldenStrike"],"picked":"blackbeard:BlindAttacks","floor":13},{"not_picked":["blackbeard:Toast","blackbeard:Spear","blackbeard:InfiniteBarrage"],"picked":"SKIP","floor":14},{"not_picked":["blackbeard:FinalBarrage","blackbeard:TheDrunkenSailor"],"picked":"blackbeard:CaptainsHat","floor":18},{"not_picked":["blackbeard:FieryDefense","blackbeard:ArmorUp"],"picked":"blackbeard:Provisioning+1","floor":20},{"not_picked":["blackbeard:TerrorOfTheSeas","blackbeard:JollyRoger"],"picked":"blackbeard:Bandana+1","floor":22},{"not_picked":["blackbeard:Spear","blackbeard:GhostInTheRum+1"],"picked":"blackbeard:BlindAttacks","floor":24},{"not_picked":["blackbeard:GhostInTheRum","blackbeard:DelayedPain"],"picked":"blackbeard:TacticalRetreat","floor":26},{"not_picked":["blackbeard:RearmingStrike","blackbeard:FieryDefense","blackbeard:Spear"],"picked":"SKIP","floor":27},{"not_picked":["Jack Of All Trades","Enlightenment"],"picked":"Trip","floor":32},{"not_picked":["blackbeard:Murder","blackbeard:CaptainsHat"],"picked":"blackbeard:Halberd","floor":35},{"not_picked":["blackbeard:GoldenCannonball","blackbeard:Revenge+1"],"picked":"blackbeard:WiseDefense","floor":37},{"not_picked":["blackbeard:BlindAttacks+1","blackbeard:BeatUp"],"picked":"blackbeard:DeadlyArsenal+1","floor":39},{"not_picked":["blackbeard:Toast","blackbeard:InfiniteBarrage+1"],"picked":"blackbeard:PiratesWill","floor":40},{"not_picked":["blackbeard:DeadlyArsenal","blackbeard:GoldenStrike+1","blackbeard:Spear"],"picked":"SKIP","floor":43}],"player_experience":109752,"relics_obtained":[{"floor":3,"key":"Ring of Peace"},{"floor":11,"key":"MawBank"},{"floor":14,"key":"infinitespire:Eraser"},{"floor":15,"key":"jedi:shrinkray"},{"floor":27,"key":"vexMod:ScavengeHelm"},{"floor":28,"key":"Unceasing Top"},{"floor":43,"key":"Toy Ornithopter"},{"floor":45,"key":"jedi:cryingmask"}],"event_choices":[{"damage_healed":0,"gold_gain":75,"player_choice":"Gold","damage_taken":11,"max_hp_gain":0,"max_hp_loss":0,"event_name":"betterThird:BetterGoop","floor":2,"gold_loss":0},{"damage_healed":0,"gold_gain":0,"cards_transformed":["blackbeard:BlackbeardStrike"],"player_choice":"Transformed","damage_taken":0,"max_hp_gain":0,"max_hp_loss":0,"event_name":"Transmorgrifier","floor":16,"gold_loss":0,"cards_obtained":["blackbeard:BuriedTreasure"]},{"damage_healed":0,"gold_gain":0,"player_choice":"Copied","damage_taken":0,"max_hp_gain":0,"max_hp_loss":0,"event_name":"Duplicator","floor":23,"gold_loss":0,"cards_obtained":["blackbeard:BlindAttacks"]},{"cards_removed":["blackbeard:CaptainsHat"],"damage_healed":0,"gold_gain":0,"player_choice":"Give","damage_taken":0,"max_hp_gain":0,"max_hp_loss":0,"event_name":"betterNote:BetterNote","floor":30,"gold_loss":0,"cards_obtained":["blackbeard:Cutlass"]},{"damage_healed":0,"gold_gain":0,"player_choice":"1","damage_taken":0,"max_hp_gain":0,"max_hp_loss":0,"event_name":"betterMatch:BetterMatch","floor":32,"gold_loss":0,"cards_obtained":["betterMatch:ColorlessUncommonCard"]},{"damage_healed":0,"gold_gain":0,"player_choice":"Ignored","damage_taken":0,"max_hp_gain":0,"max_hp_loss":0,"event_name":"Ghosts","floor":33,"gold_loss":0},{"damage_healed":0,"gold_gain":0,"player_choice":"Upgraded","damage_taken":0,"max_hp_gain":0,"max_hp_loss":0,"event_name":"Upgrade Shrine","floor":38,"gold_loss":0,"cards_upgraded":["blackbeard:Halberd"]},{"damage_healed":0,"gold_gain":0,"player_choice":"Upgraded Two","damage_taken":0,"max_hp_gain":0,"max_hp_loss":0,"event_name":"Designer","floor":47,"gold_loss":40,"cards_upgraded":["blackbeard:BlindAttacks","blackbeard:BlackbeardDefend"]}],"is_beta":false,"boss_relics":[{"not_picked":["hubris:GrandSneckoEye","Velvet Choker"],"picked":"thethorton:BottledFunds"},{"not_picked":["infinitespire:Cupcake","aspiration:RunicSpoon"],"picked":"blackbeard:LoadTheGoldenCannons"}],"items_purged_floors":[12,21,46,46],"is_endless":true,"potions_floor_spawned":[4,5,20,35,37],"killed_by":"infinitespire:MassOfShapes","ascension_level":0}}