{"host":"qekv59dthhdg54sz","time":1610004410,"event":{"mods":["AchievementEnabler","BaseMod","Colored Map","DeckTracker","KOR Keyword Fix","Minty Spire (QoL Compilation)","Rare Cards Sparkle","StSLib","SuperFastMode"],"gold_per_floor":[116,134,134,153,166,166,166,10,36,36,60,60,79,94,94,185,185,210,234,234,234],"floor_reached":20,"playtime":588,"items_purged":["Strike_G"],"score":336,"play_id":"a495d991-1c31-4600-8bc8-0abcb206bb47","local_time":"20210107162650","is_ascension_mode":true,"campfire_choices":[{"data":"The Bomb","floor":6.0,"key":"SMITH"},{"data":"Acrobatics","floor":12,"key":"SMITH"},{"data":"Backflip","floor":15,"key":"SMITH"}],"circlet_count":0,"master_deck":["AscendersBane","Strike_G","Strike_G","Strike_G","Strike_G","Defend_G","Defend_G","Defend_G","Defend_G","Defend_G","Survivor","Neutralize","The Bomb+1","PiercingWail","Backflip+1","Footwork","Acrobatics+1","Well Laid Plans","Dagger Throw","After Image","Reflex"],"relics":["Ring of the Snake","Golden Idol","Oddly Smooth Stone","Bag of Marbles","HoveringKite"],"acts_visited":["Exordium","TheCity"],"potions_floor_usage":[16,16],"damage_taken":[{"damage":1.0,"enemies":"2 Louse","floor":1.0,"turns":4.0},{"damage":1.0,"enemies":"Small Slimes","floor":2.0,"turns":6.0},{"damage":9.0,"enemies":"Jaw Worm","floor":4.0,"turns":6.0},{"damage":1.0,"enemies":"Looter","floor":5.0,"turns":5.0},{"damage":0,"enemies":"Blue Slaver","floor":11,"turns":8},{"damage":8,"enemies":"Exordium Wildlife","floor":13,"turns":3},{"damage":5,"enemies":"Large Slime","floor":14,"turns":6},{"damage":30,"enemies":"The Guardian","floor":16,"turns":11},{"damage":7,"enemies":"Spheric Guardian","floor":18,"turns":6},{"damage":12,"enemies":"2 Thieves","floor":19,"turns":5},{"damage":16,"enemies":"Cultist and Chosen","floor":20,"turns":5}],"seed_played":"7885946832605664939","potions_obtained":[{"floor":1.0,"key":"Energy Potion"},{"floor":4.0,"key":"SteroidPotion"},{"floor":13,"key":"Regen Potion"}],"is_trial":false,"path_per_floor":["M","M","?","M","M","R","?","$","T","?","M","R","M","M","R","B",null,"M","M","M"],"character_chosen":"THE_SILENT","items_purchased":["Well Laid Plans"],"campfire_rested":0,"item_purchase_floors":[8],"current_hp_per_floor":[43,42,42,33,32,32,32,32,32,32,32,32,24,19,19,4,46,39,27,11,11],"gold":234,"neow_bonus":"RANDOM_COLORLESS_2","is_daily":false,"chose_seed":true,"campfire_upgraded":3,"win_rate":0.0,"timestamp":1610004410,"path_taken":["M","M","?","M","M","R","?","?","T","?","M","R","?","M","R","BOSS","M","M","M"],"items_purchased_type":["Card"],"build_version":"2020-12-22","purchased_purges":1,"victory":false,"max_hp_per_floor":[66,66,60,60,60,60,60,60,60,60,60,60,60,60,60,60,60,60,60,60,60],"card_choices":[{"not_picked":["Sadistic Nature","Mayhem"],"picked":"The Bomb","floor":0.0},{"not_picked":["Bane","Dodge and Roll"],"picked":"PiercingWail","floor":1.0},{"not_picked":["Dagger Spray","Underhanded Strike"],"picked":"Backflip","floor":2.0},{"not_picked":["Venomology","All Out Attack"],"picked":"Footwork","floor":4.0},{"not_picked":["Bane","Finisher"],"picked":"Acrobatics","floor":5.0},{"not_picked":["Dodge and Roll","Sucker Punch","Acrobatics"],"picked":"SKIP","floor":11},{"not_picked":["Skewer","PiercingWail"],"picked":"Dagger Throw","floor":13},{"not_picked":["Acrobatics","Infinite Blades","Footwork"],"picked":"SKIP","floor":14},{"not_picked":["Glass Knife","Malaise"],"picked":"After Image","floor":16},{"not_picked":["Finisher","All Out Attack","Quick Slash+1"],"picked":"SKIP","floor":18},{"not_picked":["Dodge and Roll","Caltrops"],"picked":"Reflex","floor":19}],"player_experience":762420,"relics_obtained":[{"floor":9.0,"key":"Oddly Smooth Stone"}],"event_choices":[{"damage_healed":0.0,"max_hp_gain":0.0,"max_hp_loss":6.0,"gold_gain":0.0,"event_name":"Golden Idol","player_choice":"Lose Max HP","floor":3.0,"gold_loss":0.0,"damage_taken":0.0,"relics_obtained":["Golden Idol"]},{"damage_healed":0.0,"max_hp_gain":0.0,"max_hp_loss":0.0,"gold_gain":0.0,"event_name":"Scrap Ooze","player_choice":"Fled","floor":7.0,"gold_loss":0.0,"damage_taken":0.0},{"damage_healed":0,"gold_gain":0,"player_choice":"Searched \u00271\u0027 times","damage_taken":0,"relics_obtained":["Bag of Marbles"],"max_hp_gain":0,"max_hp_loss":0,"event_name":"Dead Adventurer","floor":10,"gold_loss":0}],"is_beta":false,"boss_relics":[{"not_picked":["Calling Bell","Ectoplasm"],"picked":"HoveringKite"}],"items_purged_floors":[8],"is_endless":false,"potions_floor_spawned":[1,4,13,14],"killed_by":"Cultist and Chosen","ascension_level":20}}