{"host":"qheym18ww6mhskxf","time":1610056514,"event":{"mods":["BaseMod","CapriCore","Friendly Minions","GungeonMod","KOR Keyword Fix","Kiyohime£¨?ýï£©","Minty Spire (QoL Compilation)","Prisma Mod","Quick Restart","RRrroohrrRGHHhhh!!","Rare Cards Sparkle","Shop Mod","Spicy Shops","StSLib","Td1madao Mod","Username Fix"],"gold_per_floor":[109,109,34,54,54,54,54,54],"floor_reached":7,"playtime":64,"items_purged":["KiyohimeMod:Shapeshift"],"score":129,"play_id":"a83542d3-aaee-4860-9513-c40cf3da7a0e","local_time":"20210108065514","daily_mods":["Time Dilation","DeadlyEvents","Elite Swarm"],"is_ascension_mode":true,"campfire_choices":[{"data":"PrismaMod:IllyaUncommonDefend","floor":6.0,"key":"SMITH"}],"circlet_count":0,"master_deck":["KiyohimeMod:Strike","KiyohimeMod:Strike","KiyohimeMod:Strike","KiyohimeMod:Strike","KiyohimeMod:Defend","KiyohimeMod:Defend","KiyohimeMod:Defend","KiyohimeMod:Defend","KiyohimeMod:Track","KiyohimeMod:FlameKiss","PrismaMod:IllyaUncommonDefend+1"],"relics":["Unceasing Top","DemoMod:GlassGuonStoneRelic"],"acts_visited":["Exordium"],"potions_floor_usage":[],"damage_taken":[{"damage":0.0,"enemies":"Jaw Worm","floor":1.0,"turns":1.0},{"damage":0.0,"enemies":"Cultist","floor":4.0,"turns":2.0},{"damage":0,"enemies":"3 Sentries","floor":7,"turns":1}],"seed_played":"8944092368610254697","potions_obtained":[],"is_trial":true,"path_per_floor":["M","?","$","M","$","R","E"],"character_chosen":"Kiyohime","items_purchased":[],"campfire_rested":0,"item_purchase_floors":[],"current_hp_per_floor":[1,1,1,1,1,1,1,1],"gold":54,"neow_bonus":"","is_daily":false,"chose_seed":false,"campfire_upgraded":1,"win_rate":0.0,"timestamp":1610056514,"path_taken":["M","?","$","M","$","R","?"],"items_purchased_type":[],"build_version":"2020-12-22","purchased_purges":1,"victory":false,"max_hp_per_floor":[1,1,1,1,1,1,1,1],"card_choices":[{"not_picked":["PrismaMod:IllyaHassanGift","PrismaMod:IllyaGrailKun"],"picked":"PrismaMod:IllyaUncommonDefend","floor":1.0},{"not_picked":["PrismaMod:IllyaPoisonBlock","PrismaMod:IllyaCheapChannelPoison","PrismaMod:IllyaPoisonTippedWeapons"],"picked":"SKIP","floor":4.0}],"player_experience":568025,"relics_obtained":[],"event_choices":[{"damage_healed":0.0,"max_hp_gain":0.0,"max_hp_loss":0.0,"gold_gain":0.0,"event_name":"FaceTrader","player_choice":"Leave","floor":2.0,"gold_loss":0.0,"damage_taken":0.0}],"is_beta":false,"boss_relics":[],"items_purged_floors":[3],"is_endless":true,"potions_floor_spawned":[],"killed_by":"3 Sentries","ascension_level":9}}