{"host":"na09lpbrez4gbfiz","time":1610012843,"event":{"mods":["Act Like it!","BaseMod","BetterRewards","Colored Map","Colored Powertips","DeckTracker","Googly Eyes","Highlight Path","Minty Spire (QoL Compilation)","Quick Restart","Spicy Shops","StSLib","SuperFastMode","Synergy Search"],"gold_per_floor":[115,131,56,231,231,256,206,58,58,70,97,134,157,183,195,311,323,350,373,310,322,344,356,123,123,123,155,155,169,180,211,211,211,211],"floor_reached":33,"playtime":907,"items_purged":["Strike_G","Strike_G"],"score":465,"play_id":"e454c13e-6149-458c-ba3b-d4792d1a2b2e","local_time":"20210107104723","is_ascension_mode":true,"campfire_choices":[{"floor":15.0,"key":"REST"},{"floor":23.0,"key":"REST"},{"floor":25.0,"key":"REST"},{"floor":28.0,"key":"REST"},{"floor":32.0,"key":"REST"}],"circlet_count":0,"master_deck":["AscendersBane","Defend_G","Defend_G+1","Defend_G","Defend_G","Defend_G","Survivor+1","Neutralize","Dagger Spray","Corpse Explosion","Setup","Burst","Expertise+1","Distraction+1","Cloak And Dagger","Backstab+1","Backstab+1","Crippling Poison","Envenom","Bullet Time","Cloak And Dagger","Cloak And Dagger","Backstab","Accuracy"],"relics":["Ring of the Snake","NeowsBlessing","Boot","Letter Opener","Strange Spoon","MawBank","Pantograph","Astrolabe","Orrery","Pear","Ninja Scroll","Red Mask"],"acts_visited":["Exordium","TheCity"],"potions_floor_usage":[33,33],"damage_taken":[{"damage":0.0,"enemies":"Small Slimes","floor":1.0,"turns":1.0},{"damage":0.0,"enemies":"2 Louse","floor":2.0,"turns":1.0},{"damage":0.0,"enemies":"Gremlin Nob","floor":6.0,"turns":1.0},{"damage":0.0,"enemies":"Cultist","floor":11.0,"turns":4.0},{"damage":15.0,"enemies":"3 Sentries","floor":12.0,"turns":5.0},{"damage":10.0,"enemies":"3 Louse","floor":13.0,"turns":2.0},{"damage":0.0,"enemies":"2 Fungi Beasts","floor":14.0,"turns":2.0},{"damage":63.0,"enemies":"Hexaghost","floor":16.0,"turns":12.0},{"damage":17.0,"enemies":"2 Thieves","floor":18.0,"turns":4.0},{"damage":7.0,"enemies":"3 Byrds","floor":19.0,"turns":3.0},{"damage":26.0,"enemies":"Snake Plant","floor":22.0,"turns":4.0},{"damage":39.0,"enemies":"Gremlin Leader","floor":27.0,"turns":7.0},{"damage":2.0,"enemies":"Snecko","floor":29.0,"turns":4.0},{"damage":16.0,"enemies":"Sentry and Sphere","floor":30.0,"turns":4.0},{"damage":1.0,"enemies":"Masked Bandits","floor":31.0,"turns":3.0},{"damage":76,"enemies":"Collector","floor":33,"turns":6}],"seed_played":"-3708197752006195977","potions_obtained":[{"floor":2.0,"key":"AttackPotion"},{"floor":10.0,"key":"FearPotion"},{"floor":10.0,"key":"SteroidPotion"},{"floor":13.0,"key":"GamblersBrew"},{"floor":16.0,"key":"BlessingOfTheForge"},{"floor":22.0,"key":"Strength Potion"},{"floor":27.0,"key":"Poison Potion"},{"floor":29.0,"key":"Poison Potion"},{"floor":31.0,"key":"AttackPotion"}],"is_trial":false,"path_per_floor":["M","M","$","?","?","E","?","$","T","?","M","E","M","M","R","B",null,"M","M","?","?","M","R","$","R","T","E","R","M","M","?","R","B"],"character_chosen":"THE_SILENT","items_purchased":["Boot","Strange Spoon","Orrery"],"campfire_rested":5,"item_purchase_floors":[3,8,24],"current_hp_per_floor":[63,63,63,63,49,49,49,49,49,49,49,34,24,24,45,7,54,37,30,30,30,4,25,25,46,56,17,41,39,23,22,46,0,0],"gold":211,"neow_bonus":"THREE_ENEMY_KILL","is_daily":false,"chose_seed":false,"campfire_upgraded":0,"win_rate":0.0,"timestamp":1610012843,"path_taken":["M","M","$","?","?","E","?","$","T","?","?","E","M","M","R","BOSS","M","M","?","?","?","R","?","R","T","E","R","M","M","?","R","BOSS"],"items_purchased_type":["Relic","Relic","Relic"],"build_version":"2020-12-22","purchased_purges":2,"victory":false,"max_hp_per_floor":[70,70,70,70,70,70,70,70,70,70,70,70,70,70,70,70,70,70,70,70,70,70,70,70,70,80,80,80,80,80,80,80,80,80],"card_choices":[{"not_picked":["Bane","Backflip","Underhanded Strike"],"picked":"SKIP","floor":1.0},{"not_picked":["Calculated Gamble","Bane","Deflect"],"picked":"SKIP","floor":2.0},{"not_picked":["Skewer","Deflect"],"picked":"Dagger Spray","floor":6.0},{"not_picked":["Blur","Masterful Stab","Deflect"],"picked":"SKIP","floor":11.0},{"not_picked":["Concentrate","Endless Agony"],"picked":"Corpse Explosion","floor":12.0},{"not_picked":["Finisher","Flying Knee","Dodge and Roll"],"picked":"SKIP","floor":13.0},{"not_picked":["Deflect","Bane"],"picked":"Setup","floor":14.0},{"not_picked":["Night Terror","Die Die Die"],"picked":"Burst","floor":16.0},{"not_picked":["Dagger Spray+1","Dodge and Roll"],"picked":"Cloak And Dagger","floor":18.0},{"not_picked":["Bane","Leg Sweep+1"],"picked":"Backstab+1","floor":19.0},{"not_picked":["Prepared","Outmaneuver","Flechettes"],"picked":"SKIP","floor":22.0},{"not_picked":["Dagger Throw+1","Escape Plan"],"picked":"Crippling Poison","floor":24.0},{"not_picked":["Prepared+1","Slice"],"picked":"Envenom","floor":24.0},{"not_picked":["Backflip","Phantasmal Killer"],"picked":"Bullet Time","floor":24.0},{"not_picked":["Slice","PiercingWail"],"picked":"Cloak And Dagger","floor":24.0},{"not_picked":["Slice","Outmaneuver"],"picked":"Cloak And Dagger","floor":24.0},{"not_picked":["Flying Knee+1","Underhanded Strike+1","Sucker Punch"],"picked":"SKIP","floor":27.0},{"not_picked":["Acrobatics","Setup","Malaise"],"picked":"SKIP","floor":29.0},{"not_picked":["Choke+1","Dodge and Roll"],"picked":"Backstab","floor":30.0},{"not_picked":["Poisoned Stab","Outmaneuver"],"picked":"Accuracy","floor":31.0}],"player_experience":164635,"relics_obtained":[{"floor":6.0,"key":"Letter Opener"},{"floor":9.0,"key":"MawBank"},{"floor":12.0,"key":"Pantograph"},{"floor":26.0,"key":"Pear"},{"floor":27.0,"key":"Ninja Scroll"},{"floor":31.0,"key":"Red Mask"}],"event_choices":[{"damage_healed":0.0,"max_hp_gain":0.0,"max_hp_loss":0.0,"gold_gain":175.0,"event_name":"Liars Game","player_choice":"AGREE","floor":4.0,"gold_loss":0.0,"damage_taken":0.0,"cards_obtained":["Doubt"]},{"damage_healed":0.0,"max_hp_gain":0.0,"max_hp_loss":0.0,"gold_gain":0.0,"event_name":"Shining Light","player_choice":"Entered Light","floor":5.0,"gold_loss":0.0,"damage_taken":14.0,"cards_upgraded":["Defend_G","Survivor"]},{"cards_removed":["Doubt"],"damage_healed":0.0,"max_hp_gain":0.0,"max_hp_loss":0.0,"gold_gain":0.0,"event_name":"The Cleric","player_choice":"Card Removal","floor":7.0,"gold_loss":50.0,"damage_taken":0.0},{"damage_healed":0.0,"max_hp_gain":0.0,"max_hp_loss":0.0,"gold_gain":0.0,"event_name":"Lab","player_choice":"Got Potions","floor":10.0,"gold_loss":0.0,"damage_taken":0.0},{"cards_removed":["Expertise"],"damage_healed":0.0,"max_hp_gain":0.0,"max_hp_loss":0.0,"gold_gain":0.0,"event_name":"Beggar","player_choice":"Gave Gold","floor":20.0,"gold_loss":75.0,"damage_taken":0.0},{"damage_healed":0.0,"max_hp_gain":0.0,"max_hp_loss":0.0,"gold_gain":0.0,"event_name":"Duplicator","player_choice":"Copied","floor":21.0,"gold_loss":0.0,"damage_taken":0.0,"cards_obtained":["Backstab"]},{"damage_healed":0.0,"max_hp_gain":0.0,"max_hp_loss":0.0,"gold_gain":0.0,"event_name":"Masked Bandits","player_choice":"Fought Bandits","floor":31.0,"gold_loss":0.0,"damage_taken":0.0}],"is_beta":false,"boss_relics":[{"not_picked":["Coffee Dripper","Empty Cage"],"picked":"Astrolabe"}],"items_purged_floors":[8,24],"is_endless":false,"potions_floor_spawned":[2,13,14,16,22,27,29,31],"killed_by":"Collector","ascension_level":11}}