{"host":"mm0v83pkg2fvsdgl","time":1610046269,"event":{"mods":["2.2 Compatiblity","Alarm Clock","AlwaysNeverKeys","BaseMod","Beaked The Cultist","Bestiary","Better Altar","Better Match","Better Note","Better Sensory Stone","Better Silent Start","Better Third Choice","Clawfect","Displayed Cursed Tome","Energized Spire","Friendly Minions","Highlight Path","Ironclad Rager","Keyboard Shortcuts","Lotus Mark","Marisa????????","Marked Mod","Mimic Mod","Minty Spire (QoL Compilation)","Permanent Neow","Railgun Mod","Remove Card Discount Mod","Shade Mod","Somnambulant","Spicy Shops","StSLib","Swap Starting Deck Mod","The Construct","The Disciple","The Dragon Tamer","The Hierophant","TheHeartMod","TheVacant","Transform Curses","Unceasing Turn Reminder","Wandering Minibosses"],"gold_per_floor":[110,110,121,121,38,38,50,62,94,127,147,147,147,175,175,276,276,288,328,343,77,2,29,29,61,87,103,103,29,46,46,46,141,191,209,209,221,68,107,71,71,97,133,167,167,167,178,178,178],"floor_reached":48,"playtime":3150,"items_purged":["Decay","Injury","Flex","Anger","Normality"],"score":771,"play_id":"db9b885a-c436-447a-9305-142b76609eef","local_time":"20210107140429","is_ascension_mode":true,"campfire_choices":[{"data":"Armaments","floor":6,"key":"SMITH"},{"data":"True Grit","floor":12,"key":"SMITH"},{"data":"Heavy Blade","floor":15,"key":"SMITH"},{"data":"Demon Form","floor":24,"key":"SMITH"},{"data":"Body Slam","floor":32,"key":"SMITH"},{"data":"Demon Form","floor":46,"key":"SMITH"}],"circlet_count":0,"master_deck":["Twin Strike","Twin Strike+1","Twin Strike+1","Twin Strike","Rage","Rage","Rage","Rage","True Grit+1","Armaments+1","Heavy Blade+1","Evolve","Metallicize","Demon Form+1","Metallicize+1","Anger+1","Body Slam+1","Insight+1","Demon Form+1","Metallicize","Demon Form+1","Demon Form+1","Rage","Metallicize","Shame"],"relics":["Burning Blood","PreservedInsect","Paper Frog","Blood Vial","energizedSpire:CursedPentagram","HornCleat","Membership Card","Kunai","Cauldron","ClockworkSouvenir","Strawberry","Pen Nib","Art of War","Smiling Mask","Tiny Chest","Tiny House","DollysMirror","HandDrill","Prayer Wheel","Ancient Tea Set","Whetstone","Dream Catcher"],"acts_visited":["Exordium","TheCity","TheBeyond"],"potions_floor_usage":[33,44],"damage_taken":[{"damage":0,"enemies":"Small Slimes","floor":1,"turns":2},{"damage":0,"enemies":"2 Louse","floor":3,"turns":1},{"damage":0,"enemies":"Cultist","floor":7,"turns":3},{"damage":0,"enemies":"2 Fungi Beasts","floor":8,"turns":3},{"damage":0,"enemies":"Red Slaver","floor":9,"turns":5},{"damage":2,"enemies":"Gremlin Nob","floor":10,"turns":3},{"damage":0,"enemies":"Red Slaver","floor":11,"turns":2},{"damage":11,"enemies":"3 Sentries","floor":14,"turns":4},{"damage":15,"enemies":"The Guardian","floor":16,"turns":12},{"damage":6,"enemies":"Shell Parasite","floor":18,"turns":5},{"damage":4,"enemies":"3 Byrds","floor":19,"turns":6},{"damage":0,"enemies":"3 Byrds","floor":20,"turns":6},{"damage":26,"enemies":"Slavers","floor":23,"turns":4},{"damage":13,"enemies":"Gremlin Leader","floor":25,"turns":6},{"damage":5,"enemies":"Snake Plant","floor":27,"turns":5},{"damage":10,"enemies":"Sentry and Sphere","floor":30,"turns":6},{"damage":59,"enemies":"Champ","floor":33,"turns":9},{"damage":5,"enemies":"Orb Walker","floor":35,"turns":3},{"damage":4,"enemies":"3 Shapes","floor":37,"turns":5},{"damage":4,"enemies":"Sphere and 2 Shapes","floor":39,"turns":5},{"damage":45,"enemies":"beaked:SuperParasite","floor":42,"turns":6},{"damage":11,"enemies":"Sphere and 2 Shapes","floor":43,"turns":5},{"damage":71,"enemies":"Reptomancer","floor":44,"turns":5},{"damage":14,"enemies":"Sphere and 2 Shapes","floor":47,"turns":7},{"damage":12,"enemies":"4 Shapes","floor":48,"turns":1}],"seed_played":"9004979228722682894","potions_obtained":[{"floor":1,"key":"Ancient Potion"},{"floor":8,"key":"LiquidBronze"},{"floor":10,"key":"Swift Potion"},{"floor":11,"key":"SkillPotion"},{"floor":21,"key":"FairyPotion"},{"floor":21,"key":"AttackPotion"},{"floor":33,"key":"Fire Potion"},{"floor":44,"key":"Block Potion"},{"floor":47,"key":"Regen Potion"}],"is_trial":false,"path_per_floor":["M","?","M","?","$","R","M","M","MIM","E","M","R","?","E","R","B",null,"M","MIM","M","$","$","E","R","E","T","M","?","$","M","?","R","B",null,"M","?","M","$","MIM","$","?","E","MIM","E","?","R","M","M"],"character_chosen":"IRONCLAD","items_purchased":["Armaments","Membership Card","Kunai","Cauldron","Metallicize","ClockworkSouvenir","Tiny Chest","DollysMirror","HandDrill","Ancient Tea Set"],"campfire_rested":0,"item_purchase_floors":[5,21,21,21,21,22,29,38,38,40],"current_hp_per_floor":[46,46,52,52,52,52,58,64,70,74,80,80,80,75,75,68,80,80,80,80,80,80,67,67,62,62,65,65,65,63,63,63,12,92,92,92,92,92,92,92,92,53,50,16,16,16,10,0,0],"gold":178,"neow_bonus":"","is_daily":false,"chose_seed":false,"campfire_upgraded":6,"win_rate":0.0,"timestamp":1610046269,"path_taken":["M","?","M","?","$","R","M","M","MIM","E","M","R","?","E","R","BOSS","M","?","M","?","$","E","R","E","T","M","?","$","?","?","R","BOSS","M","?","M","$","?","$","?","E","MIM","E","?","R","M","M"],"items_purchased_type":["Card","Relic","Relic","Relic","Card","Relic","Relic","Relic","Relic","Relic"],"build_version":"2020-12-22","purchased_purges":5,"victory":false,"max_hp_per_floor":[80,80,80,80,80,80,80,80,80,80,80,80,80,80,80,80,80,80,80,80,80,80,87,87,87,87,87,87,87,87,87,87,87,92,92,92,92,92,92,92,92,92,92,92,92,92,92,92,92],"card_choices":[{"not_picked":["Disarm","Cleave"],"picked":"True Grit","floor":1},{"not_picked":["Hemokinesis","Bloodletting","True Grit"],"picked":"SKIP","floor":3},{"not_picked":["Power Through","Ghostly Armor","Armaments"],"picked":"SKIP","floor":7},{"not_picked":["Warcry","Clash"],"picked":"Heavy Blade","floor":8},{"not_picked":["Warcry","Dark Embrace"],"picked":"Evolve","floor":10},{"not_picked":["Perfected Strike","Pommel Strike","Clash"],"picked":"SKIP","floor":11},{"not_picked":["Twin Strike","Hemokinesis"],"picked":"Metallicize","floor":14},{"not_picked":["Reaper","Limit Break"],"picked":"Demon Form","floor":16},{"not_picked":["Clothesline","Heavy Blade","Dropkick"],"picked":"SKIP","floor":18},{"not_picked":["Headbutt","Flex","Clash"],"picked":"SKIP","floor":20},{"not_picked":["Rupture+1","Uppercut","Blood for Blood"],"picked":"SKIP","floor":23},{"not_picked":["Inflame","Rupture"],"picked":"Anger+1","floor":25},{"not_picked":["Iron Wave","Sword Boomerang"],"picked":"Body Slam","floor":27},{"not_picked":["Power Through+1","Hemokinesis","Cleave"],"picked":"SKIP","floor":30},{"not_picked":["Juggernaut","Offering"],"picked":"Demon Form","floor":33},{"not_picked":["Flex","Perfected Strike+1","Clothesline"],"picked":"SKIP","floor":35},{"not_picked":["Iron Wave","Armaments"],"picked":"Metallicize","floor":37},{"not_picked":["Iron Wave+1","Feel No Pain","Wild Strike"],"picked":"SKIP","floor":42},{"not_picked":["Shrug It Off+1","Sword Boomerang"],"picked":"Rage","floor":43},{"not_picked":["Clash+1","Shrug It Off+1","Anger"],"picked":"SKIP","floor":44},{"not_picked":["Berserk","Wild Strike"],"picked":"Metallicize","floor":47},{"not_picked":["Power Through+1","Heavy Blade","Dual Wield+1"],"picked":"SKIP","floor":47}],"player_experience":655654,"relics_obtained":[{"floor":9,"key":"PreservedInsect"},{"floor":10,"key":"Paper Frog"},{"floor":14,"key":"Blood Vial"},{"floor":19,"key":"HornCleat"},{"floor":23,"key":"Strawberry"},{"floor":25,"key":"Pen Nib"},{"floor":26,"key":"Art of War"},{"floor":39,"key":"Prayer Wheel"},{"floor":42,"key":"Whetstone"},{"floor":44,"key":"Dream Catcher"}],"event_choices":[{"damage_healed":0,"gold_gain":0,"player_choice":"Ignored","damage_taken":0,"max_hp_gain":0,"max_hp_loss":0,"event_name":"Golden Wing","floor":2,"gold_loss":0},{"damage_healed":0,"gold_gain":0,"player_choice":"Cursed","damage_taken":0,"max_hp_gain":0,"max_hp_loss":0,"event_name":"Wheel of Change","floor":4,"gold_loss":0,"cards_obtained":["Decay"]},{"damage_healed":0,"gold_gain":0,"player_choice":"Bought 0 Potions","damage_taken":0,"max_hp_gain":0,"max_hp_loss":0,"event_name":"The Woman in Blue","floor":13,"gold_loss":0},{"damage_healed":0,"gold_gain":0,"player_choice":"Opened","damage_taken":0,"relics_obtained":["Smiling Mask"],"max_hp_gain":0,"max_hp_loss":0,"event_name":"The Mausoleum","floor":28,"gold_loss":0},{"damage_healed":0,"gold_gain":0,"player_choice":"Insight","damage_taken":1,"max_hp_gain":0,"max_hp_loss":0,"event_name":"betterThird:BetterWriting","floor":31,"gold_loss":0,"cards_obtained":["Insight"]},{"damage_healed":0,"gold_gain":0,"player_choice":"Ignored","damage_taken":0,"max_hp_gain":0,"max_hp_loss":0,"event_name":"Tomb of Lord Red Mask","floor":36,"gold_loss":0},{"damage_healed":0,"gold_gain":0,"player_choice":"Copied","damage_taken":0,"max_hp_gain":0,"max_hp_loss":0,"event_name":"Duplicator","floor":41,"gold_loss":0,"cards_obtained":["Demon Form"]},{"damage_healed":0,"gold_gain":0,"player_choice":"2","damage_taken":0,"max_hp_gain":0,"max_hp_loss":0,"event_name":"betterMatch:BetterMatch","floor":45,"gold_loss":0,"cards_obtained":["betterMatch:UncommonCard"]}],"is_beta":false,"boss_relics":[{"not_picked":["Pandora\u0027s Box","Runic Pyramid"],"picked":"energizedSpire:CursedPentagram"},{"not_picked":["Empty Cage","Astrolabe"],"picked":"Tiny House"}],"items_purged_floors":[5,21,21,29,38],"is_endless":false,"potions_floor_spawned":[1,8,10,11,14,20,25,33,42,44,47],"killed_by":"4 Shapes","ascension_level":4}}