{"host":"8i4doyxqctgl5qb0","time":1610054103,"event":{"mods":["AchievementEnabler","BaseMod","Block Reminder","Colored Powertips","Downfall","Marisa£®ÏF”Í°°ƒß¿Ì…≥£©","Minty Spire (QoL Compilation)","Permanent Neow","Potion Indicator Mod","Rare Cards Sparkle","StSLib","SuperFastMode"],"gold_per_floor":[99,116,136,19,37,37,37,73,99,137,134,146,158,204,230,242,242,242],"floor_reached":16,"playtime":591,"items_purged":[],"score":110,"play_id":"5787150b-6151-43ca-aac2-492a1ca58464","local_time":"20210108051503","is_ascension_mode":false,"campfire_choices":[{"data":"Slimebound:Split","floor":1.0,"key":"SMITH"},{"floor":6.0,"key":"RECALL"},{"data":"Slimebound:DuplicatedForm","floor":13.0,"key":"SMITH"}],"circlet_count":0,"master_deck":["Slimebound:Strike_Slimebound","Slimebound:Strike_Slimebound","Slimebound:Strike_Slimebound","Slimebound:Tackle","Slimebound:Defend_Slimebound","Slimebound:Defend_Slimebound","Slimebound:Defend_Slimebound","Slimebound:Split+1","Slimebound:CorrosiveSpit","Slimebound:RejuvenatingLick","Slimebound:SplitLeeching","Slimebound:Gluttony","Slimebound:ProtectTheBoss","Slimebound:LevelUp","Slimebound:Equalize","Slimebound:WasteNot","Slimebound:DuplicatedForm+1","Slimebound:SplitLeeching","Slimebound:SplitBruiser"],"relics":["Slimebound:AbsorbEndCombat","Ancient Tea Set","MawBank","Odd Mushroom","Blue Candle","Bottled Flame"],"acts_visited":["Exordium"],"potions_floor_usage":[16],"damage_taken":[{"damage":0.0,"enemies":"2 Louse","floor":2.0,"turns":2.0},{"damage":16.0,"enemies":"Small Slimes","floor":3.0,"turns":2.0},{"damage":13.0,"enemies":"downfall:FleeingMerchant","floor":4.0,"turns":4.0},{"damage":19.0,"enemies":"Jaw Worm","floor":5.0,"turns":3.0},{"damage":28.0,"enemies":"The Mushroom Lair","floor":8.0,"turns":4.0},{"damage":23.0,"enemies":"Large Slime","floor":9.0,"turns":5.0},{"damage":27.0,"enemies":"Lagavulin","floor":10.0,"turns":6.0},{"damage":23.0,"enemies":"downfall:FleeingMerchant","floor":11.0,"turns":4.0},{"damage":45,"enemies":"Gremlin Nob","floor":14,"turns":5},{"damage":22,"enemies":"Red Slaver","floor":15,"turns":4},{"damage":51,"enemies":"downfall:Defect","floor":16,"turns":4}],"seed_played":"443794662862980756","potions_obtained":[{"floor":2.0,"key":"GamblersBrew"},{"floor":5.0,"key":"PowerPotion"}],"is_trial":false,"path_per_floor":["R","M","M","$","M","R","T","?","M","E","$","?","R","E","M","B"],"character_chosen":"SLIMEBOUND","items_purchased":["FairyPotion"],"campfire_rested":0,"item_purchase_floors":[4],"current_hp_per_floor":[60,60,56,60,57,57,57,50,47,48,47,47,47,22,16,0,0,0],"gold":242,"neow_bonus":"RANDOM_COMMON_RELIC","is_daily":false,"chose_seed":false,"campfire_upgraded":2,"win_rate":0.0,"timestamp":1610054103,"path_taken":["R","M","M","$","M","R","T","?","M","E","$","?","R","E","M","BOSS"],"items_purchased_type":["Potion"],"build_version":"2020-12-22","purchased_purges":0,"victory":false,"max_hp_per_floor":[60,60,60,60,60,60,60,60,60,60,60,60,60,60,60,60,60,60],"card_choices":[{"not_picked":["Slimebound:BestDefense","Slimebound:LeechEnergy"],"picked":"Slimebound:RejuvenatingLick","floor":2.0},{"not_picked":["Slimebound:LeechEnergy","Slimebound:GoopTackle"],"picked":"Slimebound:SplitLeeching","floor":3.0},{"not_picked":["Slimebound:SlimeSpikes","Slimebound:Schlurp"],"picked":"Slimebound:Gluttony","floor":4.0},{"not_picked":["Slimebound:Nibble","Slimebound:RainOfGoop"],"picked":"Slimebound:ProtectTheBoss","floor":5.0},{"not_picked":["Slimebound:FlameTackle","Slimebound:LeechEnergy"],"picked":"Slimebound:LevelUp","floor":8.0},{"not_picked":["Slimebound:SlimeTap","Slimebound:ProtectTheBoss"],"picked":"Slimebound:Equalize","floor":9.0},{"not_picked":["Slimebound:ComboTackle","Slimebound:GrowthPunch"],"picked":"Slimebound:WasteNot","floor":10.0},{"not_picked":["Slimebound:RollThrough","Slimebound:PressTheAttack"],"picked":"Slimebound:DuplicatedForm","floor":11.0},{"not_picked":["Slimebound:Equalize","Slimebound:ComboTackle"],"picked":"Slimebound:SplitLeeching","floor":14},{"not_picked":["Slimebound:PressTheAttack","Slimebound:Schlurp"],"picked":"Slimebound:SplitBruiser","floor":15}],"player_experience":118346,"relics_obtained":[{"floor":7.0,"key":"MawBank"},{"floor":8.0,"key":"Odd Mushroom"},{"floor":10.0,"key":"Blue Candle"},{"floor":14,"key":"Bottled Flame"}],"event_choices":[{"damage_healed":0.0,"max_hp_gain":0.0,"max_hp_loss":0.0,"gold_gain":0.0,"event_name":"Mushrooms","player_choice":"Fought Mushrooms","floor":8.0,"gold_loss":0.0,"damage_taken":0.0},{"cards_removed":["Slimebound:Defend_Slimebound"],"damage_healed":0.0,"max_hp_gain":0.0,"max_hp_loss":0.0,"gold_gain":0.0,"event_name":"The Cleric","player_choice":"Card Removal","floor":12.0,"gold_loss":0.0,"damage_taken":0.0}],"is_beta":false,"boss_relics":[],"items_purged_floors":[],"is_endless":false,"potions_floor_spawned":[2,5,10,14,15],"killed_by":"downfall:Defect","ascension_level":0}}