{"host":"qrt7o4dq2qslzw13","time":1610036514,"event":{"mods":["AchievementEnabler","BaseMod","Colored Map","Colored Powertips","Minty Spire (QoL Compilation)","Quick Restart","StSLib","SuperFastMode"],"gold_per_floor":[111,111,124,27,202,202,214,21,21,21,21,39,55,74,74,175,175,186,186,206,16,35,35,35],"floor_reached":23,"playtime":443,"items_purged":[],"score":183,"play_id":"a280675b-e40b-45a1-bba6-a891ecb53f7b","local_time":"20210107112154","is_ascension_mode":false,"campfire_choices":[{"data":"Forethought","floor":6.0,"key":"SMITH"},{"data":"Fire Breathing","floor":10.0,"key":"SMITH"},{"data":"Perfected Strike","floor":15.0,"key":"SMITH"}],"circlet_count":0,"master_deck":["Strike_R+1","Strike_R","Strike_R","Strike_R","Strike_R","Defend_R","Defend_R","Defend_R+1","Defend_R","Bash","Twin Strike","Rupture","Forethought+1","Doubt","Entrench","Fire Breathing+1","Iron Wave","Perfected Strike+1","Limit Break","Offering","Pummel","J.A.X.","Wild Strike","Sadistic Nature","Warcry","Bloodletting+1"],"relics":["Burning Blood","NeowsBlessing","Akabeko","Strawberry","Shuriken","Sozu"],"acts_visited":["Exordium","TheCity"],"potions_floor_usage":[23],"damage_taken":[{"damage":0.0,"enemies":"Jaw Worm","floor":1.0,"turns":1.0},{"damage":0.0,"enemies":"2 Louse","floor":3.0,"turns":1.0},{"damage":0.0,"enemies":"Cultist","floor":7.0,"turns":1.0},{"damage":10.0,"enemies":"3 Louse","floor":12.0,"turns":4.0},{"damage":6.0,"enemies":"2 Fungi Beasts","floor":13.0,"turns":4.0},{"damage":0.0,"enemies":"Large Slime","floor":14.0,"turns":5.0},{"damage":29.0,"enemies":"Slime Boss","floor":16.0,"turns":7.0},{"damage":20.0,"enemies":"Shell Parasite","floor":18.0,"turns":5.0},{"damage":11.0,"enemies":"3 Byrds","floor":20.0,"turns":5.0},{"damage":24.0,"enemies":"3 Cultists","floor":22.0,"turns":4.0},{"damage":50,"enemies":"Slavers","floor":23,"turns":6}],"seed_played":"-6852477804328205811","potions_obtained":[{"floor":1.0,"key":"DistilledChaos"},{"floor":7.0,"key":"FearPotion"},{"floor":14.0,"key":"ElixirPotion"}],"is_trial":false,"path_per_floor":["M","?","M","$","?","R","M","$","T","R","T","M","M","M","R","B",null,"M","?","M","$","M","E"],"character_chosen":"IRONCLAD","items_purchased":["Forethought","Fire Breathing","Akabeko","Sadistic Nature","Warcry"],"campfire_rested":0,"item_purchase_floors":[4,8,8,21,21],"current_hp_per_floor":[80,64,70,70,70,70,76,76,83,83,83,79,79,85,85,62,87,73,73,68,68,50,0,0],"gold":35,"neow_bonus":"THREE_ENEMY_KILL","is_daily":false,"chose_seed":false,"campfire_upgraded":3,"win_rate":0.0,"timestamp":1610036514,"path_taken":["M","?","M","$","?","R","M","$","T","R","?","M","?","M","R","BOSS","M","?","M","$","M","E"],"items_purchased_type":["Card","Card","Relic","Card","Card"],"build_version":"2020-12-22","purchased_purges":0,"victory":false,"max_hp_per_floor":[80,80,80,80,80,80,80,80,87,87,87,87,87,87,87,87,87,87,87,87,87,87,87,87],"card_choices":[{"not_picked":["Sentinel","Perfected Strike"],"picked":"Twin Strike","floor":1.0},{"not_picked":["Headbutt","Twin Strike"],"picked":"Rupture","floor":3.0},{"not_picked":["Blood for Blood","Perfected Strike"],"picked":"Entrench","floor":7.0},{"not_picked":["Armaments","Twin Strike"],"picked":"Iron Wave","floor":12.0},{"not_picked":["Clash","Clothesline"],"picked":"Perfected Strike","floor":13.0},{"not_picked":["Bloodletting","Heavy Blade"],"picked":"Limit Break","floor":14.0},{"not_picked":["Demon Form","Reaper"],"picked":"Offering","floor":16.0},{"not_picked":["Sword Boomerang+1","Twin Strike"],"picked":"Pummel","floor":18.0},{"not_picked":["Blood for Blood+1","Pommel Strike+1"],"picked":"Wild Strike","floor":20.0},{"not_picked":["Thunderclap","Entrench"],"picked":"Bloodletting+1","floor":22.0}],"player_experience":518817,"relics_obtained":[{"floor":9.0,"key":"Strawberry"},{"floor":11.0,"key":"Shuriken"}],"event_choices":[{"damage_healed":0.0,"max_hp_gain":0.0,"max_hp_loss":0.0,"gold_gain":0.0,"event_name":"Shining Light","player_choice":"Entered Light","floor":2.0,"gold_loss":0.0,"damage_taken":16.0,"cards_upgraded":["Strike_R","Defend_R"]},{"damage_healed":0.0,"max_hp_gain":0.0,"max_hp_loss":0.0,"gold_gain":175.0,"event_name":"Liars Game","player_choice":"AGREE","floor":5.0,"gold_loss":0.0,"damage_taken":0.0,"cards_obtained":["Doubt"]},{"damage_healed":0.0,"max_hp_gain":0.0,"max_hp_loss":0.0,"gold_gain":0.0,"event_name":"Drug Dealer","player_choice":"Obtain J.A.X.","floor":19.0,"gold_loss":0.0,"damage_taken":0.0,"cards_obtained":["J.A.X."]}],"is_beta":false,"boss_relics":[{"not_picked":["Fusion Hammer","Black Star"],"picked":"Sozu"}],"items_purged_floors":[],"is_endless":false,"potions_floor_spawned":[1,7,14,16,18,22],"killed_by":"Slavers","ascension_level":0}}