{"host":"pa9f0x1gh89g8gxw","time":1610012826,"event":{"mods":["BaseMod","Colored Powertips","Hubris","Infinite Spire","Minty Spire (QoL Compilation)","Replay The Spire","StSLib"],"gold_per_floor":[111,111,126,137,137,163,179,254,280,280,305,305,21,37,37,132,132,116,116,116],"floor_reached":19,"playtime":577,"items_purged":[],"score":238,"play_id":"9e43d5df-88c4-4861-8e05-4aba32f5bd61","local_time":"20210107204706","is_ascension_mode":true,"campfire_choices":[{"data":"Glacier","floor":10,"key":"SMITH"},{"data":"Defend_B+1","floor":12,"key":"SMITH"},{"data":"Defragment","floor":15,"key":"SMITH"}],"circlet_count":0,"master_deck":["Strike_B","Strike_B","Strike_B","Strike_B","Defend_B+1","Defend_B","Defend_B+2","Defend_B","Zap+1","Dualcast","Cold Snap","Glacier+1","Buffer","Darkness","Storm","BasicCrystalCard","Defragment+1","Rainbow","Streamline"],"relics":["Cracked Core","NeowsBlessing","hubris:Towel","hubris:OldNail","Pen Nib","Simple Rune","infinitespire:WardingShard"],"acts_visited":["Exordium","TheCity"],"potions_floor_usage":[14,16,18],"damage_taken":[{"damage":0,"enemies":"Small Slimes","floor":1,"turns":1},{"damage":0,"enemies":"Cultist","floor":3,"turns":1},{"damage":0,"enemies":"2 Louse","floor":4,"turns":1},{"damage":8,"enemies":"Lagavulin","floor":6,"turns":9},{"damage":5,"enemies":"Blue Slaver","floor":7,"turns":3},{"damage":12,"enemies":"Gremlin Nob","floor":11,"turns":4},{"damage":10,"enemies":"Exordium Wildlife","floor":14,"turns":5},{"damage":0,"enemies":"The Guardian","floor":16,"turns":14},{"damage":9,"enemies":"2 Thieves","floor":18,"turns":5},{"damage":68,"enemies":"Masked Bandits","floor":19,"turns":4}],"seed_played":"-8491315706781524248","potions_obtained":[{"floor":7,"key":"PowerPotion"},{"floor":14,"key":"PotionOfCapacity"},{"floor":16,"key":"Adrenaline Potion"}],"is_trial":false,"path_per_floor":["M","?","M","M","?","E","M","?","T","R","E","R","$","M","R","B",null,"M","?"],"character_chosen":"DEFECT","items_purchased":["infinitespire:WardingShard","BasicCrystalCard"],"campfire_rested":0,"item_purchase_floors":[13,13],"current_hp_per_floor":[75,75,75,75,75,67,62,51,51,51,39,39,39,29,29,29,75,66,0,0],"gold":116,"neow_bonus":"THREE_ENEMY_KILL","is_daily":false,"chose_seed":false,"campfire_upgraded":3,"win_rate":0.0,"timestamp":1610012826,"path_taken":["M","?","?","M","?","E","M","?","T","R","E","R","?","M","R","BOSS","M","?"],"items_purchased_type":["Relic","Card"],"build_version":"2020-12-22","purchased_purges":0,"victory":false,"max_hp_per_floor":[75,75,75,75,75,75,75,75,75,75,75,75,75,75,75,75,75,75,75,75],"card_choices":[{"not_picked":["ReplayTheSpireMod:System Scan","Redo","Turbo"],"picked":"SKIP","floor":1},{"not_picked":["ReplayGash","Undo"],"picked":"Cold Snap","floor":3},{"not_picked":["ReplayTheSpireMod:Repulse","Stack"],"picked":"Glacier","floor":4},{"not_picked":["BasicCrystalCard","Hologram"],"picked":"Buffer","floor":6},{"not_picked":["Scrape","Hello World"],"picked":"Darkness","floor":7},{"not_picked":["Reinforced Body","Barrage"],"picked":"Storm","floor":11},{"not_picked":["Self Repair","Recycle"],"picked":"Defragment","floor":14},{"not_picked":["Fission","ReplayTheSpireMod:Omega Cannon"],"picked":"Rainbow","floor":16},{"not_picked":["Stack+1","ReplayTheSpireMod:Reroute Power"],"picked":"Streamline","floor":18}],"player_experience":469703,"relics_obtained":[{"floor":6,"key":"hubris:OldNail"},{"floor":9,"key":"Pen Nib"},{"floor":11,"key":"Simple Rune"}],"event_choices":[{"damage_healed":0,"gold_gain":0,"player_choice":"Upgraded","damage_taken":0,"max_hp_gain":0,"max_hp_loss":0,"event_name":"Upgrade Shrine","floor":2,"gold_loss":0,"cards_upgraded":["Zap"]},{"damage_healed":0,"gold_gain":75,"player_choice":"Gather Gold","damage_taken":11,"max_hp_gain":0,"max_hp_loss":0,"event_name":"World of Goop","floor":8,"gold_loss":0},{"damage_healed":0,"gold_gain":0,"player_choice":"Fought Bandits","damage_taken":0,"max_hp_gain":0,"max_hp_loss":0,"event_name":"Masked Bandits","floor":19,"gold_loss":0}],"is_beta":false,"boss_relics":[{"not_picked":["Velvet Choker","Cursed Key","infinitespire:Cupcake"]}],"items_purged_floors":[],"is_endless":false,"potions_floor_spawned":[7,14,16],"killed_by":"Masked Bandits","ascension_level":1}}