{"host":"34w8p723gpcx9kua","time":1610043400,"event":{"mods":["100% Spire Juice","AchievementEnabler","Act Like it!","BaseMod","Bestiary","ChefMod","Colored Map","Colored Powertips","Googly Eyes","Hallownest","Minty Spire (QoL Compilation)","Prisma Mod","StSLib","The IronCluck","The Marked","Yakumo Yukari mod"],"gold_per_floor":[113,28,44,60,74,74,24,24,79,26,38,70,99,138,150,267,159,188,200,227,264,276,288,315,360,372,12,26,206,29,42,42,145,145,161,161,9,24,40,40,40,40,93,110,125,125,145,160,160,160],"floor_reached":51,"playtime":4305,"items_purged":["Shame"],"score":746,"play_id":"88263a79-70ac-4dd0-ac66-49eac0a1b41b","local_time":"20210107181640","is_ascension_mode":false,"campfire_choices":[{"data":"Moonworks:NicePresent","floor":6,"key":"SMITH"},{"data":"Moonworks:ImmovableObject","floor":8,"key":"SMITH"},{"data":"Moonworks:Ambush","floor":11,"key":"SMITH"},{"data":"Moonworks:Dash","floor":15,"key":"SMITH"},{"data":"Moonworks:WindyEnchantment","floor":23,"key":"SMITH"},{"floor":32,"key":"REST"},{"data":"Moonworks:StiffCrystal","floor":40,"key":"SMITH"},{"data":"Moonworks:ShieldCounter","floor":46,"key":"SMITH"},{"data":"Moonworks:ForcedRevival","floor":49,"key":"SMITH"}],"circlet_count":0,"master_deck":["Moonworks:Strike","Moonworks:Strike","Moonworks:Strike","Moonworks:Strike","Moonworks:Defend+1","Moonworks:Defend","Moonworks:Defend","Moonworks:Defend","Moonworks:Ambush+1","Moonworks:LongDistanceShot","Moonworks:SakisCookie","Moonworks:ImmovableObject+1","Moonworks:NicePresent+1","Moonworks:LulusLuckyEgg+1","Moonworks:Dash+1","Moonworks:PlushieMaster","Moonworks:EvilSpyWorkPreparation+1","Moonworks:WindyEnchantment+1","Moonworks:Flamethrower","Moonworks:RedAndBlue","Moonworks:BigBangBell","Moonworks:WindyEnchantment+1","Moonworks:ForcedRevival+1","Moonworks:ShieldCounter+1","Moonworks:WindyEnchantment","Blind","Moonworks:StiffCrystal+1","Moonworks:Accelerator+1","Moonworks:LuckyCharm+1","Moonworks:TreasureThief+1","Moonworks:Accelerator+1","Decay","Parasite"],"relics":["Moonworks:BrokenBomb","Moonworks:Homemark","NeowsBlessing","Anchor","MawBank","Matryoshka","Philosopher\u0027s Stone","Red Mask","Pear","Vajra","Meat on the Bone","War Paint","Cursed Key","Strange Spoon","Happy Flower","Strawberry"],"acts_visited":["Exordium","TheCity","TheBeyond"],"potions_floor_usage":[14,16,16,25,33,44,50,50],"damage_taken":[{"damage":0,"enemies":"Small Slimes","floor":1,"turns":1},{"damage":0,"enemies":"Cultist","floor":3,"turns":1},{"damage":0,"enemies":"2 Louse","floor":4,"turns":1},{"damage":3,"enemies":"2 Fungi Beasts","floor":5,"turns":6},{"damage":0,"enemies":"Lots of Slimes","floor":12,"turns":2},{"damage":0,"enemies":"Red Slaver","floor":13,"turns":4},{"damage":2,"enemies":"3 Sentries","floor":14,"turns":6},{"damage":2,"enemies":"Slime Boss","floor":16,"turns":10},{"damage":0,"enemies":"Shell Parasite","floor":18,"turns":4},{"damage":0,"enemies":"Spheric Guardian","floor":20,"turns":2},{"damage":0,"enemies":"Masked Bandits","floor":21,"turns":4},{"damage":0,"enemies":"3 Cultists","floor":24,"turns":4},{"damage":0,"enemies":"Gremlin Leader","floor":25,"turns":6},{"damage":4,"enemies":"Shelled Parasite and Fungi","floor":28,"turns":6},{"damage":0,"enemies":"Sentry and Sphere","floor":31,"turns":3},{"damage":51,"enemies":"Champ","floor":33,"turns":12},{"damage":4,"enemies":"3 Darklings","floor":35,"turns":4},{"damage":0,"enemies":"3 Shapes","floor":38,"turns":2},{"damage":13,"enemies":"Spire Growth","floor":39,"turns":5},{"damage":20,"enemies":"4 Shapes","floor":44,"turns":3},{"damage":8,"enemies":"Jaw Worm Horde","floor":45,"turns":4},{"damage":3,"enemies":"Writhing Mass","floor":47,"turns":4},{"damage":0,"enemies":"Transient","floor":48,"turns":5},{"damage":20,"enemies":"Donu and Deca","floor":50,"turns":10}],"seed_played":"-1632723495520943615","potions_obtained":[{"floor":1,"key":"Dexterity Potion"},{"floor":3,"key":"DistilledChaos"},{"floor":5,"key":"FearPotion"},{"floor":13,"key":"Energy Potion"},{"floor":18,"key":"Energy Potion"},{"floor":20,"key":"Energy Potion"},{"floor":33,"key":"SpeedPotion"},{"floor":38,"key":"EssenceOfSteel"},{"floor":45,"key":"FearPotion"}],"is_trial":false,"path_per_floor":["M","?","M","M","M","R","?","R","T","?","R","M","M","E","R","B",null,"M","?","M","?","?","R","M","E","T","$","M","?","$","M","R","B",null,"M","?","$","M","M","R","$","?","T","M","M","R","M","M","R","B",null],"character_chosen":"THE_STARBREAKER","items_purchased":["Moonworks:ForcedRevival","Moonworks:ShieldCounter","FairyPotion","Moonworks:StiffCrystal","Strange Spoon"],"campfire_rested":1,"item_purchase_floors":[27,27,30,30,37],"current_hp_per_floor":[60,60,60,60,60,60,60,60,60,60,60,60,60,58,58,58,60,60,60,60,60,70,70,70,70,70,70,70,45,45,49,70,35,70,70,70,70,70,63,63,63,63,70,54,62,62,63,77,77,65],"gold":160,"neow_bonus":"THREE_ENEMY_KILL","is_daily":false,"chose_seed":false,"campfire_upgraded":8,"win_rate":0.0,"timestamp":1610043400,"path_taken":["M","?","M","?","M","R","?","R","T","?","R","M","?","E","R","BOSS","M","?","M","?","?","R","?","E","T","$","M","?","$","?","R","BOSS","M","?","$","?","M","R","$","?","T","?","?","R","M","M","R","BOSS"],"items_purchased_type":["Card","Card","Potion","Card","Relic"],"build_version":"2020-12-22","purchased_purges":1,"victory":true,"max_hp_per_floor":[60,60,60,60,60,60,60,60,60,60,60,60,60,60,60,60,60,60,60,60,60,70,70,70,70,70,70,70,70,70,70,70,70,70,70,70,70,70,70,70,70,70,77,77,77,77,77,77,77,77],"card_choices":[{"not_picked":["Moonworks:MiracleWalker","Moonworks:BigMagnum"],"picked":"Moonworks:SakisCookie","floor":1},{"not_picked":["Moonworks:ScrambledEve","Moonworks:Dinner","Moonworks:BigMagnum"],"picked":"SKIP","floor":3},{"not_picked":["Moonworks:ExtendedPhotonRifle","Moonworks:SealedMemories"],"picked":"Moonworks:ImmovableObject","floor":4},{"not_picked":["Moonworks:ImOnFire","Moonworks:MixPhenomenon"],"picked":"Moonworks:NicePresent","floor":5},{"not_picked":["Moonworks:BigMagnum","Moonworks:NicePresent"],"picked":"Moonworks:LulusLuckyEgg","floor":12},{"not_picked":["Moonworks:CastOff","Moonworks:CloudOfSeagulls","Moonworks:DeployBits"],"picked":"SKIP","floor":13},{"not_picked":["Moonworks:SakisCookie","Moonworks:BigMagnum"],"picked":"Moonworks:Dash","floor":14},{"not_picked":["Moonworks:MeltingMemories","Moonworks:ReflectiveShell"],"picked":"Moonworks:PlushieMaster","floor":16},{"not_picked":["Moonworks:ImOnFire","Moonworks:CastOff"],"picked":"Moonworks:EvilSpyWorkPreparation+1","floor":18},{"not_picked":["Moonworks:RagingMadness","Moonworks:LulusLuckyEgg"],"picked":"Moonworks:Flamethrower","floor":20},{"not_picked":["Moonworks:BigMagnum","Moonworks:UnpaidWork"],"picked":"Moonworks:RedAndBlue","floor":21},{"not_picked":["Moonworks:WindyEnchantment+1","Moonworks:Dash"],"picked":"Moonworks:BigBangBell","floor":24},{"not_picked":["Moonworks:NicePresent+1","Moonworks:SealedMemories+1"],"picked":"Moonworks:WindyEnchantment+1","floor":25},{"not_picked":["Moonworks:CloudOfSeagulls","Moonworks:DeployBits+1"],"picked":"Moonworks:WindyEnchantment","floor":28},{"not_picked":["Moonworks:ScrambledEve","Moonworks:CloudOfSeagulls","Moonworks:LulusLuckyEgg"],"picked":"SKIP","floor":31},{"not_picked":["Moonworks:OutOfAmmo","Moonworks:MeltingMemories"],"picked":"Moonworks:Accelerator","floor":33},{"not_picked":["Moonworks:RagingMadness+1","Moonworks:Dash+1"],"picked":"Moonworks:LuckyCharm+1","floor":35},{"not_picked":["Moonworks:DeployBits","Moonworks:MiracleWalker","Moonworks:Assault"],"picked":"SKIP","floor":38},{"not_picked":["Moonworks:NicePresent+1","Moonworks:EvilSpyWorkPreparation"],"picked":"Moonworks:TreasureThief+1","floor":39},{"not_picked":["Moonworks:Assault+1","Moonworks:IndiscriminateFireSupport+1","Moonworks:MiracleWalker+1"],"picked":"SKIP","floor":44},{"not_picked":["Moonworks:IndiscriminateFireSupport","Moonworks:MiracleRedBeanIceCream","Moonworks:WindyEnchantment+1"],"picked":"SKIP","floor":45},{"not_picked":["Moonworks:IndiscriminateFireSupport","Moonworks:MiracleRedBeanIceCream","Moonworks:WindyEnchantment+1"],"picked":"SKIP","floor":45},{"not_picked":["Moonworks:WindyEnchantment+1","Moonworks:BigMagnum","Moonworks:BigBangBell"],"picked":"SKIP","floor":47},{"not_picked":["Moonworks:MiracleRedBeanIceCream+1","Moonworks:WindyEnchantment","Moonworks:StiffCrystal+1"],"picked":"SKIP","floor":48}],"player_experience":53388,"relics_obtained":[{"floor":9,"key":"Anchor"},{"floor":14,"key":"Matryoshka"},{"floor":21,"key":"Red Mask"},{"floor":25,"key":"Vajra"},{"floor":26,"key":"Meat on the Bone"},{"floor":26,"key":"War Paint"},{"floor":43,"key":"Happy Flower"},{"floor":43,"key":"Strawberry"}],"event_choices":[{"damage_healed":0,"gold_gain":275,"player_choice":"Desecrate","damage_taken":0,"max_hp_gain":0,"max_hp_loss":0,"event_name":"Golden Shrine","floor":2,"gold_loss":0,"cards_obtained":["Regret"]},{"cards_removed":["Regret"],"damage_healed":0,"gold_gain":0,"player_choice":"Card Removal","damage_taken":0,"max_hp_gain":0,"max_hp_loss":0,"event_name":"The Cleric","floor":7,"gold_loss":50},{"damage_healed":0,"gold_gain":0,"player_choice":"Paid Gold","damage_taken":0,"relics_obtained":["MawBank"],"max_hp_gain":0,"max_hp_loss":0,"event_name":"WeMeetAgain","floor":10,"gold_loss":53},{"damage_healed":0,"gold_gain":0,"player_choice":"Read","damage_taken":0,"max_hp_gain":0,"max_hp_loss":0,"event_name":"The Library","floor":19,"gold_loss":0,"cards_obtained":["Moonworks:WindyEnchantment"]},{"damage_healed":0,"gold_gain":0,"player_choice":"Fought Bandits","damage_taken":0,"max_hp_gain":0,"max_hp_loss":0,"event_name":"Masked Bandits","floor":21,"gold_loss":0},{"damage_healed":0,"gold_gain":0,"player_choice":"Stole Relic","damage_taken":0,"relics_obtained":["Pear"],"max_hp_gain":0,"max_hp_loss":0,"event_name":"Addict","floor":22,"gold_loss":0,"cards_obtained":["Shame"]},{"damage_healed":0,"gold_gain":180,"player_choice":"CARD GOLD GOLD ","damage_taken":25,"max_hp_gain":0,"max_hp_loss":0,"event_name":"Knowing Skull","floor":29,"potions_obtained":[],"gold_loss":0,"cards_obtained":["Blind"]},{"damage_healed":0,"gold_gain":0,"player_choice":"Upgraded","damage_taken":0,"max_hp_gain":0,"max_hp_loss":0,"event_name":"Upgrade Shrine","floor":36,"gold_loss":0,"cards_upgraded":["Moonworks:Accelerator"]},{"damage_healed":0,"gold_gain":0,"player_choice":"Copied","damage_taken":0,"max_hp_gain":0,"max_hp_loss":0,"event_name":"Duplicator","floor":42,"gold_loss":0,"cards_obtained":["Moonworks:Accelerator"]}],"is_beta":false,"boss_relics":[{"not_picked":["SacredBark","SlaversCollar"],"picked":"Philosopher\u0027s Stone"},{"not_picked":["Sozu","Astrolabe"],"picked":"Cursed Key"}],"items_purged_floors":[27],"is_endless":false,"potions_floor_spawned":[1,3,5,13,18,20,33,38,39,45],"ascension_level":0}}