{"host":"kabf61oc9jgfwufg","time":1610051533,"event":{"mods":["AchievementEnabler","Act Like it!","Aspiration","BaseMod","Conspire","GifTheSpireLib","Halation","HexUI Lib","Hubris","Infinite Spire","Melee Mod","Minty Spire (QoL Compilation)","Quick Restart","Rare Cards Sparkle","Replay The Spire","Shop Mod","StSLib","Waifu the Spire"],"gold_per_floor":[116,116,291,291,309,309,325,338,338,354,367,9,9,52,52,186,249,274,315,343,64,64,108,138,174,174,207,211,211,211,248,248,264,264],"floor_reached":33,"playtime":2471,"items_purged":["Doubt","meleeMod_Jab"],"score":296,"play_id":"85350a58-ebc2-4e29-917d-6dadeddf279f","local_time":"20210107203213","is_ascension_mode":false,"campfire_choices":[{"data":"meleeMod_PowerShield","floor":6,"key":"SMITH"},{"data":"meleeMod_Grab","floor":15,"key":"SMITH"},{"floor":30,"key":"REST"}],"circlet_count":0,"master_deck":["meleeMod_Jab+1","meleeMod_Jab","meleeMod_Shield+1","meleeMod_Shield+1","meleeMod_Shield+1","meleeMod_Shield+1","meleeMod_NeutralAir+1","meleeMod_BackAir","meleeMod_Randall","meleeMod_PowerShield+1","meleeMod_NeutralAir","meleeMod_TeamAttackOn","meleeMod_DashDance","meleeMod_Knee","meleeMod_Grab+1","meleeMod_PowerShield","meleeMod_PowerShield","meleeMod_Knee","meleeMod_UpAir+1","meleeMod_EdgeGuard","meleeMod_ForwardTilt","meleeMod_CrouchCancel","meleeMod_SoftKnee","meleeMod_FalconDive","infinitespire:Fortify","meleeMod_FalconKick+1"],"relics":["meleeMod_LosersMang0","Golden Idol","Garlic","Replay:Bandana","Whetstone","Tiny House","HornCleat","Replay:Bottled Eggs","Durian","Potion Belt","hubris:Towel"],"acts_visited":["Exordium","TheCity"],"potions_floor_usage":[14,14,16,19,20,27,33],"damage_taken":[{"damage":1,"enemies":"2 Louse","floor":1,"turns":3},{"damage":0,"enemies":"Small Slimes","floor":5,"turns":3},{"damage":0,"enemies":"Cultist","floor":7,"turns":3},{"damage":5,"enemies":"Lots of Slimes","floor":8,"turns":4},{"damage":4,"enemies":"Large Slime","floor":10,"turns":6},{"damage":5,"enemies":"Red Slaver","floor":11,"turns":4},{"damage":9,"enemies":"Lagavulin","floor":14,"turns":7},{"damage":39,"enemies":"The Guardian","floor":16,"turns":10},{"damage":12,"enemies":"Spheric Guardian","floor":18,"turns":5},{"damage":2,"enemies":"Chosen","floor":19,"turns":4},{"damage":56,"enemies":"Shelled Parasite and Fungi","floor":20,"turns":6},{"damage":0,"enemies":"Nightmare","floor":23,"turns":1},{"damage":2,"enemies":"Cultist and Chosen","floor":24,"turns":5},{"damage":14,"enemies":"Snake Plant","floor":25,"turns":4},{"damage":0,"enemies":"3 Cultists","floor":27,"turns":3},{"damage":0,"enemies":"Colosseum Slavers","floor":28,"turns":4},{"damage":1,"enemies":"Centurion and Healer","floor":31,"turns":4},{"damage":58,"enemies":"Automaton","floor":33,"turns":10}],"seed_played":"3762938187157387730","potions_obtained":[{"floor":1,"key":"Reflective Coating"},{"floor":10,"key":"SkillPotion"},{"floor":11,"key":"ColorlessPotion"},{"floor":16,"key":"Milkshake"},{"floor":17,"key":"SkillPotion"},{"floor":18,"key":"Regen Potion"},{"floor":23,"key":"Venom Potion"},{"floor":25,"key":"Doom Potion"},{"floor":27,"key":"ColorlessPotion"}],"is_trial":false,"path_per_floor":["M","?","?","?","M","R","M","M","T","M","M","$","?","E","R","B",null,"M","M","M","$","AVR","NM","M","M","T","M","?","?","R","M","R","B"],"character_chosen":"FALCON","items_purchased":["meleeMod_Grab","meleeMod_PowerShield","Replay:Bandana","meleeMod_FalconDive","HornCleat"],"campfire_rested":1,"item_purchase_floors":[12,12,12,21,21],"current_hp_per_floor":[84,79,79,72,72,72,72,67,67,63,58,58,58,49,49,10,84,72,70,14,14,14,19,17,3,3,3,3,3,29,28,54,0,0],"gold":264,"neow_bonus":"REMOVE_CARD","is_daily":false,"chose_seed":false,"campfire_upgraded":2,"win_rate":0.0,"timestamp":1610051533,"path_taken":["M","?","?","?","?","R","?","M","T","M","M","$","?","E","R","BOSS","M","?","M","?","AVR","NM","M","M","T","M","?","?","R","?","R","BOSS"],"items_purchased_type":["Card","Card","Relic","Card","Relic"],"build_version":"2020-12-22","purchased_purges":2,"victory":false,"max_hp_per_floor":[85,79,79,79,79,79,79,79,79,79,79,79,79,79,79,79,84,84,84,84,84,84,89,89,89,89,89,89,89,89,89,89,89,89],"card_choices":[{"not_picked":["meleeMod_Moonwalking","meleeMod_NeutralAir"],"picked":"meleeMod_Randall","floor":1},{"not_picked":["meleeMod_SweetSpot","meleeMod_NeutralAir"],"picked":"meleeMod_PowerShield","floor":5},{"not_picked":["meleeMod_DownSmash","meleeMod_Wildfire"],"picked":"meleeMod_NeutralAir","floor":7},{"not_picked":["meleeMod_FalconDive","meleeMod_UpAir"],"picked":"meleeMod_TeamAttackOn","floor":8},{"not_picked":["meleeMod_WallJump","meleeMod_ShieldDrop"],"picked":"meleeMod_DashDance","floor":10},{"not_picked":["meleeMod_SuperMushroom","meleeMod_Roll"],"picked":"meleeMod_Knee","floor":11},{"not_picked":["meleeMod_NeutralAir","meleeMod_Knee"],"picked":"meleeMod_UpAir","floor":14},{"not_picked":["meleeMod_WeTechThose","meleeMod_SDRemix"],"picked":"meleeMod_EdgeGuard","floor":16},{"not_picked":["meleeMod_FalconKick","meleeMod_DownTilt"],"picked":"meleeMod_ForwardTilt","floor":17},{"not_picked":["meleeMod_UpSmash","meleeMod_Randall"],"picked":"meleeMod_CrouchCancel","floor":18},{"not_picked":["meleeMod_TeamAttackOn","meleeMod_NoDI","meleeMod_Wildfire"],"picked":"SKIP","floor":19},{"not_picked":["meleeMod_Knee","meleeMod_GetUpAttack"],"picked":"meleeMod_SoftKnee","floor":20},{"not_picked":["meleeMod_WaveLand","meleeMod_FireFlower+1","meleeMod_ForwardTilt+1"],"picked":"SKIP","floor":23},{"not_picked":["meleeMod_WallJump+1","meleeMod_CommandGrab+1"],"picked":"meleeMod_FalconKick+1","floor":24},{"not_picked":["meleeMod_FalconPunch","meleeMod_Knee","meleeMod_NoDI"],"picked":"SKIP","floor":25},{"not_picked":["meleeMod_UnclePunch","meleeMod_RockCrock","meleeMod_WaveLand"],"picked":"SKIP","floor":27},{"not_picked":["meleeMod_SuperMushroom","meleeMod_NeutralAir","meleeMod_UpAir+1"],"picked":"SKIP","floor":31}],"player_experience":74721,"relics_obtained":[{"floor":9,"key":"Garlic"},{"floor":14,"key":"Whetstone"},{"floor":23,"key":"Durian"},{"floor":26,"key":"Potion Belt"}],"event_choices":[{"damage_healed":0,"gold_gain":0,"player_choice":"Lose Max HP","damage_taken":0,"relics_obtained":["Golden Idol"],"max_hp_gain":0,"max_hp_loss":6,"event_name":"Golden Idol","floor":2,"gold_loss":0},{"damage_healed":0,"gold_gain":175,"player_choice":"AGREE","damage_taken":0,"max_hp_gain":0,"max_hp_loss":0,"event_name":"Liars Game","floor":3,"gold_loss":0,"cards_obtained":["Doubt"]},{"damage_healed":0,"gold_gain":0,"player_choice":"Damaged","damage_taken":7,"max_hp_gain":0,"max_hp_loss":0,"event_name":"Wheel of Change","floor":4,"gold_loss":0},{"damage_healed":0,"gold_gain":0,"player_choice":"1 cards matched","damage_taken":0,"max_hp_gain":0,"max_hp_loss":0,"event_name":"Match and Keep!","floor":13,"gold_loss":0,"cards_obtained":["meleeMod_Knee"]},{"damage_healed":0,"gold_gain":0,"player_choice":"Fight","damage_taken":0,"max_hp_gain":0,"max_hp_loss":0,"event_name":"Colosseum","floor":28,"gold_loss":0},{"damage_healed":0,"gold_gain":0,"player_choice":"Fled From Nobs","damage_taken":0,"max_hp_gain":0,"max_hp_loss":0,"event_name":"Colosseum","floor":28,"gold_loss":0}],"is_beta":false,"boss_relics":[{"not_picked":["Ectoplasm","Replay:Drink Me"],"picked":"Tiny House"}],"items_purged_floors":[12,22],"is_endless":true,"potions_floor_spawned":[1,10,11,16,18,23,25,27],"killed_by":"Automaton","ascension_level":0}}