{"host":"ig7tc0uedzltt2sr","time":1610060831,"event":{"mods":["BaseMod","Better Twitch Integration","Block Reminder","Colored Map","Colored Powertips","Communication Mod","Current Relic Mod","GifTheSpireLib","HexUI Lib","Minty Spire (QoL Compilation)","Quick Restart","Random Character Button","Rare Cards Sparkle","Relic Sorter","Relic Stats","Slay the Relics Exporter","StSLib","SuperFastMode","Synergy Search","Twitch Decklist","Twitch Utils","everything is the same but u backflip on backflip","slay the spire mod where everything is the same but ironclad has a cowboy hat"],"gold_per_floor":[110,122,122,132,87,117,117,42,42,54,54,70,85,85,85],"floor_reached":14,"playtime":95,"items_purged":[],"score":92,"play_id":"2ec61b8d-0764-4ed1-a009-15b83597128b","local_time":"20210107150711","is_ascension_mode":false,"campfire_choices":[{"floor":7,"key":"REST"}],"circlet_count":0,"master_deck":["Strike_R","Strike_R","Strike_R","Strike_R","Strike_R","Defend_R","Defend_R","Defend_R","Defend_R","Bash","Cleave","Infernal Blade","Hemokinesis","Fire Breathing","Flex","Metallicize","Corruption","Evolve"],"relics":["Burning Blood","NeowsBlessing","Tiny Chest"],"acts_visited":["Exordium"],"potions_floor_usage":[],"damage_taken":[{"damage":0,"enemies":"Jaw Worm","floor":1,"turns":1},{"damage":0,"enemies":"Cultist","floor":2,"turns":1},{"damage":0,"enemies":"Small Slimes","floor":4,"turns":1},{"damage":7,"enemies":"Looter","floor":5,"turns":5},{"damage":37,"enemies":"3 Sentries","floor":6,"turns":6},{"damage":6,"enemies":"Exordium Thugs","floor":10,"turns":4},{"damage":15,"enemies":"3 Louse","floor":12,"turns":5},{"damage":10,"enemies":"2 Fungi Beasts","floor":13,"turns":6},{"damage":70,"enemies":"Lagavulin","floor":14,"turns":9}],"seed_played":"-8419530955840929429","potions_obtained":[{"floor":1,"key":"FearPotion"},{"floor":6,"key":"Energy Potion"},{"floor":10,"key":"Energy Potion"}],"is_trial":false,"path_per_floor":["M","M","?","M","M","E","R","$","T","M","?","M","M","E"],"character_chosen":"IRONCLAD","items_purchased":["LiquidBronze"],"campfire_rested":1,"item_purchase_floors":[8],"current_hp_per_floor":[80,80,80,80,79,48,72,72,72,72,72,63,59,0,0],"gold":85,"neow_bonus":"THREE_ENEMY_KILL","is_daily":false,"chose_seed":false,"campfire_upgraded":0,"win_rate":0.0,"timestamp":1610060831,"path_taken":["M","M","?","M","M","E","R","?","T","M","?","M","M","E"],"items_purchased_type":["Potion"],"build_version":"2020-12-22","purchased_purges":0,"victory":false,"max_hp_per_floor":[80,80,80,80,80,80,80,80,80,80,80,80,80,80,80],"relic_stats":{"counters":[9,38],"Tiny Chest":0,"obtain_stats":[{"NeowsBlessing":0,"Tiny Chest":6,"Burning Blood":0},{"NeowsBlessing":0,"Tiny Chest":5,"Burning Blood":0},{"NeowsBlessing":0,"Tiny Chest":14,"Burning Blood":0}],"Burning Blood":30},"card_choices":[{"not_picked":["Entrench","Clash"],"picked":"Cleave","floor":1},{"not_picked":["True Grit","Havoc"],"picked":"Infernal Blade","floor":2},{"not_picked":["Warcry","Perfected Strike"],"picked":"Hemokinesis","floor":4},{"not_picked":["Body Slam","Perfected Strike"],"picked":"Fire Breathing","floor":5},{"not_picked":["Entrench","True Grit"],"picked":"Flex","floor":6},{"not_picked":["Havoc","Clothesline"],"picked":"Metallicize","floor":10},{"not_picked":["Wild Strike","Clash"],"picked":"Corruption","floor":12},{"not_picked":["True Grit","Searing Blow"],"picked":"Evolve","floor":13}],"player_experience":1459950,"relics_obtained":[{"floor":6,"key":"Tiny Chest"}],"event_choices":[{"damage_healed":0,"gold_gain":0,"player_choice":"Ignored","damage_taken":0,"max_hp_gain":0,"max_hp_loss":0,"event_name":"Transmorgrifier","floor":3,"gold_loss":0},{"damage_healed":0,"gold_gain":0,"player_choice":"Ignored","damage_taken":0,"max_hp_gain":0,"max_hp_loss":0,"event_name":"Shining Light","floor":11,"gold_loss":0}],"is_beta":false,"boss_relics":[],"items_purged_floors":[],"is_endless":false,"potions_floor_spawned":[1,6,10],"killed_by":"Lagavulin","ascension_level":0}}