{"host":"xu0zbcebhy6w9mdv","time":1610033879,"event":{"mods":["AchievementEnabler","Act Like it!","Aspiration","BaseMod","Better Match","Better Third Choice","BetterRewards","Colored Powertips","Downfall","Duelist Mod","Friendly Minions","Gensokyo","Hallownest","Hubris","Infinite Spire","Marisa????????","Minty Spire (QoL Compilation)","Potionbrewer","Quick Restart","READ ME - Guardian Mod","READ ME - Snecko Mod","Rare Cards Sparkle","Replay The Spire","Shop Mod","StSLib","The Animator","The Blackbeard","The Bug Knight","The Cursed","The Hierophant","The Necromancer","The Runesmith","The Servant 0.9.4"],"gold_per_floor":[143,157,157,173,274,274,284,284,284,284,201,218,231,248,248,322,372,384,309,359,359,202,231,231,249,249,249,249,249,284,302,318,328,328,328,328],"floor_reached":35,"playtime":2212,"items_purged":[],"score":669,"play_id":"7a3df53c-ad42-452a-bc08-c5f053a6c1d9","local_time":"20210107103759","is_ascension_mode":true,"campfire_choices":[{"floor":6,"key":"REST"},{"data":"theDuelist:OrbMetronome","floor":8,"key":"SMITH"},{"data":"theDuelist:SpellcasterMetronome","floor":10,"key":"SMITH"},{"floor":15,"key":"REST"},{"floor":24,"key":"REST"},{"data":"theDuelist:DinosaurMetronome","floor":29,"key":"SMITH"},{"floor":34,"key":"REST"}],"circlet_count":0,"master_deck":["theDuelist:BlockMetronome","theDuelist:Metronome","theDuelist:SpellcasterMetronome+1","theDuelist:UncommonAttackMetronome","theDuelist:Metronome","theDuelist:PowerMetronome","theDuelist:SkillMetronome+1","theDuelist:AttackMetronome","theDuelist:AttackMetronome","theDuelist:BlockMetronome","theDuelist:SkillMetronome","theDuelist:UncommonAttackMetronome","theDuelist:OrbMetronome+1","theDuelist:TrapMetronome","theDuelist:AttackMetronome","theDuelist:DinosaurMetronome+1","theDuelist:BlockMetronome","AscendersBane","theDuelist:AttackMetronome","theDuelist:RareBlockMetronome","theDuelist:OrbMetronome"],"relics":["theDuelist:MillenniumPuzzle","theDuelist:CardPoolRelic","theDuelist:CardPoolBasicRelic","theDuelist:BoosterPackPoolRelic","theDuelist:CardPoolAddRelic","theDuelist:CardPoolMinusRelic","theDuelist:CardPoolSaveRelic","theDuelist:CardPoolOptionsRelic","NeowsBlessing","Boot","Tiny House","potionbrewer:ToyAutogyro","Omamori","Bag of Marbles","infinitespire:Bottled Soul","hubris:IronBody"],"acts_visited":["Exordium","TheCity"],"potions_floor_usage":[18,30,32],"damage_taken":[{"damage":0,"enemies":"Small Slimes","floor":1,"turns":2},{"damage":0,"enemies":"Cultist","floor":2,"turns":1},{"damage":0,"enemies":"Jaw Worm","floor":4,"turns":1},{"damage":4,"enemies":"Large Slime","floor":7,"turns":5},{"damage":0,"enemies":"Gremlin Gang","floor":12,"turns":2},{"damage":0,"enemies":"3 Louse","floor":13,"turns":2},{"damage":0,"enemies":"Red Slaver","floor":14,"turns":2},{"damage":0,"enemies":"Fading Forest","floor":16,"turns":11},{"damage":24,"enemies":"Spheric Guardian","floor":18,"turns":4},{"damage":2,"enemies":"Book of Stabbing","floor":23,"turns":4},{"damage":0,"enemies":"Snake Plant","floor":25,"turns":2},{"damage":22,"enemies":"theDuelist:KaibaA2","floor":30,"turns":6},{"damage":6,"enemies":"Centurion and Healer","floor":31,"turns":2},{"damage":16,"enemies":"Chosen and Byrds","floor":32,"turns":6},{"damage":6,"enemies":"Snake Plant","floor":33,"turns":3},{"damage":55,"enemies":"Champ","floor":35,"turns":10}],"seed_played":"-3852888100160730321","potions_obtained":[{"floor":2,"key":"DuplicationPotion"},{"floor":7,"key":"champ:CounterPotion"},{"floor":18,"key":"Elixir"},{"floor":33,"key":"Elixir"}],"is_trial":false,"path_per_floor":["M","M","$","M","?","R","M","R","T","R","$","M","M","M","R","B",null,"M","?","?","T","$","E","R","M","PTL","PTL","T","R","E","M","M","M","R","B"],"character_chosen":"THE_DUELIST","items_purchased":["theDuelist:UncommonAttackMetronome","Omamori"],"campfire_rested":4,"item_purchase_floors":[11,22],"current_hp_per_floor":[63,63,63,63,40,61,57,57,57,57,57,57,57,57,70,70,75,51,51,51,51,51,49,71,71,71,71,71,71,49,43,27,21,43,0,0],"gold":328,"neow_bonus":"THREE_ENEMY_KILL","is_daily":false,"chose_seed":false,"campfire_upgraded":3,"win_rate":0.0,"timestamp":1610033879,"path_taken":["M","M","$","M","?","R","M","R","T","R","$","M","M","M","R","BOSS","M","?","?","?","$","E","R","M","PTL","PTL","T","R","E","M","M","M","R","BOSS"],"items_purchased_type":["Card","Relic"],"build_version":"2020-12-22","purchased_purges":0,"victory":false,"max_hp_per_floor":[70,70,70,70,70,70,70,70,70,70,70,70,70,70,70,70,75,75,75,75,75,75,75,75,75,75,75,75,75,75,75,75,75,75,75,75],"card_choices":[{"not_picked":["theDuelist:TokenMetronome","theDuelist:SpellcasterMetronome","theDuelist:RareDragonMetronome","theDuelist:RareAttackMetronome"],"picked":"theDuelist:OrbMetronome","floor":1},{"not_picked":["theDuelist:ZombieMetronome","theDuelist:UncommonSpireMetronome","theDuelist:GemKnightMetronome","theDuelist:ArcaneMonsterMetronome","theDuelist:AncientMetronome"],"picked":"SKIP","floor":2},{"not_picked":["theDuelist:ShiranuiMetronome","theDuelist:RarePowerMetronome","theDuelist:GemKnightMetronome","theDuelist:FieldMetronome","theDuelist:ArcaneMonsterMetronome"],"picked":"SKIP","floor":4},{"not_picked":["theDuelist:UncommonSpireMetronome","theDuelist:TidalMetronome","theDuelist:CommonSpireMetronome","theDuelist:ArcaneMonsterMetronome"],"picked":"theDuelist:SpellcasterMetronome","floor":5},{"not_picked":["theDuelist:BattleOx","theDuelist:DestroyerGolem","theDuelist:WormKing","theDuelist:BigFire","theDuelist:GauntletWarrior"],"picked":"SKIP","floor":7},{"not_picked":["theDuelist:VampireMetronome","theDuelist:SpellcasterMetronome","theDuelist:SkillMetronome","theDuelist:CommonSpireMetronome"],"picked":"theDuelist:DinosaurMetronome","floor":12},{"not_picked":["theDuelist:WormWarlord","theDuelist:GiantSoldierSteel","theDuelist:LabyrinthWall","theDuelist:FuryFire","theDuelist:WeepingIdol"],"picked":"SKIP","floor":13},{"not_picked":["theDuelist:SpellcasterMetronome","theDuelist:RareAttackMetronome","theDuelist:InsectMetronome","theDuelist:ArcaneMetronome","theDuelist:AncientMetronome"],"picked":"SKIP","floor":14},{"not_picked":["theDuelist:DestroyerGolem","theDuelist:LabyrinthWall","theDuelist:MagicCylinder","theDuelist:ForbiddenLance","theDuelist:YamiForm"],"picked":"SKIP","floor":18},{"not_picked":["theDuelist:BigFire","theDuelist:GauntletWarrior","theDuelist:MillenniumGolem","theDuelist:WormWarlord","theDuelist:ForbiddenLance"],"picked":"SKIP","floor":23},{"not_picked":["theDuelist:GaiaMidNightSun","theDuelist:GauntletWarrior","theDuelist:GraniteLoyalist","theDuelist:Blockman","theDuelist:MillenniumGolem"],"picked":"SKIP","floor":25},{"not_picked":["theDuelist:EvilswarmHeliotrope+1","theDuelist:DummyGolem","theDuelist:WormWarlord","theDuelist:BlackPendant","theDuelist:BattleFootballer+1"],"picked":"SKIP","floor":30},{"not_picked":["theDuelist:GauntletWarrior","theDuelist:AttackTheMoon","theDuelist:FuryFire","theDuelist:BattleOx","theDuelist:GraniteLoyalist"],"picked":"SKIP","floor":31},{"not_picked":["theDuelist:StampedingMetronome","theDuelist:SpiderMetronome","theDuelist:CommonSpireMetronome","theDuelist:AncientMetronome"],"picked":"theDuelist:RareBlockMetronome","floor":32},{"not_picked":["theDuelist:RareDragonMetronome","theDuelist:MonsterMetronome","theDuelist:LegendBlueEyesMetronome","theDuelist:DeskbotMetronome"],"picked":"theDuelist:OrbMetronome","floor":33}],"player_experience":586206,"relics_obtained":[{"floor":9,"key":"Boot"},{"floor":21,"key":"potionbrewer:ToyAutogyro"},{"floor":23,"key":"Bag of Marbles"},{"floor":28,"key":"infinitespire:Bottled Soul"},{"floor":30,"key":"hubris:IronBody"}],"event_choices":[{"cards_removed":["theDuelist:BlockMetronome"],"damage_healed":0,"gold_gain":0,"player_choice":"Gave Gold","damage_taken":0,"max_hp_gain":0,"max_hp_loss":0,"event_name":"Beggar","floor":19,"gold_loss":75},{"damage_healed":0,"gold_gain":50,"player_choice":"Steal","damage_taken":0,"max_hp_gain":0,"max_hp_loss":0,"event_name":"betterThird:BetterNest","floor":20,"gold_loss":0}],"is_beta":false,"boss_relics":[{"not_picked":["Replay:Ancient Bell","Ring of Chaos"],"picked":"Tiny House"}],"items_purged_floors":[],"is_endless":false,"potions_floor_spawned":[2,7,18,33],"killed_by":"Champ","ascension_level":18}}