{"host":"k85tjwrh7mjrrc9a","time":1610053744,"event":{"mods":["AchievementEnabler","BaseMod","Colored Powertips","Highlight Path","Minty Spire (QoL Compilation)","Rare Cards Sparkle","StSLib"],"gold_per_floor":[114,114,127,127,146,146,181,195,195,207,222,222,222,222,222,322,322,322,247,247,247,247,247,247,247,247,247,247,247,247,247,247,247,247],"floor_reached":33,"playtime":2662,"items_purged":["Strike_P"],"score":365,"play_id":"d83c2c10-3ed0-49f3-bfdf-53d5be375e31","local_time":"20210107160904","is_ascension_mode":false,"campfire_choices":[{"data":"Eruption","floor":6.0,"key":"SMITH"},{"floor":15.0,"key":"REST"},{"data":"Scrawl","floor":23.0,"key":"SMITH"},{"floor":32.0,"key":"REST"}],"circlet_count":0,"master_deck":["Strike_P","Strike_P","Defend_P","Defend_P","Eruption+1","Vigilance","Evaluate","Sanctity","Swivel","Tantrum","InnerPeace","CrushJoints","Evaluate","Scrawl+1","BowlingBash","Writhe","Decay","Halt+1","Collect","Strike_R","Halt+1"],"relics":["PureWater","Damaru","PreservedInsect","HornCleat","Ectoplasm","WingedGreaves","Pear","Mercury Hourglass","Ancient Tea Set"],"acts_visited":["Exordium","TheCity"],"potions_floor_usage":[33],"damage_taken":[{"damage":2.0,"enemies":"Small Slimes","floor":1.0,"turns":4.0},{"damage":0.0,"enemies":"Cultist","floor":3.0,"turns":2.0},{"damage":0.0,"enemies":"2 Louse","floor":5.0,"turns":2.0},{"damage":18.0,"enemies":"Gremlin Nob","floor":7.0,"turns":4.0},{"damage":17.0,"enemies":"Gremlin Gang","floor":8.0,"turns":7.0},{"damage":0.0,"enemies":"Exordium Wildlife","floor":10.0,"turns":2.0},{"damage":7.0,"enemies":"3 Louse","floor":11.0,"turns":2.0},{"damage":0.0,"enemies":"Slime Boss","floor":16.0,"turns":4.0},{"damage":14.0,"enemies":"Chosen","floor":18.0,"turns":2.0},{"damage":0.0,"enemies":"Spheric Guardian","floor":22.0,"turns":2.0},{"damage":31.0,"enemies":"Slavers","floor":24.0,"turns":6.0},{"damage":0.0,"enemies":"Shelled Parasite and Fungi","floor":27.0,"turns":3.0},{"damage":26.0,"enemies":"Cultist and Chosen","floor":31.0,"turns":5.0},{"damage":90,"enemies":"Champ","floor":33,"turns":10}],"seed_played":"-535899744585396109","potions_obtained":[{"floor":3.0,"key":"ColorlessPotion"},{"floor":5.0,"key":"EssenceOfSteel"},{"floor":8.0,"key":"AttackPotion"},{"floor":11.0,"key":"Dexterity Potion"},{"floor":18.0,"key":"GamblersBrew"},{"floor":22.0,"key":"Ambrosia"},{"floor":27.0,"key":"Fruit Juice"}],"is_trial":false,"path_per_floor":["M","?","M","?","M","R","E","M","T","M","M","?","?","$","R","B",null,"M","$","?","?","M","R","E","?","T","M","?","T","?","M","R","B"],"character_chosen":"WATCHER","items_purchased":[],"campfire_rested":2,"item_purchase_floors":[],"current_hp_per_floor":[70,70,70,70,70,70,52,35,35,35,28,28,21,21,42,42,72,58,58,58,58,58,58,37,37,37,42,42,42,42,16,42,0,0],"gold":247,"neow_bonus":"RANDOM_COMMON_RELIC","is_daily":false,"chose_seed":false,"campfire_upgraded":2,"win_rate":0.0,"timestamp":1610053744,"path_taken":["M","?","?","?","?","R","E","M","T","M","M","?","?","?","R","BOSS","M","$","?","?","M","R","E","?","T","?","?","?","?","?","R","BOSS"],"items_purchased_type":[],"build_version":"2020-12-22","purchased_purges":1,"victory":false,"max_hp_per_floor":[72,72,72,72,72,72,72,72,72,72,72,72,72,72,72,72,72,72,72,72,72,72,72,82,82,82,87,87,87,87,87,87,87,87],"card_choices":[{"not_picked":["ReachHeaven","Protect"],"picked":"Evaluate","floor":1.0},{"not_picked":["Crescendo","JustLucky"],"picked":"Sanctity","floor":3.0},{"not_picked":["ClearTheMind","PathToVictory"],"picked":"Swivel","floor":5.0},{"not_picked":["Perseverance","ClearTheMind"],"picked":"Tantrum","floor":7.0},{"not_picked":["Worship","SashWhip"],"picked":"InnerPeace","floor":8.0},{"not_picked":["JustLucky","WindmillStrike"],"picked":"CrushJoints","floor":10.0},{"not_picked":["FollowUp","ReachHeaven"],"picked":"Evaluate","floor":11.0},{"not_picked":["MasterReality","LessonLearned"],"picked":"Scrawl","floor":16.0},{"not_picked":["FearNoEvil","JustLucky"],"picked":"BowlingBash","floor":18.0},{"not_picked":["Protect","InnerPeace","JustLucky"],"picked":"SKIP","floor":22.0},{"not_picked":["InnerPeace","DevaForm"],"picked":"Halt+1","floor":24.0},{"not_picked":["FlurryOfBlows","Crescendo"],"picked":"Collect","floor":27.0},{"not_picked":["EmptyBody","ClearTheMind+1"],"picked":"Halt+1","floor":31.0}],"player_experience":160580,"relics_obtained":[{"floor":7.0,"key":"PreservedInsect"},{"floor":9.0,"key":"HornCleat"},{"floor":24.0,"key":"Pear"},{"floor":26.0,"key":"Mercury Hourglass"},{"floor":29.0,"key":"Ancient Tea Set"}],"event_choices":[{"damage_healed":0.0,"max_hp_gain":0.0,"max_hp_loss":0.0,"gold_gain":0.0,"event_name":"The Woman in Blue","player_choice":"Bought 0 Potions","floor":2.0,"gold_loss":0.0,"damage_taken":0.0},{"cards_removed":["Defend_P"],"damage_healed":0.0,"max_hp_gain":0.0,"max_hp_loss":0.0,"gold_gain":0.0,"event_name":"Purifier","player_choice":"Purged","floor":4.0,"gold_loss":0.0,"damage_taken":0.0},{"damage_healed":0.0,"max_hp_gain":0.0,"max_hp_loss":0.0,"gold_gain":0.0,"event_name":"Scrap Ooze","player_choice":"Fled","floor":12.0,"gold_loss":0.0,"damage_taken":0.0},{"cards_removed":["Defend_P"],"damage_healed":0.0,"max_hp_gain":0.0,"max_hp_loss":0.0,"gold_gain":0.0,"event_name":"Golden Wing","player_choice":"Card Removal","floor":13.0,"gold_loss":0.0,"damage_taken":7.0},{"damage_healed":0.0,"max_hp_gain":0.0,"max_hp_loss":0.0,"gold_gain":0.0,"event_name":"The Mausoleum","player_choice":"Opened","floor":20.0,"gold_loss":0.0,"damage_taken":0.0,"relics_obtained":["WingedGreaves"],"cards_obtained":["Writhe"]},{"damage_healed":0.0,"max_hp_gain":0.0,"max_hp_loss":0.0,"gold_gain":0.0,"event_name":"Forgotten Altar","player_choice":"Smashed Altar","floor":21.0,"gold_loss":0.0,"damage_taken":0.0,"cards_obtained":["Decay"]},{"damage_healed":0.0,"max_hp_gain":0.0,"max_hp_loss":0.0,"gold_gain":0.0,"event_name":"N\u0027loth","player_choice":"Ignored","floor":25.0,"gold_loss":0.0,"damage_taken":0.0},{"damage_healed":0.0,"max_hp_gain":0.0,"max_hp_loss":0.0,"gold_gain":0.0,"event_name":"Vampires","player_choice":"Ignored","floor":28.0,"gold_loss":0.0,"damage_taken":0.0},{"cards_removed":["Strike_P"],"damage_healed":0.0,"max_hp_gain":0.0,"max_hp_loss":0.0,"gold_gain":0.0,"event_name":"NoteForYourself","player_choice":"Took Card","floor":30.0,"gold_loss":0.0,"damage_taken":0.0,"cards_obtained":["Strike_R"]}],"is_beta":false,"boss_relics":[{"not_picked":["Sozu","Calling Bell"],"picked":"Ectoplasm"}],"items_purged_floors":[19],"is_endless":false,"potions_floor_spawned":[3,5,8,11,18,22,27],"killed_by":"Champ","ascension_level":0}}