{"host":"nn0edaa7b52nfvq0","time":1610003774,"event":{"mods":["100% Spire Juice","AchievementEnabler","Act Like it!","Aspiration","BaseMod","Better Altar","Better Note","Better Third Choice","BetterRewards","Colored Map","Friendly Minions","Gensokyo","HololiveMod","Koishi","KomeijiMod","Marisa（霧雨　魔理沙）","Minty Spire (QoL Compilation)","Permanent Neow","Reimu（博??梦）","Relic Sorter","StSLib","SuperFastMode","Waifu the Spire","WarShipGirlsR/??少女R mod","Yohane!"],"gold_per_floor":[82,100,100,25,25,60,60,94,117,136,136,36,51,51,51,148,148,165,165,178,78,78,103,103,121,144,173,173,187,198,0,0,98,98,113,113,127,127,2,2,28,28,28,45,45,45,65,96,96,96,96,96,5,33,34],"floor_reached":56,"playtime":2891,"items_purged":["Hololive_Strike","Hololive_Strike","Hololive_Strike"],"score":1634,"play_id":"057e66e8-c9b4-4ad4-a485-bac20640c597","local_time":"20210106231614","is_ascension_mode":true,"campfire_choices":[{"data":"Hololive_Breathe","floor":7.0,"key":"SMITH"},{"floor":11.0,"key":"REST"},{"data":"Hololive_Yoholoon","floor":15.0,"key":"SMITH"},{"data":"Hololive_LuckPotion","floor":24.0,"key":"SMITH"},{"data":"Hololive_Trident","floor":28.0,"key":"SMITH"},{"data":"Gensokyo:ManorOfTheDishes","floor":32.0,"key":"SMITH"},{"data":"Hololive_FlyingPonyTail","floor":40.0,"key":"SMITH"},{"floor":46.0,"key":"RECALL"},{"data":"Hololive_FlyingPonyTail","floor":49.0,"key":"SMITH"},{"data":"Hololive_Defend","floor":52.0,"key":"SMITH"}],"circlet_count":0,"master_deck":["Hololive_Strike","Hololive_Defend","Hololive_Defend+1","Hololive_Defend+1","Hololive_LuckPotion+1","Hololive_Trident+1","Hololive_Breathe+1","Hololive_Yoholoon+1","Hololive_FlyingPonyTail+1","Hololive_FlyingPonyTail+1","Hololive_Breathe+1","Hololive_LuckPotion+1","Gensokyo:ManorOfTheDishes+1","Gensokyo:ShootingStar+1","Hololive_Thief+1","Hololive_Breathe+1","Deep Breath+1","Hololive_LuckPotion+1"],"relics":["Hololive_Peko","Happy Flower","aspiration:VileToxins","Mastiff:ReiMu","Gensokyo:RedStar","RuthlessExorcism:ReiMu","ShirouKen","Runic Dome","Mango","Kunai","Bag of Preparation","Regal Pillow","Eternal Feather","Calling Bell","Toxic Egg 2","Dream Catcher","Coffee Dripper","Strawberry","Centennial Puzzle"],"acts_visited":["Exordium","Gensokyo:Gensokyo","Gensokyo:Gensokyoer","TheEnding"],"potions_floor_usage":[55,55],"damage_taken":[{"damage":0.0,"enemies":"Gensokyo:3_Fairies","floor":1.0,"turns":3.0},{"damage":0.0,"enemies":"Gensokyo:2_Kodama","floor":2.0,"turns":3.0},{"damage":0.0,"enemies":"Gensokyo:Cirno","floor":6.0,"turns":5.0},{"damage":20.0,"enemies":"Gensokyo:Aya","floor":8.0,"turns":4.0},{"damage":0.0,"enemies":"Gensokyo:Gryphon","floor":10.0,"turns":2.0},{"damage":0.0,"enemies":"Gensokyo:2_Rabbits","floor":13.0,"turns":2.0},{"damage":0.0,"enemies":"Gensokyo:Reimu","floor":16.0,"turns":6.0},{"damage":0.0,"enemies":"Gensokyo:3_Dogs","floor":18.0,"turns":4.0},{"damage":0.0,"enemies":"Gensokyo:2_Gloops","floor":20.0,"turns":3.0},{"damage":0.0,"enemies":"Gensokyo:Reisen","floor":23.0,"turns":3.0},{"damage":0.0,"enemies":"Gensokyo:Monolith_and_Dog","floor":25.0,"turns":3.0},{"damage":4.0,"enemies":"Gensokyo:Tenshi","floor":27.0,"turns":3.0},{"damage":0.0,"enemies":"Gensokyo:Swordslinger","floor":29.0,"turns":3.0},{"damage":0.0,"enemies":"Gensokyo:Wraith","floor":30.0,"turns":3.0},{"damage":0.0,"enemies":"Gensokyo:Eternal_Rivals","floor":33.0,"turns":7.0},{"damage":0.0,"enemies":"Gensokyo:3_Bats","floor":35.0,"turns":2.0},{"damage":0.0,"enemies":"Gensokyo:AncientGuardian","floor":37.0,"turns":3.0},{"damage":0.0,"enemies":"Gensokyo:Marisa","floor":41.0,"turns":3.0},{"damage":0.0,"enemies":"Gensokyo:3_Boulders","floor":44.0,"turns":3.0},{"damage":0.0,"enemies":"Gensokyo:Rafflesia","floor":47.0,"turns":3.0},{"damage":0.0,"enemies":"Gensokyo:Doremy","floor":48.0,"turns":3.0},{"damage":0.0,"enemies":"Gensokyo:Shinki","floor":50.0,"turns":10.0},{"damage":0,"enemies":"Shield and Spear","floor":54,"turns":4},{"damage":0,"enemies":"The Heart","floor":55,"turns":6}],"seed_played":"5902082767975003758","potions_obtained":[{"floor":6.0,"key":"Swift Potion"},{"floor":10.0,"key":"SpeedPotion"},{"floor":16.0,"key":"Ancient Potion"},{"floor":18.0,"key":"FairyPotion"},{"floor":25.0,"key":"Energy Potion"}],"is_trial":false,"path_per_floor":["M","M","?","$","?","E","R","E","T","M","R","?","M","$","R","B",null,"M","?","M","$","?","E","R","M","T","E","R","M","M","COS","R","B",null,"M","?","M","?","$","R","E","?","T","M","COS","R","M","E","R","B",null,"R","$","E","B",null],"character_chosen":"Hololive_HololiveCharacter","items_purchased":["Deep Breath+1"],"campfire_rested":1,"item_purchase_floors":[53],"current_hp_per_floor":[35,35,28,28,28,28,28,8,8,8,37,37,37,37,43,43,49,49,49,49,49,49,49,49,49,49,45,49,49,49,49,49,49,49,49,49,49,49,49,49,49,49,49,49,49,49,49,56,56,56,56,56,56,56,56],"gold":34,"neow_bonus":"BOSS_RELIC","is_daily":false,"chose_seed":false,"campfire_upgraded":8,"win_rate":0.0,"timestamp":1610003774,"path_taken":["M","M","?","$","?","E","R","E","T","M","R","?","M","?","R","BOSS","M","?","M","$","?","E","R","?","T","E","R","M","M","COS","R","BOSS","M","?","M","?","$","R","E","?","T","M","COS","R","?","E","R","BOSS","R","$","E","BOSS"],"items_purchased_type":["Card"],"build_version":"2020-12-22","purchased_purges":3,"victory":true,"max_hp_per_floor":[35,35,49,49,49,49,49,49,49,49,49,49,49,49,49,49,49,49,49,49,49,49,49,49,49,49,49,49,49,49,49,49,49,49,49,49,49,49,49,49,49,49,49,49,49,49,49,56,56,56,56,56,56,56,56],"card_choices":[{"not_picked":["Hololive_Psychosis","Hololive_Sequa"],"picked":"Hololive_Breathe","floor":1.0},{"not_picked":["Hololive_CallShishiroBotan","Hololive_CallArtia"],"picked":"Hololive_Yoholoon","floor":2.0},{"not_picked":["Hololive_CallNatsuiroMatsuri","Hololive_CallUsadaPekora","Hololive_DiamondStrike"],"picked":"SKIP","floor":6.0},{"not_picked":["Hololive_Recruit","Hololive_Trident"],"picked":"Hololive_FlyingPonyTail","floor":8.0},{"not_picked":["Hololive_Breathe","Hololive_Rebound"],"picked":"Hololive_FlyingPonyTail","floor":10.0},{"not_picked":["Hololive_HuntDinosaur","Hololive_CallDoris","Hololive_CallAyundaRisu"],"picked":"SKIP","floor":13.0},{"not_picked":["Hololive_CocoNews","Hololive_OvertimeWork","Hololive_CallKiryuuCoco+1"],"picked":"SKIP","floor":18.0},{"not_picked":["Hololive_BeCareful+1","Hololive_Rebound+1"],"picked":"Hololive_Breathe+1","floor":20.0},{"not_picked":["Hololive_StrengthChampion","Hololive_HuntDinosaur+1","Hololive_Sequa"],"picked":"SKIP","floor":23.0},{"not_picked":["Hololive_HuntDinosaur+1","Hololive_BringToTrial+1","Hololive_Psychosis+1"],"picked":"SKIP","floor":25.0},{"not_picked":["Hololive_Rebound+1","Hololive_OpenUp"],"picked":"Hololive_LuckPotion+1","floor":27.0},{"not_picked":["Hololive_CallNekomataOkayu+1","Hololive_CallAkiRosenthal","Hololive_HuntDinosaur+1"],"picked":"SKIP","floor":29.0},{"not_picked":["Hololive_HuntDinosaur+1","Hololive_Spy+1","Hololive_Drill"],"picked":"SKIP","floor":30.0},{"not_picked":[],"picked":"Gensokyo:ShootingStar","floor":33.0},{"not_picked":["Hololive_Nanodesu","Hololive_ASMR"],"picked":"Hololive_Thief+1","floor":33.0},{"not_picked":["Hololive_RevenueBasedLive+1","Hololive_OvertimeWork+1","Hololive_Drill+1"],"picked":"SKIP","floor":35.0},{"not_picked":["Hololive_CallYukihanaLamy","Hololive_CallSakuraMiko+1","Hololive_CallShishiroBotan+1"],"picked":"SKIP","floor":37.0},{"not_picked":["Hololive_Rebound+1","Hololive_CallShiranuiFlare+1"],"picked":"Hololive_Breathe+1","floor":41.0},{"not_picked":["Hololive_StrengthChampion+1","Hololive_CallHimemoriLuna+1","Hololive_BringToTrial+1"],"picked":"SKIP","floor":44.0},{"not_picked":["Hololive_Recruit+1","Hololive_Psychosis","Hololive_HuntDinosaur+1"],"picked":"SKIP","floor":47.0},{"not_picked":["Hololive_Sequa+1","Hololive_Psychosis+1","Hololive_CallAkiRosenthal+1"],"picked":"SKIP","floor":48.0},{"not_picked":["Hololive_WolfAndLamb+1","Hololive_HuntDinosaur+1"],"picked":"Hololive_LuckPotion+1","floor":54}],"player_experience":367325,"relics_obtained":[{"floor":6.0,"key":"Kunai"},{"floor":8.0,"key":"Bag of Preparation"},{"floor":9.0,"key":"Regal Pillow"},{"floor":17.0,"key":"RuthlessExorcism:ReiMu"},{"floor":17.0,"key":"Toxic Egg 2"},{"floor":17.0,"key":"ShirouKen"},{"floor":23.0,"key":"Dream Catcher"},{"floor":26.0,"key":"Mastiff:ReiMu"},{"floor":27.0,"key":"Happy Flower"},{"floor":41.0,"key":"aspiration:VileToxins"},{"floor":48.0,"key":"Strawberry"},{"floor":54,"key":"Centennial Puzzle"}],"event_choices":[],"is_beta":false,"boss_relics":[{"not_picked":["Fusion Hammer","Cursed Key"],"picked":"Calling Bell"},{"not_picked":["aspiration:IroncladSkillbook","aspiration:SecretTechniqueScroll"],"picked":"Coffee Dripper"}],"items_purged_floors":[4,21,39],"is_endless":false,"potions_floor_spawned":[6,10,16,18,25,27,33,35,37,54],"ascension_level":1}}