{"host":"27fydui7m8ywfvh3","time":1610033890,"event":{"mods":["BaseMod","Friendly Minions","Minty Spire (QoL Compilation)","StSLib"],"gold_per_floor":[113,113,175,188,263,263,298,314,314,314,314,36,36,59,59,182,182,196,196,215,215,239,270,270,304,385,385,400,2,20,60,60,60,60],"floor_reached":33,"playtime":1883,"items_purged":["Defend_B","Biased Cognition+1"],"score":331,"play_id":"ce489ea1-ec28-4dc0-b46d-298009b07845","local_time":"20210107233810","is_ascension_mode":true,"campfire_choices":[{"floor":6.0,"key":"REST"},{"floor":10.0,"key":"REST"},{"data":"Redo","floor":13.0,"key":"SMITH"},{"data":"Zap","floor":15.0,"key":"SMITH"},{"floor":24,"key":"REST"},{"floor":27,"key":"REST"},{"data":"White Noise","floor":32,"key":"SMITH"}],"circlet_count":0,"master_deck":["Strike_B","Strike_B","Defend_B","Defend_B","Zap+1","Dualcast","Aggregate+1","Force Field+1","Doom and Gloom","Redo+1","Storm","Undo","Sweeping Beam","Electrodynamics","Reinforced Body","BootSequence","White Noise+1","Auto Shields","Glacier","Streamline"],"relics":["Astrolabe","Ginger","Juzu Bracelet","HornCleat","Golden Idol","Lee\u0027s Waffle","Nuclear Battery","Nilry\u0027s Codex","Pen Nib","Bronze Scales","Cables","Boot","Strange Spoon","Strawberry"],"acts_visited":["Exordium","TheCity"],"potions_floor_usage":[25,31,33],"damage_taken":[{"damage":18.0,"enemies":"Jaw Worm","floor":1.0,"turns":5.0},{"damage":14.0,"enemies":"2 Louse","floor":4.0,"turns":2.0},{"damage":16.0,"enemies":"Lagavulin","floor":7.0,"turns":6.0},{"damage":6.0,"enemies":"Cultist","floor":8.0,"turns":3.0},{"damage":71.0,"enemies":"Slime Boss","floor":16.0,"turns":14.0},{"damage":13.0,"enemies":"Spheric Guardian","floor":18.0,"turns":4.0},{"damage":0.0,"enemies":"2 Thieves","floor":20.0,"turns":4.0},{"damage":7,"enemies":"Snake Plant","floor":22,"turns":4},{"damage":32,"enemies":"Book of Stabbing","floor":23,"turns":7},{"damage":14,"enemies":"Slavers","floor":25,"turns":2},{"damage":6,"enemies":"Sentry and Sphere","floor":28,"turns":4},{"damage":1,"enemies":"Shelled Parasite and Fungi","floor":30,"turns":5},{"damage":5,"enemies":"Gremlin Leader","floor":31,"turns":8},{"damage":46,"enemies":"Collector","floor":33,"turns":10}],"seed_played":"387479890185729554","potions_obtained":[{"floor":1.0,"key":"Weak Potion"},{"floor":7.0,"key":"CultistPotion"},{"floor":18.0,"key":"Fire Potion"},{"floor":28,"key":"Energy Potion"},{"floor":30,"key":"SteroidPotion"},{"floor":31,"key":"SkillPotion"}],"is_trial":false,"path_per_floor":["M","?","?","M","?","R","E","M","T","R","?","$","R","T","R","B",null,"M","?","M","?","M","E","R","E","T","R","M","$","M","E","R","B"],"character_chosen":"DEFECT","items_purchased":["Lee\u0027s Waffle","Sweeping Beam","Boot","Strange Spoon"],"campfire_rested":4,"item_purchase_floors":[12,12,29,29],"current_hp_per_floor":[57,39,39,25,14,36,20,14,14,36,36,76,76,76,76,5,76,63,47,47,47,40,8,30,16,16,38,32,32,31,33,33,0,0],"gold":60,"neow_bonus":"BOSS_RELIC","is_daily":false,"chose_seed":false,"campfire_upgraded":3,"win_rate":0.0,"timestamp":1610033890,"path_taken":["M","?","?","M","?","R","E","M","T","R","?","$","R","?","R","BOSS","M","?","M","?","M","E","R","E","T","R","M","$","M","E","R","BOSS"],"items_purchased_type":["Relic","Card","Relic","Relic"],"build_version":"2020-12-22","purchased_purges":2,"victory":false,"max_hp_per_floor":[75,75,75,75,75,75,75,75,75,75,69,76,76,76,76,76,76,76,76,76,76,76,76,76,76,76,76,76,76,76,83,83,83,83],"card_choices":[{"not_picked":["Aggregate","Reprogram"],"picked":"Doom and Gloom","floor":1.0},{"not_picked":["Storm","Defragment"],"picked":"Redo","floor":4.0},{"not_picked":["Biased Cognition","Blizzard"],"picked":"Storm","floor":7.0},{"not_picked":["Stack","Beam Cell"],"picked":"Undo","floor":8.0},{"not_picked":["Meteor Strike","Hyperbeam"],"picked":"Electrodynamics","floor":16.0},{"not_picked":["Blizzard","Sweeping Beam+1"],"picked":"Reinforced Body","floor":18.0},{"not_picked":["Reprogram","Steam Power"],"picked":"BootSequence","floor":20.0},{"not_picked":["Redo","Compile Driver+1"],"picked":"White Noise","floor":22},{"not_picked":["Blizzard","Reprogram"],"picked":"Auto Shields","floor":23},{"not_picked":["Sweeping Beam","Thunder Strike"],"picked":"Glacier","floor":25},{"not_picked":["Coolheaded","Chaos"],"picked":"Streamline","floor":28},{"not_picked":["Coolheaded+1","Reinforced Body","Skim"],"picked":"SKIP","floor":30},{"not_picked":["Sweeping Beam","Stack","Rebound"],"picked":"SKIP","floor":31}],"player_experience":466998,"relics_obtained":[{"floor":7.0,"key":"Juzu Bracelet"},{"floor":9.0,"key":"HornCleat"},{"floor":19.0,"key":"Nilry\u0027s Codex"},{"floor":23,"key":"Pen Nib"},{"floor":25,"key":"Bronze Scales"},{"floor":26,"key":"Cables"},{"floor":31,"key":"Strawberry"}],"event_choices":[{"damage_healed":0.0,"max_hp_gain":0.0,"max_hp_loss":0.0,"gold_gain":0.0,"event_name":"Scrap Ooze","player_choice":"Success","floor":2.0,"gold_loss":0.0,"damage_taken":18.0,"relics_obtained":["Ginger"]},{"damage_healed":0.0,"max_hp_gain":0.0,"max_hp_loss":0.0,"gold_gain":62.0,"event_name":"Golden Wing","player_choice":"Gained Gold","floor":3.0,"gold_loss":0.0,"damage_taken":0.0},{"damage_healed":0.0,"max_hp_gain":0.0,"max_hp_loss":0.0,"gold_gain":75.0,"event_name":"World of Goop","player_choice":"Gather Gold","floor":5.0,"gold_loss":0.0,"damage_taken":11.0},{"damage_healed":0.0,"max_hp_gain":0.0,"max_hp_loss":6.0,"gold_gain":0.0,"event_name":"Golden Idol","player_choice":"Lose Max HP","floor":11.0,"gold_loss":0.0,"damage_taken":0.0,"relics_obtained":["Golden Idol"]},{"damage_healed":0.0,"max_hp_gain":0.0,"max_hp_loss":0.0,"gold_gain":0.0,"event_name":"Cursed Tome","player_choice":"Obtained Book","floor":19.0,"gold_loss":0.0,"damage_taken":16.0},{"damage_healed":0,"gold_gain":0,"player_choice":"Ignored","damage_taken":0,"max_hp_gain":0,"max_hp_loss":0,"event_name":"Ghosts","floor":21,"gold_loss":0}],"is_beta":false,"boss_relics":[{"not_picked":["Black Star","Pandora\u0027s Box"],"picked":"Nuclear Battery"}],"items_purged_floors":[12,29],"is_endless":false,"potions_floor_spawned":[1,7,18,28,30,31],"killed_by":"Collector","ascension_level":2}}