{"host":"j4g6ia6asvpyu2b0","time":1610025539,"event":{"mods":["BaseMod","Colored Map","Minty Spire (QoL Compilation)","Permanent Neow","Quick Restart","Relic Stats","StSLib","Unceasing Turn Reminder"],"gold_per_floor":[115,390,404,43,43,43,43,43,43,43,43],"floor_reached":10,"playtime":158,"items_purged":[],"score":73,"play_id":"070e07fc-1527-4019-8b5e-51ffcfb6d791","local_time":"20210107061859","is_ascension_mode":true,"campfire_choices":[{"data":"Consume","floor":6,"key":"SMITH"},{"data":"Zap","floor":8,"key":"SMITH"}],"circlet_count":0,"master_deck":["Strike_B","Strike_B","Defend_B","Defend_B","Defend_B","Defend_B","Zap+1","Dualcast","Turbo","Consume+1","Hologram","Regret","Glacier","Pain"],"relics":["Cracked Core","Dead Branch","WarpedTongs","HornCleat"],"acts_visited":["Exordium"],"potions_floor_usage":[],"damage_taken":[{"damage":4,"enemies":"Jaw Worm","floor":1,"turns":4},{"damage":8,"enemies":"Cultist","floor":3,"turns":4},{"damage":14,"enemies":"Lagavulin","floor":10,"turns":5}],"seed_played":"-3624451726613685948","potions_obtained":[{"floor":1,"key":"Explosive Potion"}],"is_trial":false,"path_per_floor":["M","?","M","$","?","R","$","R","T","E"],"character_chosen":"DEFECT","items_purchased":["Dead Branch","Glacier"],"campfire_rested":0,"item_purchase_floors":[4,4],"current_hp_per_floor":[46,46,38,38,38,38,38,38,38,24,24],"gold":43,"neow_bonus":"TRANSFORM_TWO_CARDS","is_daily":false,"chose_seed":false,"campfire_upgraded":2,"win_rate":0.0,"timestamp":1610025539,"path_taken":["M","?","?","$","?","R","?","R","T","E"],"items_purchased_type":["Relic","Card"],"build_version":"2020-12-22","purchased_purges":0,"victory":false,"max_hp_per_floor":[75,75,75,75,75,75,75,75,75,75,75],"relic_stats":{"counters":[3,13],"Dead Branch":[1],"obtain_stats":[{"HornCleat":9,"Dead Branch":4,"Cracked Core":0,"WarpedTongs":5},{"HornCleat":2,"Dead Branch":2,"Cracked Core":0,"WarpedTongs":2},{"HornCleat":8,"Dead Branch":8,"Cracked Core":0,"WarpedTongs":8}],"WarpedTongs":[5]},"card_choices":[{"not_picked":["Heatsinks","Steam Power"],"picked":"Hologram","floor":1},{"not_picked":["Barrage","Stack","Beam Cell"],"picked":"SKIP","floor":3}],"player_experience":745543,"relics_obtained":[{"floor":9,"key":"HornCleat"}],"event_choices":[{"damage_healed":0,"gold_gain":275,"player_choice":"Desecrate","damage_taken":0,"max_hp_gain":0,"max_hp_loss":0,"event_name":"Golden Shrine","floor":2,"gold_loss":0,"cards_obtained":["Regret"]},{"damage_healed":0,"gold_gain":0,"player_choice":"Rummage","damage_taken":0,"relics_obtained":["WarpedTongs"],"max_hp_gain":0,"max_hp_loss":0,"event_name":"Accursed Blacksmith","floor":5,"gold_loss":0,"cards_obtained":["Pain"]}],"is_beta":false,"boss_relics":[],"items_purged_floors":[],"is_endless":false,"potions_floor_spawned":[1],"killed_by":"Lagavulin","ascension_level":7}}