{"host":"j4g6ia6asvpyu2b0","time":1610025379,"event":{"mods":["BaseMod","Colored Map","Minty Spire (QoL Compilation)","Permanent Neow","Quick Restart","Relic Stats","StSLib","Unceasing Turn Reminder"],"gold_per_floor":[110,127,144,162,172,206,218,257,348,385,397,428,471,341,341,438,438,450,450,461,27,45,77,77,77,77],"floor_reached":25,"playtime":639,"items_purged":["Strike_B","Strike_B"],"score":362,"play_id":"5e441665-3b0b-49a1-a6e6-f7c235f23f7c","local_time":"20210107061619","is_ascension_mode":true,"campfire_choices":[{"data":"Sunder","floor":7.0,"key":"SMITH"},{"data":"Defragment","floor":11.0,"key":"SMITH"},{"data":"Storm","floor":15.0,"key":"SMITH"},{"data":"Fission","floor":24,"key":"SMITH"}],"circlet_count":0,"master_deck":["Strike_B","Strike_B","Defend_B","Defend_B","Defend_B","Defend_B","Zap+1","Dualcast","Sunder","Sunder+1","Static Discharge","Glacier","Cold Snap","Biased Cognition","Consume","Defragment+1","Compile Driver","Storm+1","Fission+1","Defragment+1","Conserve Battery+1","Storm","Buffer"],"relics":["Cracked Core","MawBank","Odd Mushroom","Pantograph","Unceasing Top","Dream Catcher","Runic Dome","Gremlin Horn","Juzu Bracelet"],"acts_visited":["Exordium","TheCity"],"potions_floor_usage":[23],"damage_taken":[{"damage":1.0,"enemies":"Cultist","floor":1.0,"turns":3.0},{"damage":1.0,"enemies":"2 Louse","floor":2.0,"turns":2.0},{"damage":0.0,"enemies":"Small Slimes","floor":3.0,"turns":2.0},{"damage":0.0,"enemies":"Gremlin Gang","floor":4.0,"turns":3.0},{"damage":0.0,"enemies":"2 Fungi Beasts","floor":5.0,"turns":2.0},{"damage":16.0,"enemies":"Gremlin Nob","floor":6.0,"turns":3.0},{"damage":7.0,"enemies":"The Mushroom Lair","floor":8.0,"turns":3.0},{"damage":15.0,"enemies":"Lagavulin","floor":10.0,"turns":6.0},{"damage":0.0,"enemies":"Large Slime","floor":12.0,"turns":3.0},{"damage":0.0,"enemies":"3 Sentries","floor":13.0,"turns":4.0},{"damage":21.0,"enemies":"Hexaghost","floor":16.0,"turns":8.0},{"damage":7.0,"enemies":"Shell Parasite","floor":18.0,"turns":4.0},{"damage":1,"enemies":"3 Byrds","floor":20,"turns":4},{"damage":7,"enemies":"Shelled Parasite and Fungi","floor":22,"turns":3},{"damage":15,"enemies":"Book of Stabbing","floor":23,"turns":4},{"damage":9,"enemies":"Slavers","floor":25,"turns":2}],"seed_played":"-6753874760777107404","potions_obtained":[{"floor":1.0,"key":"Fire Potion"},{"floor":2.0,"key":"LiquidMemories"},{"floor":5.0,"key":"SpeedPotion"},{"floor":8.0,"key":"BlessingOfTheForge"},{"floor":10.0,"key":"PotionOfCapacity"},{"floor":12.0,"key":"FocusPotion"},{"floor":13.0,"key":"ColorlessPotion"}],"is_trial":false,"path_per_floor":["M","M","M","M","M","E","R","?","T","E","R","M","E","$","R","B",null,"M","?","M","$","M","E","R","E"],"character_chosen":"DEFECT","items_purchased":["Storm","Storm","Gremlin Horn"],"campfire_rested":0,"item_purchase_floors":[14,21,21],"current_hp_per_floor":[67,66,66,66,66,50,50,43,43,28,28,28,28,28,28,32,64,57,57,56,56,49,34,34,25,25],"gold":77,"neow_bonus":"UPGRADE_CARD","is_daily":false,"chose_seed":false,"campfire_upgraded":4,"win_rate":0.0,"timestamp":1610025379,"path_taken":["M","M","M","?","M","E","R","?","T","E","R","M","E","$","R","BOSS","M","?","?","$","?","E","R","E"],"items_purchased_type":["Card","Card","Relic"],"build_version":"2020-12-22","purchased_purges":2,"victory":false,"max_hp_per_floor":[75,75,75,75,75,75,75,75,75,75,75,75,75,75,75,75,75,75,75,75,75,75,75,75,75,75],"relic_stats":{"Dream Catcher":0,"Gremlin Horn":[1,1],"counters":[16,56],"Pantograph":25,"Juzu Bracelet":0,"MawBank":96,"obtain_stats":[{"Runic Dome":17,"Dream Catcher":13,"Gremlin Horn":21,"Pantograph":9,"Juzu Bracelet":23,"Odd Mushroom":8,"Cracked Core":0,"MawBank":6,"Unceasing Top":10},{"Runic Dome":11,"Dream Catcher":10,"Gremlin Horn":13,"Pantograph":7,"Juzu Bracelet":15,"Odd Mushroom":7,"Cracked Core":0,"MawBank":6,"Unceasing Top":8},{"Runic Dome":39,"Dream Catcher":31,"Gremlin Horn":47,"Pantograph":18,"Juzu Bracelet":54,"Odd Mushroom":18,"Cracked Core":0,"MawBank":15,"Unceasing Top":24}],"Unceasing Top":[5]},"card_choices":[{"not_picked":["Leap","Turbo"],"picked":"Sunder","floor":1.0},{"not_picked":["Go for the Eyes","Double Energy"],"picked":"Sunder","floor":2.0},{"not_picked":["Fusion","Compile Driver"],"picked":"Static Discharge","floor":3.0},{"not_picked":["Double Energy","Multi-Cast"],"picked":"Glacier","floor":4.0},{"not_picked":["Rebound","Chaos"],"picked":"Cold Snap","floor":5.0},{"not_picked":["Double Energy","Melter"],"picked":"Biased Cognition","floor":6.0},{"not_picked":["Undo","Blizzard"],"picked":"Consume","floor":8.0},{"not_picked":["Reprogram","Steam"],"picked":"Defragment","floor":10.0},{"not_picked":["Beam Cell","Stack","Go for the Eyes"],"picked":"SKIP","floor":12.0},{"not_picked":["Hello World","Hyperbeam"],"picked":"Compile Driver","floor":13.0},{"not_picked":["Biased Cognition","Reboot"],"picked":"Fission","floor":16.0},{"not_picked":["Rebound","Genetic Algorithm","Go for the Eyes"],"picked":"SKIP","floor":18.0},{"not_picked":["Steam Power+1","Melter"],"picked":"Conserve Battery+1","floor":20},{"not_picked":["FTL","Hello World","Steam Power+1"],"picked":"SKIP","floor":22},{"not_picked":["Stack","Recycle+1"],"picked":"Buffer","floor":23}],"player_experience":745543,"relics_obtained":[{"floor":6.0,"key":"MawBank"},{"floor":8.0,"key":"Odd Mushroom"},{"floor":9.0,"key":"Pantograph"},{"floor":10.0,"key":"Unceasing Top"},{"floor":13.0,"key":"Dream Catcher"},{"floor":23,"key":"Juzu Bracelet"}],"event_choices":[{"damage_healed":0.0,"max_hp_gain":0.0,"max_hp_loss":0.0,"gold_gain":0.0,"event_name":"Mushrooms","player_choice":"Fought Mushrooms","floor":8.0,"gold_loss":0.0,"damage_taken":0.0},{"damage_healed":0.0,"max_hp_gain":0.0,"max_hp_loss":0.0,"gold_gain":0.0,"event_name":"Duplicator","player_choice":"Copied","floor":19.0,"gold_loss":0.0,"damage_taken":0.0,"cards_obtained":["Defragment"]}],"is_beta":false,"boss_relics":[{"not_picked":["Fusion Hammer","Runic Pyramid"],"picked":"Runic Dome"}],"items_purged_floors":[14,21],"is_endless":false,"potions_floor_spawned":[1,2,5,8,10,12,13,20,22],"killed_by":"Slavers","ascension_level":7}}