{"host":"qq27suot6m8koe0b","time":1610017912,"event":{"mods":["Act Like it!","BaseMod","CapriCore","GifTheSpireLib","Lobotomy","Minty Spire (QoL Compilation)","StSLib","Waifu the Spire"],"gold_per_floor":[118,43,118,118,137,168,188,188,188],"floor_reached":8,"playtime":234,"items_purged":[],"score":56,"play_id":"e5b2375e-4a68-4002-b1e8-81acf317ce24","local_time":"20210107191152","is_ascension_mode":false,"campfire_choices":[],"circlet_count":0,"master_deck":["Strike_B","Strike_B","Strike_B","Strike_B","Defend_B","Defend_B","Defend_B","Defend_B","Zap","Dualcast","Sweeping Beam","Self Repair","Sunder","Auto Shields","Loop"],"relics":["Cracked Core","RabbitCall","Omamori"],"acts_visited":["Exordium"],"potions_floor_usage":[8],"damage_taken":[{"damage":1,"enemies":"Cultist","floor":1,"turns":3},{"damage":4,"enemies":"2 Louse","floor":5,"turns":2},{"damage":23,"enemies":"Gremlin Nob","floor":6,"turns":4},{"damage":11,"enemies":"Jaw Worm","floor":7,"turns":2},{"damage":37,"enemies":"3 Sentries","floor":8,"turns":6}],"seed_played":"-4391034116457469493","potions_obtained":[{"floor":6,"key":"SpeedPotion"},{"floor":7,"key":"SneckoOil"}],"is_trial":false,"path_per_floor":["M","$","?","?","M","E","M","E"],"character_chosen":"DEFECT","items_purchased":["Self Repair"],"campfire_rested":0,"item_purchase_floors":[2],"current_hp_per_floor":[74,74,63,68,64,48,37,0,0],"gold":188,"neow_bonus":"","is_daily":false,"chose_seed":false,"campfire_upgraded":0,"win_rate":0.0,"timestamp":1610017912,"path_taken":["M","?","?","?","?","E","M","E"],"items_purchased_type":["Card"],"build_version":"2020-12-22","purchased_purges":0,"victory":false,"max_hp_per_floor":[75,75,75,80,80,80,80,80,80],"card_choices":[{"not_picked":["Recycle","Hologram"],"picked":"Sweeping Beam","floor":1},{"not_picked":["Stack","Go for the Eyes"],"picked":"Sunder","floor":5},{"not_picked":["Tempest","Gash"],"picked":"Auto Shields","floor":6},{"not_picked":["Leap","Doom and Gloom"],"picked":"Loop","floor":7}],"player_experience":261430,"relics_obtained":[{"floor":6,"key":"Omamori"}],"event_choices":[{"damage_healed":0,"gold_gain":75,"player_choice":"Gather Gold","damage_taken":11,"max_hp_gain":0,"max_hp_loss":0,"event_name":"World of Goop","floor":3,"gold_loss":0},{"damage_healed":0,"gold_gain":0,"player_choice":"Donut","damage_taken":0,"max_hp_gain":5,"max_hp_loss":0,"event_name":"Big Fish","floor":4,"gold_loss":0}],"is_beta":false,"boss_relics":[],"items_purged_floors":[],"is_endless":false,"potions_floor_spawned":[6,7],"killed_by":"3 Sentries","ascension_level":0}}