{"host":"g5zc4ej6zn2at89o","time":1610025429,"event":{"mods":["2.2 Compatiblity","AchievementEnabler","BaseMod","Colored Map","DeckTracker","Highlight Path","KOR Keyword Fix","Keyboard Shortcuts","Minty Spire (QoL Compilation)","Permanent Neow","Quick Restart","Say the Spire","StSLib","SuperFastMode","everything is the same but u backflip on backflip"],"gold_per_floor":[114,114,126,86,161,161,186,186,209,56,56,73,90,90,90,90,90],"floor_reached":16,"playtime":498,"items_purged":["Defend_G"],"score":127,"play_id":"9460df3d-25c0-47cb-bef5-86ec154b3e1a","local_time":"20210107221709","is_ascension_mode":true,"campfire_choices":[{"data":"Infinite Blades","floor":6,"key":"SMITH"},{"data":"Leg Sweep","floor":8,"key":"SMITH"},{"floor":15,"key":"REST"}],"circlet_count":0,"master_deck":["Strike_G","Strike_G","Strike_G","Defend_G","Defend_G","Defend_G","Survivor","Neutralize","Heel Hook","Eviscerate","Leg Sweep+1","Infinite Blades+1","Prepared","Distraction","Setup","Outmaneuver"],"relics":["Ring of the Snake","Gremlin Horn","Orichalcum","CultistMask","Smiling Mask"],"acts_visited":["Exordium"],"potions_floor_usage":[],"damage_taken":[{"damage":0,"enemies":"Small Slimes","floor":1,"turns":3},{"damage":0,"enemies":"Cultist","floor":3,"turns":4},{"damage":8,"enemies":"Gremlin Nob","floor":7,"turns":5},{"damage":13,"enemies":"Jaw Worm","floor":12,"turns":6},{"damage":1,"enemies":"Exordium Thugs","floor":13,"turns":5},{"damage":13,"enemies":"Hexaghost","floor":16,"turns":3}],"seed_played":"-1140286451823913551","potions_obtained":[{"floor":3,"key":"Explosive Potion"},{"floor":13,"key":"Poison Potion"}],"is_trial":false,"path_per_floor":["M","?","M","$","?","R","E","R","T","$","?","M","M","?","R","B"],"character_chosen":"THE_SILENT","items_purchased":["Infinite Blades","Distraction"],"campfire_rested":1,"item_purchase_floors":[4,10],"current_hp_per_floor":[45,45,45,45,34,34,26,26,26,26,26,13,12,12,33,20,20],"gold":90,"neow_bonus":"TRANSFORM_TWO_CARDS","is_daily":false,"chose_seed":false,"campfire_upgraded":2,"win_rate":0.0,"timestamp":1610025429,"path_taken":["M","?","?","?","?","R","E","R","T","$","?","?","M","?","R","BOSS"],"items_purchased_type":["Card","Card"],"build_version":"2020-12-22","purchased_purges":1,"victory":false,"max_hp_per_floor":[70,70,70,70,70,70,70,70,70,70,70,70,70,70,70,70,70],"card_choices":[{"not_picked":["Slice","Poisoned Stab"],"picked":"Leg Sweep","floor":1},{"not_picked":["Noxious Fumes","Heel Hook","Sucker Punch"],"picked":"SKIP","floor":3},{"not_picked":["Riddle With Holes","Deflect"],"picked":"Prepared","floor":7},{"not_picked":["Escape Plan","Riddle With Holes"],"picked":"Setup","floor":12},{"not_picked":["Noxious Fumes","Bane"],"picked":"Outmaneuver","floor":13}],"player_experience":117252,"relics_obtained":[{"floor":7,"key":"Gremlin Horn"},{"floor":9,"key":"Orichalcum"}],"event_choices":[{"cards_removed":["Strike_G"],"damage_healed":0,"gold_gain":0,"player_choice":"Purged","damage_taken":0,"max_hp_gain":0,"max_hp_loss":0,"event_name":"Purifier","floor":2,"gold_loss":0},{"damage_healed":0,"gold_gain":75,"player_choice":"Gather Gold","damage_taken":11,"max_hp_gain":0,"max_hp_loss":0,"event_name":"World of Goop","floor":5,"gold_loss":0},{"damage_healed":0,"gold_gain":0,"player_choice":"Trade","damage_taken":0,"relics_obtained":["CultistMask"],"max_hp_gain":0,"max_hp_loss":0,"event_name":"FaceTrader","floor":11,"gold_loss":0},{"damage_healed":0,"gold_gain":0,"player_choice":"Gave Potion","damage_taken":0,"relics_obtained":["Smiling Mask"],"max_hp_gain":0,"max_hp_loss":0,"event_name":"WeMeetAgain","floor":14,"gold_loss":0}],"is_beta":false,"boss_relics":[],"items_purged_floors":[10],"is_endless":false,"potions_floor_spawned":[3,13],"killed_by":"Hexaghost","ascension_level":6}}