{"host":"0dsi8ju7ih3zb7n8","time":1610047868,"event":{"mods":["2.2 Compatiblity","Act Like it!","BaseMod","Downfall","Hermit","Minty Spire (QoL Compilation)","Robot Space Explorer","Spicy Shops","StSLib","The Marked"],"gold_per_floor":[118,118,129,149,324,350,350,383,383,383,29,57,88,130,142,251,263,285,297,309,321,348,391,435,447,459,496,508,549,609,634,646,763,775,802,814,34,47,97,97,122,447,447,462,462,486,486,541,541,541],"floor_reached":51,"playtime":2983,"items_purged":[],"score":1106,"play_id":"409705ae-ccac-48d7-97e6-4e57b1b27a1e","local_time":"20210107203108","daily_mods":["SealedDeck","Heirloom","Flight"],"is_ascension_mode":true,"campfire_choices":[{"data":"Dodge and Roll","floor":7,"key":"SMITH"},{"floor":10,"key":"REST"},{"data":"Night Terror","floor":15,"key":"SMITH"},{"floor":25,"key":"REST"},{"floor":28,"key":"REST"},{"data":"A Thousand Cuts","floor":32,"key":"SMITH"},{"data":"Envenom","floor":40,"key":"SMITH"},{"floor":45,"key":"REST"},{"data":"Catalyst","floor":47,"key":"SMITH"},{"data":"Night Terror","floor":49,"key":"SMITH"}],"circlet_count":0,"master_deck":["Outmaneuver","Flying Knee","Crippling Poison","Poisoned Stab","Deadly Poison","Crippling Poison","Backflip+1","Backstab","Dodge and Roll+1","Footwork+1","Concentrate","All Out Attack","Endless Agony","Clumsy","Night Terror+1","Storm of Steel+1","Finisher","A Thousand Cuts+1","Blade Dance+1","Well Laid Plans","Night Terror+1","Bane+1","Envenom+1","Blur+1","Catalyst+1","Escape Plan+1","Choke+1","Acrobatics+1","Phantasmal Killer"],"relics":["Ring of the Snake","champ:DeflectingBracers","Tiny Chest","The Specimen","Paper Crane","Prayer Wheel","TungstenRod","Anchor","Shuriken","MawBank","Guardian:GemstoneGun","Black Star","War Paint","Bottled Flame","White Beast Statue","Gremlin Horn","Blue Candle","Sundial","Pear","InkBottle","Du-Vu Doll","MealTicket","sneckomod:SneckoTalon","Ninja Scroll","Kunai","Bronze Scales","Akabeko","Peace Pipe","Letter Opener","Art of War","Eternal Feather","Old Coin","Question Card","Blood Vial","Unceasing Top"],"acts_visited":["Exordium","TheCity","TheBeyond"],"potions_floor_usage":[8,14,24,29,29,33,41,50,50],"damage_taken":[{"damage":0,"enemies":"Small Slimes","floor":1,"turns":3},{"damage":0,"enemies":"Cultist","floor":3,"turns":3},{"damage":3,"enemies":"Jaw Worm","floor":4,"turns":2},{"damage":33,"enemies":"3 Sentries","floor":6,"turns":8},{"damage":7,"enemies":"Gremlin Nob","floor":8,"turns":3},{"damage":2,"enemies":"3 Sentries","floor":12,"turns":5},{"damage":0,"enemies":"Lagavulin","floor":13,"turns":6},{"damage":1,"enemies":"Gremlin Nob","floor":14,"turns":3},{"damage":2,"enemies":"Hexaghost","floor":16,"turns":8},{"damage":10,"enemies":"Spheric Guardian","floor":18,"turns":4},{"damage":0,"enemies":"2 Thieves","floor":22,"turns":2},{"damage":31,"enemies":"Book of Stabbing","floor":23,"turns":5},{"damage":18,"enemies":"Gremlin Leader","floor":24,"turns":5},{"damage":10,"enemies":"Book of Stabbing","floor":27,"turns":4},{"damage":0,"enemies":"Gremlin Leader","floor":29,"turns":2},{"damage":0,"enemies":"Snake Plant","floor":31,"turns":4},{"damage":35,"enemies":"Collector","floor":33,"turns":6},{"damage":0,"enemies":"3 Shapes","floor":35,"turns":2},{"damage":0,"enemies":"3 Darklings","floor":38,"turns":2},{"damage":9,"enemies":"Mind Bloom Boss Battle","floor":39,"turns":4},{"damage":4,"enemies":"Nemesis","floor":41,"turns":5},{"damage":30,"enemies":"Giant Head","floor":42,"turns":6},{"damage":15,"enemies":"Spire Growth","floor":44,"turns":4},{"damage":0,"enemies":"2 Orb Walkers","floor":48,"turns":1},{"damage":71,"enemies":"Donu and Deca","floor":50,"turns":6}],"seed_played":"-1883972051755635386","potions_obtained":[{"floor":4,"key":"Poison Potion"},{"floor":6,"key":"hexamod:EctoCoolerPotion"},{"floor":12,"key":"SmokeBomb"},{"floor":14,"key":"Explosive Potion"},{"floor":16,"key":"Strength Potion"},{"floor":23,"key":"LiquidMemories"},{"floor":24,"key":"sneckomod:MuddlingPotion"},{"floor":27,"key":"Weak Potion"},{"floor":29,"key":"Weak Potion"},{"floor":31,"key":"champ:CounterPotion"},{"floor":33,"key":"SkillPotion"},{"floor":41,"key":"SmokeBomb"},{"floor":42,"key":"Strength Potion"}],"is_trial":true,"path_per_floor":["M","?","M","M","?","E","R","E","T","R","$","E","E","E","R","B",null,"M","?","?","$","M","E","E","R","T","E","R","E","T","M","R","B",null,"M","?","$","M","?","R","E","E","T","M","R","T","R","?","R","B",null],"character_chosen":"THE_SILENT","items_purchased":["Prayer Wheel","TungstenRod","Anchor","Ninja Scroll","Kunai","Bronze Scales","Akabeko"],"campfire_rested":4,"item_purchase_floors":[11,11,11,37,37,37,37],"current_hp_per_floor":[70,70,70,67,67,34,34,27,27,48,48,46,46,45,45,43,70,60,60,60,60,60,29,11,32,32,32,56,56,56,56,56,21,80,80,80,80,80,71,71,67,37,37,22,61,61,76,78,80,9],"gold":541,"neow_bonus":"","is_daily":false,"chose_seed":false,"campfire_upgraded":6,"win_rate":0.0,"timestamp":1610047868,"path_taken":["M","?","M","?","?","E","R","E","T","R","$","E","E","E","R","BOSS","M","?","?","$","?","E","E","R","T","E","R","E","?","M","R","BOSS","M","?","$","M","?","R","E","E","T","?","R","?","R","?","R","BOSS"],"items_purchased_type":["Relic","Relic","Relic","Relic","Relic","Relic","Relic"],"build_version":"2020-12-22","purchased_purges":0,"victory":true,"max_hp_per_floor":[70,70,70,70,70,70,70,70,70,70,70,70,70,70,70,70,70,70,70,70,70,70,70,70,70,70,80,80,80,80,80,80,80,80,80,80,80,80,80,80,80,80,80,80,80,80,80,80,80,80],"card_choices":[{"not_picked":["Dagger Throw","Bane"],"picked":"Concentrate","floor":1},{"not_picked":["Setup","Quick Slash","Dagger Spray"],"picked":"SKIP","floor":3},{"not_picked":["Blade Dance","Dagger Throw"],"picked":"All Out Attack","floor":4},{"not_picked":["Dagger Spray","Poisoned Stab"],"picked":"Endless Agony","floor":6},{"not_picked":["Accuracy","Deadly Poison","Riddle With Holes"],"picked":"SKIP","floor":8},{"not_picked":["Poisoned Stab","Deadly Poison"],"picked":"Night Terror","floor":12},{"not_picked":["Prepared","Dagger Spray"],"picked":"Storm of Steel","floor":13},{"not_picked":["Deflect","Outmaneuver"],"picked":"Finisher","floor":14},{"not_picked":["Wraith Form v2","Night Terror"],"picked":"A Thousand Cuts","floor":16},{"not_picked":["Outmaneuver","Bane"],"picked":"Blade Dance+1","floor":18},{"not_picked":["All Out Attack","Underhanded Strike","Flying Knee"],"picked":"SKIP","floor":18},{"not_picked":["Dagger Spray+1","Slice","Finisher"],"picked":"SKIP","floor":22},{"not_picked":["Prepared","Dagger Throw","Heel Hook"],"picked":"SKIP","floor":22},{"not_picked":["Backflip","Riddle With Holes"],"picked":"Well Laid Plans","floor":23},{"not_picked":["Heel Hook+1","Dodge and Roll","Underhanded Strike"],"picked":"SKIP","floor":24},{"not_picked":["Cloak And Dagger+1","PiercingWail+1"],"picked":"Blur","floor":27},{"not_picked":["Heel Hook","Underhanded Strike"],"picked":"Night Terror","floor":29},{"not_picked":["Outmaneuver+1","Deflect"],"picked":"Bane+1","floor":31},{"not_picked":["Slice","Underhanded Strike","Poisoned Stab+1"],"picked":"SKIP","floor":31},{"not_picked":["Tools of the Trade","Bullet Time"],"picked":"Envenom","floor":33},{"not_picked":["Masterful Stab+1","Cloak And Dagger"],"picked":"Blur+1","floor":35},{"not_picked":["PiercingWail+1","Dodge and Roll+1","Underhanded Strike"],"picked":"SKIP","floor":35},{"not_picked":["Masterful Stab+1","Dodge and Roll+1"],"picked":"Catalyst","floor":38},{"not_picked":["Dagger Throw+1","Corpse Explosion"],"picked":"Escape Plan+1","floor":38},{"not_picked":["Deadly Poison","Eviscerate+1"],"picked":"Choke+1","floor":41},{"not_picked":["Cloak And Dagger","Tactician"],"picked":"Acrobatics+1","floor":42},{"not_picked":["Dagger Spray","Cloak And Dagger+1","Underhanded Strike","Acrobatics"],"picked":"SKIP","floor":44},{"not_picked":["Backflip","Leg Sweep","Endless Agony","Calculated Gamble"],"picked":"SKIP","floor":44},{"not_picked":["Underhanded Strike+1","Riddle With Holes","All Out Attack"],"picked":"Phantasmal Killer","floor":48}],"player_experience":816701,"relics_obtained":[{"floor":6,"key":"Tiny Chest"},{"floor":8,"key":"The Specimen"},{"floor":9,"key":"Paper Crane"},{"floor":12,"key":"Shuriken"},{"floor":13,"key":"MawBank"},{"floor":14,"key":"Guardian:GemstoneGun"},{"floor":23,"key":"War Paint"},{"floor":23,"key":"Bottled Flame"},{"floor":24,"key":"White Beast Statue"},{"floor":24,"key":"Gremlin Horn"},{"floor":26,"key":"Blue Candle"},{"floor":27,"key":"Sundial"},{"floor":27,"key":"Pear"},{"floor":29,"key":"InkBottle"},{"floor":29,"key":"Du-Vu Doll"},{"floor":30,"key":"MealTicket"},{"floor":39,"key":"Peace Pipe"},{"floor":41,"key":"Letter Opener"},{"floor":41,"key":"Art of War"},{"floor":42,"key":"Eternal Feather"},{"floor":42,"key":"Old Coin"},{"floor":43,"key":"Question Card"},{"floor":46,"key":"Blood Vial"},{"floor":48,"key":"Unceasing Top"}],"event_choices":[{"damage_healed":0,"gold_gain":0,"player_choice":"Upgraded","damage_taken":0,"max_hp_gain":0,"max_hp_loss":0,"event_name":"Upgrade Shrine","floor":2,"gold_loss":0,"cards_upgraded":["Footwork"]},{"damage_healed":0,"gold_gain":175,"player_choice":"AGREE","damage_taken":0,"max_hp_gain":0,"max_hp_loss":0,"event_name":"Liars Game","floor":5,"gold_loss":0,"cards_obtained":["Doubt"]},{"damage_healed":0,"gold_gain":0,"player_choice":"Ignored","damage_taken":0,"max_hp_gain":0,"max_hp_loss":0,"event_name":"Vampires","floor":19,"gold_loss":0},{"cards_removed":["Doubt"],"damage_healed":0,"gold_gain":0,"player_choice":"Card Removal","damage_taken":0,"max_hp_gain":0,"max_hp_loss":0,"event_name":"Wheel of Change","floor":20,"gold_loss":0},{"cards_removed":["Blur"],"damage_healed":0,"gold_gain":0,"player_choice":"Removed Skill","damage_taken":0,"max_hp_gain":0,"max_hp_loss":0,"event_name":"Falling","floor":36,"gold_loss":0},{"damage_healed":0,"gold_gain":0,"player_choice":"Fight","damage_taken":0,"max_hp_gain":0,"max_hp_loss":0,"event_name":"MindBloom","floor":39,"gold_loss":0},{"damage_healed":0,"gold_gain":0,"player_choice":"Fight","damage_taken":0,"max_hp_gain":0,"max_hp_loss":0,"event_name":"Mysterious Sphere","floor":48,"gold_loss":0}],"is_beta":false,"boss_relics":[{"not_picked":["Astrolabe","Busted Crown"],"picked":"Black Star"},{"not_picked":["Calling Bell","HoveringKite"],"picked":"sneckomod:SneckoTalon"}],"items_purged_floors":[],"is_endless":false,"potions_floor_spawned":[4,6,12,14,16,18,23,24,27,29,31,33,35,38,39,41,42,44,48],"ascension_level":4}}