{"host":"dk10vuzdqf3wivcv","time":1610028228,"event":{"mods":["Aspiration","Astrologer","BaseMod","Colored Map","Conspire","Friendly Minions","Hubris","Minty Spire (QoL Compilation)","Replay The Spire","StSLib","SuperFastMode","Td1madao Mod","The Animator","The Cursed","The Gatherer","The Hierophant","The Jungle","The Marked","The Servant 0.9.4"],"gold_per_floor":[125,300,47,70,85,111,134,167,244,244,261,305,305,305],"floor_reached":13,"playtime":966,"items_purged":["Doubt"],"score":102,"play_id":"e2c3f209-5de6-4bb6-a48b-e6b82c474cd2","local_time":"20210107150348","is_ascension_mode":true,"campfire_choices":[{"floor":10,"key":"RECALL"}],"circlet_count":0,"master_deck":["animator:Strike_OwariNoSeraph","animator:Defend_OwariNoSeraph","animator:Strike","animator:Strike","animator:Strike","animator:Defend","animator:Defend","animator:Defend","animator:Shinoa","animator:Mikaela","animator:TsurugaMeisai","animator:Lelouch","animator:Shigure","animator:UneriGinkaku","animator:Wiz","animator:Mitsuba","animator:Yoichi","animator:Chung","animator:KrulTepes","animator:Yuuichirou"],"relics":["animator:LivingPicture","animator:TheMissingPiece","animator:PurgingStone","conspire:GiftBox","Nunchaku"],"acts_visited":["Exordium"],"potions_floor_usage":[13,13],"damage_taken":[{"damage":0.0,"enemies":"Jaw Worm","floor":1.0,"turns":5.0},{"damage":0.0,"enemies":"Small Slimes","floor":4.0,"turns":5.0},{"damage":0.0,"enemies":"2 Louse","floor":5.0,"turns":2.0},{"damage":15.0,"enemies":"3 Sentries","floor":6.0,"turns":9.0},{"damage":3.0,"enemies":"2 Fungi Beasts","floor":7.0,"turns":3.0},{"damage":17.0,"enemies":"Lagavulin","floor":8.0,"turns":9.0},{"damage":3,"enemies":"Exordium Thugs","floor":11,"turns":4},{"damage":17,"enemies":"Blue Slaver","floor":12,"turns":4},{"damage":42,"enemies":"Gremlin Nob","floor":13,"turns":4}],"seed_played":"5935926681759571292","potions_obtained":[{"floor":1.0,"key":"DuplicationPotion"},{"floor":5.0,"key":"SkillPotion"},{"floor":12,"key":"DistilledChaos"}],"is_trial":false,"path_per_floor":["M","?","$","M","M","E","M","E","T","R","M","M","E"],"character_chosen":"THE_ANIMATOR","items_purchased":["animator:Lelouch"],"campfire_rested":0,"item_purchase_floors":[3],"current_hp_per_floor":[72,72,72,72,73,59,56,39,39,39,37,20,0,0],"gold":305,"neow_bonus":"TEN_PERCENT_HP_BONUS","is_daily":false,"chose_seed":false,"campfire_upgraded":0,"win_rate":0.0,"timestamp":1610028228,"path_taken":["M","?","?","M","M","E","M","E","T","R","M","M","E"],"items_purchased_type":["Card"],"build_version":"2020-12-22","purchased_purges":1,"victory":false,"max_hp_per_floor":[72,72,72,72,73,74,74,74,74,74,75,75,75,75],"card_choices":[{"not_picked":["animator:Shinoa","animator:YaoHaDucy"],"picked":"animator:TsurugaMeisai","floor":1.0},{"not_picked":["animator:DolaRiku","animator:ChlammyZell"],"picked":"animator:Shigure","floor":4.0},{"not_picked":["animator:Shinoa","animator:MaesHughes"],"picked":"animator:UneriGinkaku","floor":5.0},{"not_picked":["animator:Eris","animator:Biyorigo"],"picked":"animator:Wiz","floor":6.0},{"not_picked":["animator:Shigure","animator:Mikaela"],"picked":"animator:Mitsuba","floor":6.0},{"not_picked":["animator:Lu","animator:Aisha"],"picked":"animator:Yoichi","floor":7.0},{"not_picked":["animator:ElricEdward","animator:DolaRiku"],"picked":"animator:Chung","floor":8.0},{"not_picked":["animator:Chung","animator:SilverFang"],"picked":"animator:KrulTepes","floor":11},{"not_picked":["animator:HiiragiShinya","animator:KrulTepes"],"picked":"animator:Yuuichirou","floor":12}],"player_experience":141838,"relics_obtained":[{"floor":6.0,"key":"conspire:GiftBox"},{"floor":8.0,"key":"Nunchaku"}],"event_choices":[{"damage_healed":0.0,"max_hp_gain":0.0,"max_hp_loss":0.0,"gold_gain":175.0,"event_name":"Liars Game","player_choice":"AGREE","floor":2.0,"gold_loss":0.0,"damage_taken":0.0,"cards_obtained":["Doubt"]}],"is_beta":false,"boss_relics":[],"items_purged_floors":[3],"is_endless":false,"potions_floor_spawned":[1,5,12],"killed_by":"Gremlin Nob","ascension_level":1}}