{"host":"ig7tc0uedzltt2sr","time":1610002156,"event":{"mods":["BaseMod","Better Twitch Integration","Block Reminder","Colored Map","Colored Powertips","Communication Mod","Current Relic Mod","GifTheSpireLib","HexUI Lib","Minty Spire (QoL Compilation)","Quick Restart","Random Character Button","Rare Cards Sparkle","Relic Sorter","Relic Stats","Slay the Relics Exporter","StSLib","SuperFastMode","Synergy Search","Twitch Decklist","Twitch Utils","everything is the same but u backflip on backflip","slay the spire mod where everything is the same but ironclad has a cowboy hat"],"gold_per_floor":[114,70,85,102,114,114,214,214,214,214,232,243,257,276,276,276,276],"floor_reached":16,"playtime":111,"items_purged":[],"score":96,"play_id":"e5f5b5d6-2db3-48f2-b991-477143af8cf1","local_time":"20210106224916","is_ascension_mode":false,"campfire_choices":[{"floor":6,"key":"RECALL"},{"floor":8,"key":"REST"},{"floor":10,"key":"REST"},{"floor":15,"key":"REST"}],"circlet_count":0,"master_deck":["Strike_R","Strike_R","Strike_R","Strike_R","Strike_R","Defend_R","Defend_R","Defend_R","Defend_R","Bash","Twin Strike","Combust","Intimidate","Headbutt","Rampage","Pommel Strike","Combust","Feed"],"relics":["Burning Blood","NeowsBlessing","Meat on the Bone"],"acts_visited":["Exordium"],"potions_floor_usage":[],"damage_taken":[{"damage":0,"enemies":"Jaw Worm","floor":1,"turns":1},{"damage":0,"enemies":"Cultist","floor":3,"turns":3},{"damage":0,"enemies":"Small Slimes","floor":4,"turns":2},{"damage":52,"enemies":"Exordium Thugs","floor":5,"turns":7},{"damage":13,"enemies":"Exordium Wildlife","floor":11,"turns":7},{"damage":15,"enemies":"2 Fungi Beasts","floor":12,"turns":4},{"damage":5,"enemies":"Large Slime","floor":13,"turns":6},{"damage":37,"enemies":"Exordium Wildlife","floor":14,"turns":9},{"damage":78,"enemies":"Slime Boss","floor":16,"turns":7}],"seed_played":"-4852371855311920719","potions_obtained":[{"floor":5,"key":"EssenceOfSteel"},{"floor":11,"key":"LiquidBronze"},{"floor":13,"key":"Regen Potion"}],"is_trial":false,"path_per_floor":["M","?","M","M","M","R","?","R","T","R","M","M","M","M","R","B"],"character_chosen":"IRONCLAD","items_purchased":[],"campfire_rested":3,"item_purchase_floors":[],"current_hp_per_floor":[80,80,80,80,34,34,34,58,58,80,73,64,65,49,73,0,0],"gold":276,"neow_bonus":"THREE_ENEMY_KILL","is_daily":false,"chose_seed":false,"campfire_upgraded":0,"win_rate":0.0,"timestamp":1610002156,"path_taken":["M","?","M","M","M","R","?","R","T","R","M","M","?","M","R","BOSS"],"items_purchased_type":[],"build_version":"2020-12-22","purchased_purges":0,"victory":false,"max_hp_per_floor":[80,80,80,80,80,80,80,80,80,80,80,80,80,80,80,80,80],"relic_stats":{"counters":[9,46],"obtain_stats":[{"NeowsBlessing":0,"Burning Blood":0,"Meat on the Bone":9},{"NeowsBlessing":0,"Burning Blood":0,"Meat on the Bone":4},{"NeowsBlessing":0,"Burning Blood":0,"Meat on the Bone":13}],"Burning Blood":30,"Meat on the Bone":0},"card_choices":[{"not_picked":["Warcry","Clash"],"picked":"Twin Strike","floor":1},{"not_picked":["Warcry","Heavy Blade"],"picked":"Combust","floor":3},{"not_picked":["Iron Wave","Dual Wield"],"picked":"Intimidate","floor":4},{"not_picked":["Clash","Thunderclap"],"picked":"Headbutt","floor":5},{"not_picked":["Headbutt","Clash"],"picked":"Rampage","floor":11},{"not_picked":["Ghostly Armor","Sever Soul"],"picked":"Pommel Strike","floor":12},{"not_picked":["Body Slam","Shrug It Off"],"picked":"Combust","floor":13},{"not_picked":["Sword Boomerang","Flex"],"picked":"Feed","floor":14}],"player_experience":1451433,"relics_obtained":[{"floor":9,"key":"Meat on the Bone"}],"event_choices":[{"damage_healed":0,"gold_gain":0,"player_choice":"Left Gold","damage_taken":0,"max_hp_gain":0,"max_hp_loss":0,"event_name":"World of Goop","floor":2,"gold_loss":44},{"damage_healed":0,"gold_gain":100,"player_choice":"Pray","damage_taken":0,"max_hp_gain":0,"max_hp_loss":0,"event_name":"Golden Shrine","floor":7,"gold_loss":0}],"is_beta":false,"boss_relics":[],"items_purged_floors":[],"is_endless":false,"potions_floor_spawned":[5,11,13],"killed_by":"Slime Boss","ascension_level":0}}