{"host":"dmdprxj8bosbz96f","time":1610023291,"event":{"mods":["AchievementEnabler","BaseMod","Colored Map","DeckTracker","Minty Spire (QoL Compilation)","Permanent Neow","Quick Restart","SuperFastMode","everything is the same but u backflip on backflip"],"gold_per_floor":[118,118,138,138,150,168,118,118,167,198,43,43,71,82,82,82,82],"floor_reached":16,"playtime":840,"items_purged":["Strike_R"],"score":132,"play_id":"491845ed-a088-4e7c-b9a0-36a86fcc64de","local_time":"20210107214131","is_ascension_mode":true,"campfire_choices":[{"data":"Fiend Fire","floor":8,"key":"SMITH"},{"data":"Dark Embrace","floor":12,"key":"SMITH"},{"data":"Entrench","floor":15,"key":"SMITH"}],"circlet_count":0,"master_deck":["Strike_R","Strike_R","Strike_R","Defend_R","Defend_R","Defend_R","Defend_R","Bash","Fiend Fire+1","Flame Barrier","Armaments","Shrug It Off","Dark Embrace+1","Entrench+1","Second Wind","Wild Strike","Cleave"],"relics":["Burning Blood","Happy Flower","Strawberry","Matryoshka","Toy Ornithopter"],"acts_visited":["Exordium"],"potions_floor_usage":[5,10,10,13],"damage_taken":[{"damage":0,"enemies":"2 Louse","floor":1,"turns":2},{"damage":0,"enemies":"Cultist","floor":3,"turns":3},{"damage":0,"enemies":"Small Slimes","floor":5,"turns":2},{"damage":0,"enemies":"2 Fungi Beasts","floor":6,"turns":5},{"damage":14,"enemies":"3 Sentries","floor":10,"turns":8},{"damage":3,"enemies":"Lagavulin","floor":13,"turns":13},{"damage":11,"enemies":"Looter","floor":14,"turns":4},{"damage":75,"enemies":"Hexaghost","floor":16,"turns":10}],"seed_played":"-8848619909917798738","potions_obtained":[{"floor":1,"key":"Ancient Potion"},{"floor":3,"key":"CultistPotion"},{"floor":4,"key":"Energy Potion"},{"floor":4,"key":"Regen Potion"},{"floor":4,"key":"Fire Potion"},{"floor":5,"key":"SneckoOil"}],"is_trial":false,"path_per_floor":["M","?","M","?","M","M","?","R","T","E","$","R","E","M","R","B"],"character_chosen":"IRONCLAD","items_purchased":["Second Wind"],"campfire_rested":0,"item_purchase_floors":[11],"current_hp_per_floor":[72,60,66,66,72,72,72,72,79,79,79,79,79,74,74,0,0],"gold":82,"neow_bonus":"THREE_RARE_CARDS","is_daily":false,"chose_seed":false,"campfire_upgraded":3,"win_rate":0.0,"timestamp":1610023291,"path_taken":["M","?","M","?","?","M","?","R","T","E","$","R","E","M","R","BOSS"],"items_purchased_type":["Card"],"build_version":"2020-12-22","purchased_purges":1,"victory":false,"max_hp_per_floor":[72,72,72,72,72,72,72,72,79,79,79,79,79,79,79,79,79],"card_choices":[{"not_picked":["Reaper","Feed"],"picked":"Fiend Fire","floor":0},{"not_picked":["Iron Wave","Twin Strike"],"picked":"Flame Barrier","floor":1},{"not_picked":["Twin Strike","Cleave"],"picked":"Armaments","floor":3},{"not_picked":["Pommel Strike","Havoc"],"picked":"Shrug It Off","floor":5},{"not_picked":["Pummel","Seeing Red"],"picked":"Dark Embrace","floor":6},{"not_picked":["True Grit","Berserk"],"picked":"Entrench","floor":10},{"not_picked":["Twin Strike","Pummel"],"picked":"Wild Strike","floor":13},{"not_picked":["Carnage","Pommel Strike"],"picked":"Cleave","floor":14}],"player_experience":168821,"relics_obtained":[{"floor":9,"key":"Strawberry"},{"floor":10,"key":"Matryoshka"},{"floor":13,"key":"Toy Ornithopter"}],"event_choices":[{"damage_healed":0,"gold_gain":0,"player_choice":"Success","damage_taken":12,"relics_obtained":["Happy Flower"],"max_hp_gain":0,"max_hp_loss":0,"event_name":"Scrap Ooze","floor":2,"gold_loss":0},{"damage_healed":0,"gold_gain":0,"player_choice":"Got Potions","damage_taken":0,"max_hp_gain":0,"max_hp_loss":0,"event_name":"Lab","floor":4,"gold_loss":0},{"cards_removed":["Strike_R"],"damage_healed":0,"gold_gain":0,"player_choice":"Card Removal","damage_taken":0,"max_hp_gain":0,"max_hp_loss":0,"event_name":"The Cleric","floor":7,"gold_loss":50}],"is_beta":false,"boss_relics":[],"items_purged_floors":[11],"is_endless":false,"potions_floor_spawned":[1,3,5],"killed_by":"Hexaghost","ascension_level":4}}