{"host":"vjxpm20xjjgw99r7","time":1610019780,"event":{"mods":["AchievementEnabler","BaseMod","Colored Map","Minty Spire (QoL Compilation)","Quick Restart","SuperFastMode"],"gold_per_floor":[112,112,131,141,106,106,136,211,211,211,226,172,203,2,2,105,105,117,146,73,84,101,101,101],"floor_reached":23,"playtime":1661,"items_purged":[],"score":209,"play_id":"c1f5dbac-7f57-44a1-8754-72c3a3d22743","local_time":"20210107204300","is_ascension_mode":true,"campfire_choices":[{"data":"Dualcast","floor":6,"key":"SMITH"},{"floor":10,"key":"REST"},{"floor":15,"key":"REST"}],"circlet_count":0,"master_deck":["Strike_B","Strike_B","Defend_B","Defend_B","Defend_B","Zap","Dualcast+1","Fission","Thunder Strike","Ball Lightning","Ball Lightning","Machine Learning","Redo","Cold Snap","Coolheaded","Creative AI","Static Discharge+1","Defragment","Steam+1"],"relics":["Cracked Core","Juzu Bracelet","Mummified Hand","Bottled Tornado","ClockworkSouvenir","Inserter","Red Mask"],"acts_visited":["TheCity"],"potions_floor_usage":[13,23,23],"damage_taken":[{"damage":5,"enemies":"Small Slimes","floor":1,"turns":4},{"damage":6,"enemies":"Jaw Worm","floor":3,"turns":3},{"damage":1,"enemies":"2 Louse","floor":4,"turns":3},{"damage":39,"enemies":"Lagavulin","floor":7,"turns":6},{"damage":1,"enemies":"2 Fungi Beasts","floor":11,"turns":2},{"damage":14,"enemies":"Gremlin Nob","floor":13,"turns":3},{"damage":4,"enemies":"Slime Boss","floor":16,"turns":5},{"damage":17,"enemies":"Spheric Guardian","floor":18,"turns":6},{"damage":56,"enemies":"Masked Bandits","floor":19,"turns":6},{"damage":1,"enemies":"Shell Parasite","floor":21,"turns":5},{"damage":14,"enemies":"Cultist and Chosen","floor":22,"turns":5},{"damage":13,"enemies":"Gremlin Leader","floor":23,"turns":2}],"seed_played":"5244860375018252662","potions_obtained":[{"floor":4,"key":"GamblersBrew"},{"floor":11,"key":"AttackPotion"},{"floor":13,"key":"FairyPotion"},{"floor":18,"key":"FearPotion"},{"floor":22,"key":"SkillPotion"}],"is_trial":false,"path_per_floor":["M","?","M","M","?","R","E","?","T","R","M","$","E","$","R","B",null,"M","?","$","M","M","E"],"character_chosen":"DEFECT","items_purchased":["Redo","ClockworkSouvenir","Coolheaded","Defragment"],"campfire_rested":2,"item_purchase_floors":[12,14,14,20],"current_hp_per_floor":[63,56,50,49,66,66,27,16,16,36,35,35,21,21,41,37,68,51,20,20,19,5,0,0],"gold":101,"neow_bonus":"TRANSFORM_TWO_CARDS","is_daily":false,"chose_seed":false,"campfire_upgraded":1,"win_rate":0.0,"timestamp":1610019780,"path_taken":["M","?","M","M","?","R","E","?","T","R","M","$","E","$","R","BOSS","M","?","$","M","M","E"],"items_purchased_type":["Card","Relic","Card","Card"],"build_version":"2020-12-22","purchased_purges":0,"victory":false,"max_hp_per_floor":[68,68,68,68,68,68,68,68,68,68,68,68,68,68,68,68,68,68,68,68,68,68,68,68],"card_choices":[{"not_picked":["Gash","Sunder","Rebound"],"picked":"SKIP","floor":1},{"not_picked":["Darkness","Auto Shields","Blizzard"],"picked":"SKIP","floor":3},{"not_picked":["Hologram","Coolheaded"],"picked":"Ball Lightning","floor":4},{"not_picked":["Compile Driver","Stack"],"picked":"Ball Lightning","floor":7},{"not_picked":["Sweeping Beam","Redo"],"picked":"Machine Learning","floor":11},{"not_picked":["Compile Driver","Conserve Battery"],"picked":"Cold Snap","floor":13},{"not_picked":["Rainbow","Multi-Cast"],"picked":"Creative AI","floor":16},{"not_picked":["Coolheaded","Streamline","Beam Cell"],"picked":"SKIP","floor":18},{"not_picked":["Compile Driver+1","Chill"],"picked":"Static Discharge+1","floor":19},{"not_picked":["Undo","Compile Driver","Redo"],"picked":"SKIP","floor":21},{"not_picked":["Compile Driver","Hologram"],"picked":"Steam+1","floor":22}],"player_experience":55863,"relics_obtained":[{"floor":7,"key":"Juzu Bracelet"},{"floor":9,"key":"Mummified Hand"},{"floor":13,"key":"Bottled Tornado"},{"floor":19,"key":"Red Mask"}],"event_choices":[{"cards_removed":["Defend_B"],"damage_healed":0,"gold_gain":0,"player_choice":"Card Removal","damage_taken":7,"max_hp_gain":0,"max_hp_loss":0,"event_name":"Golden Wing","floor":2,"gold_loss":0},{"damage_healed":17,"gold_gain":0,"player_choice":"Healed","damage_taken":0,"max_hp_gain":0,"max_hp_loss":0,"event_name":"The Cleric","floor":5,"gold_loss":35},{"damage_healed":0,"gold_gain":75,"player_choice":"Gather Gold","damage_taken":11,"max_hp_gain":0,"max_hp_loss":0,"event_name":"World of Goop","floor":8,"gold_loss":0},{"damage_healed":0,"gold_gain":0,"player_choice":"Fought Bandits","damage_taken":0,"max_hp_gain":0,"max_hp_loss":0,"event_name":"Masked Bandits","floor":19,"gold_loss":0}],"is_beta":false,"boss_relics":[{"not_picked":["Black Star","FrozenCore"],"picked":"Inserter"}],"items_purged_floors":[],"is_endless":false,"potions_floor_spawned":[4,11,13,18,22],"killed_by":"Gremlin Leader","ascension_level":1}}