{"host":"dcj2yvrgcvh5dl2s","time":1610005084,"event":{"mods":["BaseMod","Better Note","Block Reminder","Colored Powertips","DeckTracker","Minty Spire (QoL Compilation)","Quick Restart","Rare Cards Sparkle","Relic Stats","StSLib"],"gold_per_floor":[110,122,139,139,158,158,190,190,190,203,203,222,0,60,60,155,155,165,165,165,180,10,40,6,6,55,55,67,67,100,100,100],"floor_reached":31,"playtime":874,"items_purged":["Strike_G"],"score":341,"play_id":"59d02236-7919-44d2-a137-cd4af2721531","local_time":"20210107173804","is_ascension_mode":true,"campfire_choices":[{"data":"Neutralize","floor":6,"key":"SMITH"},{"floor":11,"key":"REST"},{"floor":15,"key":"REST"},{"floor":25,"key":"REST"},{"floor":27,"key":"REST"}],"circlet_count":0,"master_deck":["Strike_G","Strike_G","Strike_G","Strike_G","Defend_G","Defend_G","Defend_G","Defend_G+1","Defend_G","Survivor+1","Neutralize+1","Deadly Poison","Backstab","Infinite Blades","Unload","Footwork+1","Catalyst+1","Distraction+1","Noxious Fumes+1","Caltrops+1","Adrenaline+1","Deflect+1","Noxious Fumes+1","Noxious Fumes+1","Footwork+1","Cloak And Dagger+1","Footwork+1","Calculated Gamble+1","Well Laid Plans+1"],"relics":["Ring of the Snake","NeowsBlessing","Toxic Egg 2","Frozen Egg 2","Bottled Flame","Membership Card","Juzu Bracelet","Cursed Key","War Paint","Sling","Vajra","Regal Pillow","Shuriken"],"acts_visited":["Exordium","TheCity"],"potions_floor_usage":[14,16,23,23,23],"damage_taken":[{"damage":0,"enemies":"Cultist","floor":1,"turns":1},{"damage":0,"enemies":"Small Slimes","floor":2,"turns":1},{"damage":0,"enemies":"Jaw Worm","floor":3,"turns":1},{"damage":17,"enemies":"2 Fungi Beasts","floor":5,"turns":3},{"damage":13,"enemies":"Gremlin Nob","floor":7,"turns":4},{"damage":6,"enemies":"Blue Slaver","floor":10,"turns":3},{"damage":16,"enemies":"Exordium Wildlife","floor":12,"turns":5},{"damage":14,"enemies":"Lagavulin Event","floor":14,"turns":5},{"damage":11,"enemies":"Hexaghost","floor":16,"turns":7},{"damage":11,"enemies":"Spheric Guardian","floor":18,"turns":4},{"damage":3,"enemies":"Shell Parasite","floor":21,"turns":4},{"damage":19,"enemies":"Slavers","floor":23,"turns":4},{"damage":1,"enemies":"Snake Plant","floor":28,"turns":5},{"damage":40,"enemies":"Book of Stabbing","floor":30,"turns":4},{"damage":42,"enemies":"Snecko","floor":31,"turns":4}],"seed_played":"1987083315286021912","potions_obtained":[{"floor":3,"key":"GamblersBrew"},{"floor":10,"key":"Poison Potion"},{"floor":12,"key":"Swift Potion"},{"floor":18,"key":"CunningPotion"},{"floor":21,"key":"EntropicBrew"},{"floor":23,"key":"Energy Potion"}],"is_trial":false,"path_per_floor":["M","M","M","?","M","R","E","?","T","M","R","M","$","?","R","B",null,"M","?","?","M","$","E","$","R","T","R","M","?","E","M"],"character_chosen":"THE_SILENT","items_purchased":["Membership Card","Noxious Fumes+1","War Paint","Sling","Footwork+1","Footwork+1"],"campfire_rested":4,"item_purchase_floors":[13,13,22,22,22,24],"current_hp_per_floor":[70,70,70,70,53,53,40,33,33,27,48,32,32,18,39,28,60,49,49,49,46,46,27,27,48,48,70,69,69,29,0,0],"gold":100,"neow_bonus":"THREE_ENEMY_KILL","is_daily":false,"chose_seed":false,"campfire_upgraded":1,"win_rate":0.0,"timestamp":1610005084,"path_taken":["M","M","M","?","M","R","E","?","T","M","R","M","$","?","R","BOSS","M","?","?","M","?","E","$","R","T","R","M","?","E","M"],"items_purchased_type":["Relic","Card","Relic","Relic","Card","Card"],"build_version":"2020-12-22","purchased_purges":1,"victory":false,"max_hp_per_floor":[70,70,70,70,70,70,70,70,70,70,70,70,70,70,70,70,70,70,70,70,70,70,70,70,70,70,70,70,70,70,70,70],"relic_stats":{"Regal Pillow":1,"counters":[15,55],"Shuriken":[1],"Juzu Bracelet":0,"War Paint":["Survivor","Defend_G"],"Cursed Key":1,"obtain_stats":[{"Regal Pillow":26,"NeowsBlessing":0,"Vajra":23,"Juzu Bracelet":14,"Frozen Egg 2":7,"War Paint":22,"Cursed Key":17,"Sling":22,"Bottled Flame":9,"Shuriken":30,"Membership Card":13,"Toxic Egg 2":4,"Ring of the Snake":0},{"Regal Pillow":12,"NeowsBlessing":0,"Vajra":12,"Juzu Bracelet":8,"Frozen Egg 2":5,"War Paint":11,"Cursed Key":9,"Sling":11,"Bottled Flame":5,"Shuriken":14,"Membership Card":7,"Toxic Egg 2":3,"Ring of the Snake":0},{"Regal Pillow":42,"NeowsBlessing":0,"Vajra":42,"Juzu Bracelet":23,"Frozen Egg 2":10,"War Paint":38,"Cursed Key":30,"Sling":38,"Bottled Flame":10,"Shuriken":51,"Membership Card":18,"Toxic Egg 2":3,"Ring of the Snake":0}],"Ring of the Snake":[30]},"card_choices":[{"not_picked":["Endless Agony","Outmaneuver"],"picked":"Deadly Poison","floor":1},{"not_picked":["Outmaneuver","Blade Dance"],"picked":"Backstab","floor":2},{"not_picked":["Poisoned Stab","Masterful Stab"],"picked":"Infinite Blades","floor":3},{"not_picked":["Dagger Spray","Dagger Throw"],"picked":"Unload","floor":5},{"not_picked":["Bane","Doppelganger+1"],"picked":"Footwork+1","floor":7},{"not_picked":["Cloak And Dagger+1","Flying Knee"],"picked":"Catalyst+1","floor":10},{"not_picked":["Dash","Slice"],"picked":"Distraction+1","floor":12},{"not_picked":["Outmaneuver+1","Bane"],"picked":"Caltrops+1","floor":14},{"not_picked":["Corpse Explosion+1","Envenom+1"],"picked":"Adrenaline+1","floor":16},{"not_picked":["Dagger Spray","Flechettes"],"picked":"Deflect+1","floor":18},{"not_picked":["Reflex+1","Backstab"],"picked":"Noxious Fumes+1","floor":21},{"not_picked":["Terror+1","Dodge and Roll+1"],"picked":"Cloak And Dagger+1","floor":23},{"not_picked":["Prepared+1","Poisoned Stab"],"picked":"Calculated Gamble+1","floor":28},{"not_picked":["Flying Knee","Bane"],"picked":"Well Laid Plans+1","floor":30}],"player_experience":2222256,"relics_obtained":[{"floor":7,"key":"Frozen Egg 2"},{"floor":9,"key":"Bottled Flame"},{"floor":14,"key":"Juzu Bracelet"},{"floor":23,"key":"Vajra"},{"floor":26,"key":"Regal Pillow"},{"floor":30,"key":"Shuriken"}],"event_choices":[{"damage_healed":0,"gold_gain":0,"player_choice":"Box","damage_taken":0,"relics_obtained":["Toxic Egg 2"],"max_hp_gain":0,"max_hp_loss":0,"event_name":"Big Fish","floor":4,"gold_loss":0,"cards_obtained":["Regret"]},{"cards_removed":["Regret"],"damage_healed":0,"gold_gain":0,"player_choice":"Card Removal","damage_taken":7,"max_hp_gain":0,"max_hp_loss":0,"event_name":"Golden Wing","floor":8,"gold_loss":0},{"damage_healed":0,"gold_gain":0,"player_choice":"Searched \u00271\u0027 times","damage_taken":0,"max_hp_gain":0,"max_hp_loss":0,"event_name":"Dead Adventurer","floor":14,"gold_loss":0},{"damage_healed":0,"gold_gain":0,"player_choice":"Read","damage_taken":0,"max_hp_gain":0,"max_hp_loss":0,"event_name":"The Library","floor":19,"gold_loss":0,"cards_obtained":["Noxious Fumes"]},{"damage_healed":0,"gold_gain":0,"player_choice":"Ignored","damage_taken":0,"max_hp_gain":0,"max_hp_loss":0,"event_name":"Ghosts","floor":20,"gold_loss":0},{"cards_removed":["Regret"],"damage_healed":0,"gold_gain":0,"player_choice":"Purged","damage_taken":0,"max_hp_gain":0,"max_hp_loss":0,"event_name":"Purifier","floor":29,"gold_loss":0}],"is_beta":false,"boss_relics":[{"not_picked":["Pandora\u0027s Box","Astrolabe"],"picked":"Cursed Key"}],"items_purged_floors":[13],"is_endless":false,"potions_floor_spawned":[3,10,12,18,21,23],"killed_by":"Snecko","ascension_level":5}}