{"host":"pno9h1fupbyz205f","time":1610060995,"event":{"mods":["Aspiration","BaseMod","Better Altar","Better Match","Better Note","Better Sensory Stone","Better Skull","Better Third Choice","Colored Map","Colored Powertips","Hubris","Infinite Spire","Jedi Mod","Mad Scientist","Marisa????????","Minty Spire (QoL Compilation)","Permanent Neow","Potionbrewer","Replay The Spire","Shop Mod","StSLib","Td1madao Mod","The Blackbeard","The Gatherer","The Hierophant","The Poker Player","The Runesmith","The Servant 0.9.4","thorton","vexMod"],"gold_per_floor":[117,42,59,73,73,106,106,191,191,232,319,319,34,34,34,209,209,274,292,344,344,344],"floor_reached":20,"playtime":981,"items_purged":["blackbeard:Cutlass","blackbeard:BlackbeardStrike"],"score":184,"play_id":"a4981b37-5e52-4bb8-87a2-b3450e0c316a","local_time":"20210107150955","is_ascension_mode":false,"campfire_choices":[{"floor":7,"key":"REST"},{"floor":12,"key":"REST"},{"floor":15,"key":"DIG"}],"circlet_count":0,"master_deck":["blackbeard:BlackbeardStrike","blackbeard:BlackbeardStrike+1","blackbeard:BlackbeardStrike","blackbeard:IntimidatingStrike","blackbeard:BlackbeardDefend","blackbeard:BlackbeardDefend","blackbeard:BlackbeardDefend","blackbeard:BlackbeardDefend+1","Replay:BasicMightCard","blackbeard:RearmingStrike","blackbeard:Anchor","blackbeard:Eyepatch","blackbeard:ArmorUp","blackbeard:Bandana","blackbeard:BlindAttacks","blackbeard:BuriedTreasure","blackbeard:WeaponProficiency","Flash of Steel","blackbeard:WiseDefense","blackbeard:BoostMorale","blackbeard:Shrapnel"],"relics":["blackbeard:LoadTheCannons","hubris:MobiusCoin","Replay:Kaleidoscope","Pantograph","infinitespire:Midas Blood","infinitespire:Cupcake"],"acts_visited":["Exordium","TheCity"],"potions_floor_usage":[6,11,11,16,16],"damage_taken":[{"damage":0,"enemies":"Jaw Worm","floor":1,"turns":4},{"damage":4,"enemies":"Cultist","floor":3,"turns":3},{"damage":0,"enemies":"2 Louse","floor":4,"turns":2},{"damage":24,"enemies":"3 Sentries","floor":6,"turns":7},{"damage":31,"enemies":"Gremlin Nob","floor":8,"turns":5},{"damage":9,"enemies":"Large Slime","floor":10,"turns":5},{"damage":4,"enemies":"Exordium Thugs","floor":11,"turns":4},{"damage":72,"enemies":"Hexaghost","floor":16,"turns":12},{"damage":15,"enemies":"Shell Parasite","floor":18,"turns":7},{"damage":30,"enemies":"2 Thieves","floor":19,"turns":5},{"damage":43,"enemies":"Centurion and Healer","floor":20,"turns":11}],"seed_played":"8568198515934149330","potions_obtained":[{"floor":3,"key":"Energy Potion"},{"floor":4,"key":"potionbrewer:StunPotion"},{"floor":8,"key":"FairyPotion"},{"floor":10,"key":"ColorlessPotion"},{"floor":14,"key":"potionbrewer:NoxiousPotion"}],"is_trial":false,"path_per_floor":["M","$","M","M","?","E","R","E","T","M","M","R","$","?","R_BF","B",null,"M","M","M"],"character_chosen":"BLACKBEARD_CLASS","items_purchased":["blackbeard:WeaponProficiency","Flash of Steel","blackbeard:WiseDefense","LifebloodPotion"],"campfire_rested":2,"item_purchase_floors":[13,13,13,13],"current_hp_per_floor":[75,75,71,71,56,32,54,23,23,14,10,32,32,32,32,8,75,60,30,0,0,0],"gold":344,"neow_bonus":"RANDOM_COLORLESS","is_daily":false,"chose_seed":false,"campfire_upgraded":0,"win_rate":0.0,"timestamp":1610060995,"path_taken":["M","$","M","M","?","E","R","E","T","M","M","R","$","?","R_BF","BOSS","M","?","M"],"items_purchased_type":["Card","Card","Card","Potion"],"build_version":"2020-12-22","purchased_purges":2,"victory":false,"max_hp_per_floor":[75,75,75,75,75,75,75,75,75,75,75,75,75,75,75,75,75,75,75,75,75,75],"card_choices":[{"not_picked":["Good Instincts","Finesse"],"picked":"Replay:BasicMightCard","floor":0},{"not_picked":["blackbeard:Scrap","blackbeard:DeadlyArsenal"],"picked":"blackbeard:RearmingStrike","floor":1},{"not_picked":["blackbeard:SwordDance","blackbeard:GoldenDefense"],"picked":"blackbeard:Anchor","floor":3},{"not_picked":["blackbeard:Shrapnel","blackbeard:Fencing"],"picked":"blackbeard:Eyepatch","floor":4},{"not_picked":["blackbeard:VengefulSpirit","blackbeard:InfiniteBarrage"],"picked":"blackbeard:ArmorUp","floor":6},{"not_picked":["blackbeard:DoubleBottom","blackbeard:BeatUp"],"picked":"blackbeard:Bandana","floor":8},{"not_picked":["blackbeard:GoldenStrike","blackbeard:RearmingStrike"],"picked":"blackbeard:BlindAttacks","floor":10},{"not_picked":["blackbeard:TheDrunkenSailor","blackbeard:SwordDance"],"picked":"blackbeard:BuriedTreasure","floor":11},{"not_picked":["blackbeard:PirateStrength","blackbeard:Intoxication"],"picked":"blackbeard:BoostMorale","floor":16},{"not_picked":["blackbeard:Sword","blackbeard:GoldenStrike"],"picked":"blackbeard:Shrapnel","floor":18},{"not_picked":["blackbeard:Sharpening","blackbeard:ArmorUp","blackbeard:Toast"],"picked":"SKIP","floor":19}],"player_experience":113679,"relics_obtained":[{"floor":6,"key":"hubris:MobiusCoin"},{"floor":8,"key":"Replay:Kaleidoscope"},{"floor":9,"key":"Pantograph"},{"floor":15,"key":"infinitespire:Midas Blood"}],"event_choices":[{"damage_healed":71,"gold_gain":0,"player_choice":"Upgrade","damage_taken":15,"max_hp_gain":0,"max_hp_loss":75,"event_name":"betterThird:BetterShining","floor":5,"gold_loss":0,"cards_upgraded":["blackbeard:BlackbeardStrike","blackbeard:BlackbeardDefend"]},{"damage_healed":0,"gold_gain":0,"player_choice":"Got Potions","damage_taken":0,"max_hp_gain":0,"max_hp_loss":0,"event_name":"Lab","floor":14,"gold_loss":0}],"is_beta":false,"boss_relics":[{"not_picked":["vexMod:MegatonBomb","Fusion Hammer"],"picked":"infinitespire:Cupcake"}],"items_purged_floors":[2,13],"is_endless":false,"potions_floor_spawned":[3,4,8,10],"killed_by":"Centurion and Healer","ascension_level":0}}