{"host":"pmjhag63emupgley","time":1610008466,"event":{"mods":["AchievementEnabler","BaseMod","Colored Map","Colored Powertips","Minty Spire (QoL Compilation)","Relic Stats"],"gold_per_floor":[112,112,127,146,26,59,59,71,71,71,91,91,126,142,142,142,142],"floor_reached":16,"playtime":747,"items_purged":[],"score":157,"play_id":"84a31795-e725-46e0-bb1c-3ff302b2526d","local_time":"20210107163426","is_ascension_mode":true,"campfire_choices":[{"floor":7,"key":"REST"},{"floor":10,"key":"REST"},{"data":"Footwork","floor":15,"key":"SMITH"}],"circlet_count":0,"master_deck":["Strike_G","Strike_G","Strike_G","Defend_G","Defend_G","Defend_G","Defend_G","Defend_G","Survivor","Neutralize","Dagger Throw","Deadly Poison","Deadly Poison","Footwork+1","Backstab","PiercingWail","Finisher","Masterful Stab","Deflect"],"relics":["SacredBark","Orichalcum","Pantograph","Ornamental Fan"],"acts_visited":["Exordium"],"potions_floor_usage":[13,16,16],"damage_taken":[{"damage":3,"enemies":"2 Louse","floor":1,"turns":6},{"damage":2,"enemies":"Cultist","floor":3,"turns":5},{"damage":7,"enemies":"Jaw Worm","floor":4,"turns":3},{"damage":27,"enemies":"3 Sentries","floor":6,"turns":12},{"damage":10,"enemies":"Lots of Slimes","floor":8,"turns":4},{"damage":12,"enemies":"Large Slime","floor":11,"turns":8},{"damage":12,"enemies":"Gremlin Nob","floor":13,"turns":3},{"damage":6,"enemies":"Exordium Wildlife","floor":14,"turns":4},{"damage":53,"enemies":"Slime Boss","floor":16,"turns":10}],"seed_played":"-8651149173436054817","potions_obtained":[{"floor":8,"key":"Swift Potion"},{"floor":11,"key":"LiquidMemories"},{"floor":14,"key":"PowerPotion"}],"is_trial":false,"path_per_floor":["M","?","M","M","$","E","R","M","T","R","M","?","E","M","R","B"],"character_chosen":"THE_SILENT","items_purchased":["Footwork","Fire Potion"],"campfire_rested":2,"item_purchase_floors":[5,5],"current_hp_per_floor":[60,60,58,51,51,24,45,35,35,56,44,44,32,26,26,0,0],"gold":142,"neow_bonus":"BOSS_RELIC","is_daily":false,"chose_seed":false,"campfire_upgraded":1,"win_rate":0.0,"timestamp":1610008466,"path_taken":["M","?","M","M","$","E","R","M","T","R","?","?","E","M","R","BOSS"],"items_purchased_type":["Card","Potion"],"build_version":"2020-12-22","purchased_purges":0,"victory":false,"max_hp_per_floor":[70,70,70,70,70,70,70,70,70,70,70,70,70,70,70,70,70],"relic_stats":{"counters":[9,55],"Ornamental Fan":[8],"Pantograph":25,"Orichalcum":[84],"obtain_stats":[{"Ornamental Fan":13,"SacredBark":0,"Pantograph":9,"Orichalcum":6,"Ring of the Snake":0},{"Ornamental Fan":7,"SacredBark":0,"Pantograph":5,"Orichalcum":4,"Ring of the Snake":0},{"Ornamental Fan":41,"SacredBark":0,"Pantograph":30,"Orichalcum":26,"Ring of the Snake":0}]},"card_choices":[{"not_picked":["Slice","Dodge and Roll"],"picked":"Dagger Throw","floor":1},{"not_picked":["Dagger Throw","Acrobatics"],"picked":"Deadly Poison","floor":3},{"not_picked":["Calculated Gamble","Flying Knee"],"picked":"Deadly Poison","floor":4},{"not_picked":["Riddle With Holes","Calculated Gamble"],"picked":"Backstab","floor":6},{"not_picked":["Burst","Dodge and Roll"],"picked":"PiercingWail","floor":8},{"not_picked":["Acrobatics","Dagger Spray"],"picked":"Finisher","floor":11},{"not_picked":["Night Terror","Distraction","Deadly Poison"],"picked":"SKIP","floor":13},{"not_picked":["Deadly Poison","Prepared"],"picked":"Deflect","floor":14}],"player_experience":393720,"relics_obtained":[{"floor":6,"key":"Orichalcum"},{"floor":9,"key":"Pantograph"},{"floor":13,"key":"Ornamental Fan"}],"event_choices":[{"cards_removed":["Strike_G"],"damage_healed":0,"gold_gain":0,"player_choice":"Purged","damage_taken":0,"max_hp_gain":0,"max_hp_loss":0,"event_name":"Purifier","floor":2,"gold_loss":0},{"damage_healed":0,"gold_gain":0,"cards_transformed":["Strike_G"],"player_choice":"Transformed","damage_taken":0,"max_hp_gain":0,"max_hp_loss":0,"event_name":"Transmorgrifier","floor":12,"gold_loss":0,"cards_obtained":["Masterful Stab"]}],"is_beta":false,"boss_relics":[],"items_purged_floors":[],"is_endless":false,"potions_floor_spawned":[8,11,14],"killed_by":"Slime Boss","ascension_level":8}}