{"host":"4coy96o7l3fioe37","time":1610031575,"event":{"mods":["AchievementEnabler","Act Like it!","AlwaysNeverKeys","BaseMod","Better Altar","Better Match","Better Note","Better Sensory Stone","Better Skull","Better Third Choice","Better Vampires","BetterRewards","ChefMod","Colored Map","Disable Question Mark Monsters","Downfall","Minty Spire (QoL Compilation)","Rare Cards Sparkle","StSLib","The Dragon Tamer","The Marked"],"gold_per_floor":[113,131,131,56,56,56,11,36,82,117,117,196,296,340,340,470,470,488,511,511,511],"floor_reached":20,"playtime":1321,"items_purged":["Regret"],"score":280,"play_id":"a30fddfe-e2a0-41e3-8890-758ad79cb4e1","local_time":"20210107145935","is_ascension_mode":false,"campfire_choices":[{"data":"DeusExMachina","floor":6,"key":"SMITH"},{"data":"Vigilance","floor":11,"key":"SMITH"},{"floor":15,"key":"REST"}],"circlet_count":0,"master_deck":["Strike_P","Strike_P","Strike_P","Strike_P","Defend_P","Defend_P","Defend_P","Defend_P","Eruption","Vigilance+1","DeusExMachina+1","ClearTheMind","Halt","FollowUp","Omniscience","Ragnarok","EmptyFist"],"relics":["PureWater","Damaru","PreservedInsect","Matryoshka","Golden Idol","Pen Nib","Potion Belt","Peace Pipe","Regal Pillow","InkBottle","Ginger"],"acts_visited":["Exordium","TheCity"],"potions_floor_usage":[16],"damage_taken":[{"damage":0,"enemies":"2 Louse","floor":1,"turns":3},{"damage":0,"enemies":"Small Slimes","floor":2,"turns":2},{"damage":0,"enemies":"Cultist","floor":8,"turns":4},{"damage":10,"enemies":"Lagavulin","floor":10,"turns":6},{"damage":6,"enemies":"3 Sentries","floor":14,"turns":5},{"damage":29,"enemies":"Hexaghost","floor":16,"turns":11},{"damage":38,"enemies":"2 Thieves","floor":18,"turns":4},{"damage":0,"enemies":"Shell Parasite","floor":19,"turns":2},{"damage":38,"enemies":"Cultist and Chosen","floor":20,"turns":5}],"seed_played":"6317207508873195427","potions_obtained":[{"floor":2,"key":"LiquidBronze"},{"floor":10,"key":"SkillPotion"},{"floor":16,"key":"Dexterity Potion"},{"floor":18,"key":"champ:CounterPotion"}],"is_trial":false,"path_per_floor":["M","M","?","$","?","R","?","M","T","E","R","T","?","E","R","B",null,"M","M","M"],"character_chosen":"WATCHER","items_purchased":["Damaru","DeusExMachina","PreservedInsect","ClearTheMind"],"campfire_rested":1,"item_purchase_floors":[0,0,0,0],"current_hp_per_floor":[65,65,65,65,47,47,47,47,47,37,37,37,37,31,67,38,72,34,34,0,0],"gold":511,"neow_bonus":"","is_daily":false,"chose_seed":false,"campfire_upgraded":2,"win_rate":0.0,"timestamp":1610031575,"path_taken":["M","M","?","$","?","R","?","M","T","E","R","?","?","E","R","BOSS","M","M","?"],"items_purchased_type":["Relic","Card","Relic","Card"],"build_version":"2020-12-22","purchased_purges":1,"victory":false,"max_hp_per_floor":[72,72,72,72,72,72,72,72,72,72,72,72,72,72,72,72,72,72,72,72,72],"card_choices":[{"not_picked":["Evaluate","ThirdEye"],"picked":"Halt","floor":1},{"not_picked":["ClearTheMind","Collect","WheelKick"],"picked":"SKIP","floor":2},{"not_picked":["EmptyBody","ThirdEye","SashWhip"],"picked":"SKIP","floor":8},{"not_picked":["Vengeance","Conclude"],"picked":"FollowUp","floor":10},{"not_picked":["WheelKick","ReachHeaven"],"picked":"Omniscience","floor":14},{"not_picked":["Omniscience","Alpha"],"picked":"Ragnarok","floor":16},{"not_picked":["ClearTheMind+1","CutThroughFate","LikeWater"],"picked":"SKIP","floor":18},{"not_picked":["LikeWater","Sanctity"],"picked":"EmptyFist","floor":19}],"player_experience":284196,"relics_obtained":[{"floor":9,"key":"Pen Nib"},{"floor":9,"key":"Potion Belt"},{"floor":10,"key":"Peace Pipe"},{"floor":12,"key":"Regal Pillow"},{"floor":12,"key":"InkBottle"},{"floor":14,"key":"Ginger"}],"event_choices":[{"damage_healed":0,"gold_gain":0,"player_choice":"Box","damage_taken":0,"relics_obtained":["Matryoshka"],"max_hp_gain":0,"max_hp_loss":0,"event_name":"Big Fish","floor":3,"gold_loss":0,"cards_obtained":["Regret"]},{"damage_healed":0,"gold_gain":0,"player_choice":"Take Damage","damage_taken":18,"relics_obtained":["Golden Idol"],"max_hp_gain":0,"max_hp_loss":0,"event_name":"Golden Idol","floor":5,"gold_loss":0},{"damage_healed":0,"gold_gain":0,"player_choice":"Left","damage_taken":0,"max_hp_gain":0,"max_hp_loss":0,"event_name":"betterThird:BetterGoop","floor":7,"gold_loss":45},{"damage_healed":0,"gold_gain":100,"player_choice":"Pray","damage_taken":0,"max_hp_gain":0,"max_hp_loss":0,"event_name":"Golden Shrine","floor":13,"gold_loss":0}],"is_beta":false,"boss_relics":[{"not_picked":["Astrolabe","Ectoplasm","Runic Dome"]}],"items_purged_floors":[4],"is_endless":false,"potions_floor_spawned":[2,10,16,18],"killed_by":"Cultist and Chosen","ascension_level":0}}