{"host":"d9m9v0h6vo0edadb","time":1610015786,"event":{"mods":["BaseMod","Hermit","Keyboard Shortcuts","Minty Spire (QoL Compilation)","StSLib","SuperFastMode","The Cursed"],"gold_per_floor":[113,38,49,49,49,81,93,125,180,180,191,206,239,251,251,251,251],"floor_reached":16,"playtime":224,"items_purged":["Strike_G"],"score":294,"play_id":"2331317a-df41-4452-9d67-74dc48d2137f","local_time":"20210107193626","is_ascension_mode":true,"campfire_choices":[{"data":"All Out Attack","floor":10.0,"key":"SMITH"},{"data":"Cloak And Dagger","floor":15,"key":"SMITH"}],"circlet_count":0,"master_deck":["AscendersBane","Strike_G","Strike_G","Strike_G","Defend_G","Defend_G","Defend_G","Defend_G","Defend_G","Survivor","Neutralize","All Out Attack+1","Backstab","PiercingWail","Acrobatics","Cloak And Dagger","Cloak And Dagger+1"],"relics":["Ring of the Snake","NeowsBlessing","Ornamental Fan","Bag of Marbles","PreservedInsect","Eternal Feather"],"acts_visited":["Exordium"],"potions_floor_usage":[13,16,16],"damage_taken":[{"damage":0.0,"enemies":"Jaw Worm","floor":1.0,"turns":1.0},{"damage":0.0,"enemies":"Cultist","floor":3.0,"turns":1.0},{"damage":0.0,"enemies":"Lagavulin","floor":6.0,"turns":1.0},{"damage":0.0,"enemies":"2 Louse","floor":7.0,"turns":4.0},{"damage":28.0,"enemies":"3 Sentries","floor":8.0,"turns":10.0},{"damage":10.0,"enemies":"Large Slime","floor":11.0,"turns":4.0},{"damage":0.0,"enemies":"2 Fungi Beasts","floor":12.0,"turns":2.0},{"damage":7,"enemies":"Lagavulin","floor":13,"turns":5},{"damage":0,"enemies":"Exordium Thugs","floor":14,"turns":4},{"damage":18,"enemies":"Slime Boss","floor":16,"turns":4}],"seed_played":"-4595698417852459432","potions_obtained":[{"floor":1.0,"key":"DuplicationPotion"},{"floor":11.0,"key":"ColorlessPotion"},{"floor":12.0,"key":"DuplicationPotion"},{"floor":13,"key":"Poison Potion"}],"is_trial":false,"path_per_floor":["M","$","M","?","$","E","M","E","T","R","M","M","E","M","R","B"],"character_chosen":"THE_SILENT","items_purchased":[],"campfire_rested":0,"item_purchase_floors":[],"current_hp_per_floor":[59,59,59,59,59,59,59,31,31,31,21,21,14,14,23,5,5],"gold":251,"neow_bonus":"THREE_ENEMY_KILL","is_daily":false,"chose_seed":false,"campfire_upgraded":2,"win_rate":0.0,"timestamp":1610015786,"path_taken":["M","$","M","?","?","E","M","E","T","R","M","M","E","M","R","BOSS"],"items_purchased_type":[],"build_version":"2020-12-22","purchased_purges":1,"victory":false,"max_hp_per_floor":[66,66,66,66,66,66,66,66,66,66,66,66,66,66,66,66,66],"card_choices":[{"not_picked":["Escape Plan","Finisher"],"picked":"All Out Attack","floor":1.0},{"not_picked":["Blade Dance","Deadly Poison"],"picked":"Backstab","floor":3.0},{"not_picked":["Underhanded Strike","Riddle With Holes","Predator"],"picked":"SKIP","floor":6.0},{"not_picked":["Heel Hook","Bouncing Flask"],"picked":"PiercingWail","floor":7.0},{"not_picked":["Caltrops","Footwork"],"picked":"Acrobatics","floor":8.0},{"not_picked":["Dash","Flying Knee"],"picked":"Cloak And Dagger","floor":11.0},{"not_picked":["Caltrops","Prepared","PiercingWail"],"picked":"SKIP","floor":12.0},{"not_picked":["Quick Slash","Acrobatics"],"picked":"Cloak And Dagger","floor":13},{"not_picked":["Crippling Poison","Envenom","Underhanded Strike"],"picked":"SKIP","floor":14}],"player_experience":954796,"relics_obtained":[{"floor":6.0,"key":"Ornamental Fan"},{"floor":8.0,"key":"Bag of Marbles"},{"floor":9.0,"key":"PreservedInsect"},{"floor":13,"key":"Eternal Feather"}],"event_choices":[{"cards_removed":["Strike_G"],"damage_healed":0.0,"max_hp_gain":0.0,"max_hp_loss":0.0,"gold_gain":0.0,"event_name":"Bonfire Elementals","player_choice":"Offered Basic","floor":4.0,"gold_loss":0.0,"damage_taken":0.0}],"is_beta":false,"boss_relics":[],"items_purged_floors":[2],"is_endless":false,"potions_floor_spawned":[1,11,12,13,14],"killed_by":"Slime Boss","ascension_level":20}}