{"host":"49c2zf0lajbcs427","time":1610011285,"event":{"mods":["AchievementEnabler","BaseMod","Colored Map","Colored Powertips","Highlight Path","Key Reminder","Minty Spire (QoL Compilation)","Relic Stats","StSLib"],"gold_per_floor":[116,116,116,129,31,31,63,63,137,153,183,183,212,232,232,334,334,349,349,349,349,274,303,303,336,361,387,387,418,434,434,434,529,529,547,396,396,415,431,431,450,485,485,515,524,390,413,433,433,433,433,433,58,98,98,98],"floor_reached":55,"playtime":5015,"items_purged":["Strike_G+1"],"score":1389,"play_id":"cfac76e6-0ab5-4519-9b63-7b88418f7fe5","local_time":"20210107222125","is_ascension_mode":true,"campfire_choices":[{"data":"Well Laid Plans","floor":6,"key":"SMITH"},{"data":"Finisher","floor":12,"key":"SMITH"},{"data":"Dagger Throw","floor":15,"key":"SMITH"},{"data":"RitualDagger","floor":24,"key":"SMITH"},{"floor":32,"key":"REST"},{"data":"After Image","floor":40,"key":"SMITH"},{"floor":49,"key":"RECALL"},{"data":"After Image","floor":52,"key":"SMITH"}],"circlet_count":0,"master_deck":["Strike_G+1","Defend_G+1","Defend_G+1","Defend_G+1","Defend_G+1","Survivor","Neutralize+1","Slice","Well Laid Plans+1","Dagger Throw+1","Heel Hook","Calculated Gamble","Finisher+1","After Image+1","Malaise","RitualDagger+1","Decay","Shame","Acrobatics","Clumsy","Concentrate+1","After Image+1","Backflip","Backflip+1","Escape Plan+1","Parasite","Crippling Poison","Adrenaline","Blur+1","Parasite","Night Terror"],"relics":["Ring of the Snake","NeowsBlessing","Ice Cream","Darkstone Periapt","Du-Vu Doll","Eternal Feather","Cursed Key","Art of War","Dream Catcher","Strawberry","Kunai","Boot","Ninja Scroll","Sozu","Anchor","Vajra","CeramicFish","Oddly Smooth Stone","TwistedFunnel","Letter Opener"],"acts_visited":["Exordium","TheCity","TheBeyond","TheEnding"],"potions_floor_usage":[4,16,29,44,55,55],"damage_taken":[{"damage":0,"enemies":"Small Slimes","floor":1,"turns":1},{"damage":0,"enemies":"Jaw Worm","floor":4,"turns":1},{"damage":0,"enemies":"Gremlin Nob","floor":7,"turns":1},{"damage":0,"enemies":"Cultist","floor":10,"turns":3},{"damage":17,"enemies":"3 Sentries","floor":13,"turns":6},{"damage":7,"enemies":"3 Louse","floor":14,"turns":2},{"damage":0,"enemies":"Slime Boss","floor":16,"turns":7},{"damage":10,"enemies":"Shell Parasite","floor":18,"turns":5},{"damage":0,"enemies":"Gremlin Leader","floor":23,"turns":6},{"damage":18,"enemies":"Book of Stabbing","floor":25,"turns":7},{"damage":1,"enemies":"Slavers","floor":27,"turns":5},{"damage":9,"enemies":"Gremlin Leader","floor":29,"turns":7},{"damage":0,"enemies":"Chosen","floor":30,"turns":3},{"damage":13,"enemies":"Champ","floor":33,"turns":14},{"damage":0,"enemies":"Orb Walker","floor":35,"turns":1},{"damage":18,"enemies":"3 Darklings","floor":38,"turns":4},{"damage":13,"enemies":"Writhing Mass","floor":39,"turns":6},{"damage":0,"enemies":"Jaw Worm Horde","floor":41,"turns":4},{"damage":0,"enemies":"Giant Head","floor":42,"turns":10},{"damage":0,"enemies":"Reptomancer","floor":44,"turns":7},{"damage":4,"enemies":"3 Darklings","floor":47,"turns":4},{"damage":0,"enemies":"Writhing Mass","floor":48,"turns":5},{"damage":37,"enemies":"Time Eater","floor":50,"turns":16},{"damage":37,"enemies":"Shield and Spear","floor":54,"turns":12},{"damage":87,"enemies":"The Heart","floor":55,"turns":14}],"seed_played":"8027324731293139910","potions_obtained":[{"floor":4,"key":"Fruit Juice"},{"floor":7,"key":"Ancient Potion"},{"floor":23,"key":"Poison Potion"},{"floor":25,"key":"SpeedPotion"},{"floor":30,"key":"FearPotion"},{"floor":33,"key":"Block Potion"}],"is_trial":false,"path_per_floor":["M","?","?","M","$","R","E","?","T","M","?","R","E","M","R","B",null,"M","?","?","$","?","E","R","E","T","E","T","E","M","?","R","B",null,"M","$","?","M","M","R","M","E","T","E","?","$","M","M","R","B",null,"R","$","E","B"],"character_chosen":"THE_SILENT","items_purchased":["Dagger Throw","Strength Potion","Anchor","Adrenaline","Oddly Smooth Stone","TwistedFunnel"],"campfire_rested":1,"item_purchase_floors":[5,5,36,46,53,53],"current_hp_per_floor":[63,49,49,54,54,54,54,54,54,54,54,54,37,30,39,39,66,56,50,56,56,56,56,68,50,63,62,68,59,59,59,100,87,97,97,97,97,79,66,81,81,81,87,87,87,87,83,89,107,70,102,112,112,75,0,0],"gold":98,"neow_bonus":"THREE_ENEMY_KILL","is_daily":false,"chose_seed":false,"campfire_upgraded":6,"win_rate":0.0,"timestamp":1610011285,"path_taken":["M","?","?","?","$","R","E","?","T","?","?","R","E","M","R","BOSS","M","?","?","$","?","E","R","E","T","E","?","E","?","?","R","BOSS","M","$","?","?","M","R","M","E","T","E","?","$","?","M","R","BOSS","R","$","E","BOSS"],"items_purchased_type":["Card","Potion","Relic","Card","Relic","Relic"],"build_version":"2020-12-22","purchased_purges":1,"victory":false,"max_hp_per_floor":[70,70,70,75,75,75,75,75,75,75,75,75,75,75,75,75,75,75,75,81,81,81,81,81,81,94,94,100,100,100,100,100,100,100,100,100,100,100,100,100,100,100,106,106,106,106,106,112,112,112,112,112,112,112,112,112],"relic_stats":{"Darkstone Periapt":30,"counters":[25,151],"CeramicFish":45,"Eternal Feather":76,"Letter Opener":[50],"Cursed Key":3,"Boot":[36],"Sozu":5,"Dream Catcher":1,"Art of War":[12],"Kunai":[71],"obtain_stats":[{"Ice Cream":7,"Darkstone Periapt":9,"TwistedFunnel":53,"NeowsBlessing":0,"CeramicFish":44,"Vajra":42,"Oddly Smooth Stone":53,"Eternal Feather":13,"Letter Opener":54,"Cursed Key":17,"Boot":28,"Du-Vu Doll":11,"Sozu":34,"keyreminder:keyreminder":42,"Dream Catcher":25,"Anchor":36,"Ninja Scroll":29,"Strawberry":26,"Art of War":23,"Kunai":27,"Ring of the Snake":0},{"Ice Cream":3,"Darkstone Periapt":3,"TwistedFunnel":23,"NeowsBlessing":0,"CeramicFish":20,"Vajra":19,"Oddly Smooth Stone":23,"Eternal Feather":5,"Letter Opener":24,"Cursed Key":7,"Boot":11,"Du-Vu Doll":4,"Sozu":14,"keyreminder:keyreminder":19,"Dream Catcher":10,"Anchor":15,"Ninja Scroll":12,"Strawberry":10,"Art of War":9,"Kunai":11,"Ring of the Snake":0},{"Ice Cream":3,"Darkstone Periapt":3,"TwistedFunnel":125,"NeowsBlessing":0,"CeramicFish":100,"Vajra":93,"Oddly Smooth Stone":125,"Eternal Feather":12,"Letter Opener":137,"Cursed Key":21,"Boot":44,"Du-Vu Doll":6,"Sozu":68,"keyreminder:keyreminder":93,"Dream Catcher":39,"Anchor":69,"Ninja Scroll":51,"Strawberry":39,"Art of War":32,"Kunai":44,"Ring of the Snake":0}],"Ring of the Snake":[50]},"card_choices":[{"not_picked":["Outmaneuver","Backstab"],"picked":"Slice","floor":1},{"not_picked":["Backflip","Distraction"],"picked":"Well Laid Plans","floor":4},{"not_picked":["Caltrops","Escape Plan"],"picked":"Heel Hook","floor":7},{"not_picked":["Dodge and Roll","Dagger Throw"],"picked":"Finisher","floor":10},{"not_picked":["Masterful Stab","Crippling Poison"],"picked":"After Image","floor":13},{"not_picked":["All Out Attack","Escape Plan","Bane"],"picked":"SKIP","floor":14},{"not_picked":["A Thousand Cuts","Grand Finale"],"picked":"Malaise","floor":16},{"not_picked":["Flying Knee","Infinite Blades","Predator"],"picked":"SKIP","floor":18},{"not_picked":["Bouncing Flask","Escape Plan","Quick Slash+1"],"picked":"SKIP","floor":23},{"not_picked":["Prepared","Deflect","Well Laid Plans"],"picked":"SKIP","floor":25},{"not_picked":["Well Laid Plans","Sucker Punch"],"picked":"Acrobatics","floor":27},{"not_picked":["Endless Agony","Flying Knee+1","Dagger Throw"],"picked":"SKIP","floor":29},{"not_picked":["Backflip+1","Underhanded Strike+1"],"picked":"Concentrate+1","floor":30},{"not_picked":["Adrenaline","Die Die Die"],"picked":"After Image","floor":33},{"not_picked":["Underhanded Strike","Prepared"],"picked":"Backflip","floor":35},{"not_picked":["All Out Attack+1","PiercingWail+1"],"picked":"Backflip+1","floor":38},{"not_picked":["Distraction+1","Deadly Poison","Reflex"],"picked":"SKIP","floor":39},{"not_picked":["Dash","Dagger Throw","Deadly Poison"],"picked":"SKIP","floor":41},{"not_picked":["Dagger Spray+1","Prepared"],"picked":"Escape Plan+1","floor":42},{"not_picked":["Infinite Blades+1","Slice+1","Choke+1"],"picked":"SKIP","floor":44},{"not_picked":["Distraction","Tactician"],"picked":"Blur+1","floor":47},{"not_picked":["Sucker Punch","Deadly Poison","Outmaneuver"],"picked":"SKIP","floor":48},{"not_picked":["Leg Sweep+1","Dash+1"],"picked":"Night Terror","floor":54}],"player_experience":2252577,"relics_obtained":[{"floor":7,"key":"Ice Cream"},{"floor":9,"key":"Darkstone Periapt"},{"floor":13,"key":"Eternal Feather"},{"floor":23,"key":"Art of War"},{"floor":25,"key":"Dream Catcher"},{"floor":26,"key":"Strawberry"},{"floor":27,"key":"Kunai"},{"floor":28,"key":"Boot"},{"floor":29,"key":"Ninja Scroll"},{"floor":42,"key":"Vajra"},{"floor":44,"key":"CeramicFish"},{"floor":54,"key":"Letter Opener"}],"event_choices":[{"damage_healed":0,"gold_gain":0,"player_choice":"Entered Light","damage_taken":14,"max_hp_gain":0,"max_hp_loss":0,"event_name":"Shining Light","floor":2,"gold_loss":0,"cards_upgraded":["Defend_G","Strike_G"]},{"damage_healed":0,"gold_gain":0,"player_choice":"Upgraded","damage_taken":0,"max_hp_gain":0,"max_hp_loss":0,"event_name":"Upgrade Shrine","floor":3,"gold_loss":0,"cards_upgraded":["Neutralize"]},{"damage_healed":0,"gold_gain":0,"cards_transformed":["Defend_G"],"player_choice":"Transformed","damage_taken":0,"max_hp_gain":0,"max_hp_loss":0,"event_name":"Transmorgrifier","floor":8,"gold_loss":0,"cards_obtained":["Calculated Gamble"]},{"damage_healed":0,"gold_gain":30,"player_choice":"Searched \u00272\u0027 times","damage_taken":0,"relics_obtained":["Du-Vu Doll"],"max_hp_gain":0,"max_hp_loss":0,"event_name":"Dead Adventurer","floor":11,"gold_loss":0},{"damage_healed":0,"gold_gain":0,"player_choice":"Joined the Cult","damage_taken":6,"max_hp_gain":0,"max_hp_loss":0,"event_name":"Nest","floor":19,"gold_loss":0,"cards_obtained":["RitualDagger"]},{"damage_healed":0,"gold_gain":0,"player_choice":"Smashed Altar","damage_taken":0,"max_hp_gain":0,"max_hp_loss":0,"event_name":"Forgotten Altar","floor":20,"gold_loss":0,"cards_obtained":["Decay"]},{"cards_removed":["Strike_G"],"damage_healed":0,"gold_gain":0,"player_choice":"Gave Gold","damage_taken":0,"max_hp_gain":0,"max_hp_loss":0,"event_name":"Beggar","floor":22,"gold_loss":75},{"damage_healed":0,"gold_gain":0,"player_choice":"Simplicity","damage_taken":0,"max_hp_gain":0,"max_hp_loss":0,"event_name":"Back to Basics","floor":31,"gold_loss":0,"cards_upgraded":["Strike_G","Strike_G","Strike_G","Defend_G","Defend_G","Defend_G"]},{"cards_removed":["Strike_G"],"damage_healed":0,"gold_gain":0,"player_choice":"Offered Basic","damage_taken":0,"max_hp_gain":0,"max_hp_loss":0,"event_name":"Bonfire Elementals","floor":37,"gold_loss":0},{"damage_healed":0,"gold_gain":0,"cards_transformed":["Strike_G"],"player_choice":"Transformed","damage_taken":0,"max_hp_gain":0,"max_hp_loss":0,"event_name":"Transmorgrifier","floor":45,"gold_loss":0,"cards_obtained":["Crippling Poison"]}],"is_beta":false,"boss_relics":[{"not_picked":["Runic Pyramid","Coffee Dripper"],"picked":"Cursed Key"},{"not_picked":["Tiny House","Black Star"],"picked":"Sozu"}],"items_purged_floors":[53],"is_endless":false,"potions_floor_spawned":[4,7,23,25,30,33,35,39,42,47,48],"killed_by":"The Heart","ascension_level":6}}