{"host":"qdfumeom6htv8yxl","time":1610048623,"event":{"mods":["AchievementEnabler","BaseMod","Block Reminder","Minty Spire (QoL Compilation)","Quick Restart","Relic Stats"],"gold_per_floor":[115,115,40,55,55,55,70,86,86,164,164,179,179,202,202,300,300,323,299,299,214,228,228,267,267,267,320,332,368,505,517,529,634,646,679,691,703,102,118,118,158,158,158,158,202,217,550,550,550,550],"floor_reached":51,"playtime":4525,"items_purged":["Strike_G","Injury"],"score":1524,"play_id":"7152f492-1334-439a-ae38-d7d9a7002678","local_time":"20210107134343","is_ascension_mode":true,"campfire_choices":[{"data":"Neutralize","floor":6.0,"key":"SMITH"},{"data":"Finisher","floor":13.0,"key":"SMITH"},{"data":"Cloak And Dagger","floor":15.0,"key":"SMITH"},{"data":"After Image","floor":23.0,"key":"SMITH"},{"data":"Cloak And Dagger","floor":25.0,"key":"SMITH"},{"data":"Blade Dance","floor":28.0,"key":"SMITH"},{"data":"Backflip","floor":32.0,"key":"SMITH"},{"data":"Terror","floor":40.0,"key":"SMITH"},{"data":"Panache","floor":44.0,"key":"SMITH"},{"data":"Dagger Spray","floor":49.0,"key":"SMITH"}],"circlet_count":0,"master_deck":["AscendersBane","Strike_G+1","Strike_G+1","Strike_G+1","Strike_G+1","Defend_G+1","Defend_G+1","Defend_G+1","Defend_G+1","Defend_G+1","Survivor","Neutralize+1","Blade Dance+1","Acrobatics","Cloak And Dagger+1","Escape Plan","Finisher+1","Dagger Spray+1","After Image+1","PiercingWail","Cloak And Dagger+1","After Image","Backflip+1","Terror+1","Slice","Panache+1"],"relics":["Ring of the Snake","Omamori","Eternal Feather","WarpedTongs","HornCleat","Ninja Scroll","Sozu","MutagenicStrength","Incense Burner","Tiny Chest","MawBank","Dream Catcher","Unceasing Top","Pantograph","Busted Crown","Torii","ClockworkSouvenir","InkBottle","Blue Candle","Bottled Flame","CeramicFish","Toy Ornithopter"],"acts_visited":["TheCity","TheBeyond"],"potions_floor_usage":[],"damage_taken":[{"damage":0.0,"enemies":"2 Louse","floor":1.0,"turns":6.0},{"damage":0.0,"enemies":"Cultist","floor":4.0,"turns":3.0},{"damage":0.0,"enemies":"Jaw Worm","floor":7.0,"turns":3.0},{"damage":1.0,"enemies":"Blue Slaver","floor":8.0,"turns":6.0},{"damage":0.0,"enemies":"3 Louse","floor":12.0,"turns":4.0},{"damage":0.0,"enemies":"2 Fungi Beasts","floor":14.0,"turns":1.0},{"damage":12.0,"enemies":"Slime Boss","floor":16.0,"turns":7.0},{"damage":0.0,"enemies":"3 Byrds","floor":18.0,"turns":4.0},{"damage":6.0,"enemies":"2 Thieves","floor":19.0,"turns":4.0},{"damage":0.0,"enemies":"3 Cultists","floor":22.0,"turns":2.0},{"damage":2.0,"enemies":"Slavers","floor":24.0,"turns":8.0},{"damage":0.0,"enemies":"Book of Stabbing","floor":27.0,"turns":7.0},{"damage":18.0,"enemies":"Centurion and Healer","floor":29.0,"turns":4.0},{"damage":0.0,"enemies":"Colosseum Slavers","floor":30.0,"turns":3.0},{"damage":0.0,"enemies":"Colosseum Nobs","floor":30.0,"turns":7.0},{"damage":63.0,"enemies":"Automaton","floor":33.0,"turns":12.0},{"damage":7.0,"enemies":"3 Shapes","floor":35.0,"turns":3.0},{"damage":0.0,"enemies":"Orb Walker","floor":39.0,"turns":2.0},{"damage":0.0,"enemies":"Reptomancer","floor":41.0,"turns":3.0},{"damage":0.0,"enemies":"Giant Head","floor":45.0,"turns":5.0},{"damage":0.0,"enemies":"Jaw Worm Horde","floor":46.0,"turns":2.0},{"damage":30,"enemies":"Awakened One","floor":50,"turns":10}],"seed_played":"-6040961993637735142","potions_obtained":[{"floor":4.0,"key":"Strength Potion"},{"floor":8.0,"key":"DistilledChaos"},{"floor":12.0,"key":"DuplicationPotion"}],"is_trial":false,"path_per_floor":["M","?","$","M","?","R","M","M","T","T","?","M","R","M","R","B",null,"M","M","?","?","M","R","E","R","T","E","R","M","?","?","R","B",null,"M","?","T","$","M","R","E","?","T","R","E","M","?","T","R","B",null],"character_chosen":"THE_SILENT","items_purchased":["Terror","ClockworkSouvenir","InkBottle"],"campfire_rested":0,"item_purchase_floors":[38,38,38],"current_hp_per_floor":[59,59,59,59,59,65,65,64,64,64,64,64,66,66,66,54,63,63,57,57,57,57,66,64,66,66,66,66,48,48,48,60,3,50,43,43,43,43,43,58,58,53,53,66,66,66,66,66,66,36],"gold":550,"neow_bonus":"RANDOM_COMMON_RELIC","is_daily":false,"chose_seed":false,"campfire_upgraded":10,"win_rate":0.0,"timestamp":1610048623,"path_taken":["M","?","$","M","?","R","M","?","T","?","?","M","R","M","R","BOSS","M","M","?","?","M","R","E","R","T","E","R","M","?","?","R","BOSS","M","?","?","$","M","R","E","?","T","R","E","?","?","?","R","BOSS"],"items_purchased_type":["Card","Relic","Relic"],"build_version":"2020-12-22","purchased_purges":2,"victory":true,"max_hp_per_floor":[66,66,66,66,66,66,66,66,66,66,66,66,66,66,66,66,66,66,66,66,66,66,66,66,66,66,66,66,66,66,66,66,66,66,66,66,66,66,66,66,66,66,66,66,66,66,66,66,66,66],"relic_stats":{"Torii":0,"counters":[22,106],"Blue Candle":[0],"CeramicFish":0,"Eternal Feather":59,"MawBank":144,"WarpedTongs":[85],"Sozu":7,"Dream Catcher":0,"Busted Crown":14,"Pantograph":6,"Tiny Chest":2,"obtain_stats":[{"Torii":37,"Golden Idol":11,"Blue Candle":41,"CeramicFish":45,"Eternal Feather":2,"Omamori":0,"Incense Burner":21,"MawBank":26,"WarpedTongs":5,"ClockworkSouvenir":38,"Sozu":17,"Dream Catcher":27,"Bottled Flame":43,"HornCleat":9,"Busted Crown":34,"Ninja Scroll":10,"MutagenicStrength":20,"Pantograph":30,"Tiny Chest":24,"Unceasing Top":30,"InkBottle":38,"Toy Ornithopter":48,"Ring of the Snake":0},{"Torii":17,"Golden Idol":4,"Blue Candle":19,"CeramicFish":20,"Eternal Feather":1,"Omamori":0,"Incense Burner":9,"MawBank":11,"WarpedTongs":2,"ClockworkSouvenir":17,"Sozu":7,"Dream Catcher":12,"Bottled Flame":19,"HornCleat":4,"Busted Crown":16,"Ninja Scroll":4,"MutagenicStrength":9,"Pantograph":15,"Tiny Chest":11,"Unceasing Top":15,"InkBottle":17,"Toy Ornithopter":21,"Ring of the Snake":0},{"Torii":84,"Golden Idol":18,"Blue Candle":89,"CeramicFish":94,"Eternal Feather":6,"Omamori":0,"Incense Burner":38,"MawBank":48,"WarpedTongs":9,"ClockworkSouvenir":84,"Sozu":30,"Dream Catcher":55,"Bottled Flame":89,"HornCleat":18,"Busted Crown":81,"Ninja Scroll":18,"MutagenicStrength":38,"Pantograph":69,"Tiny Chest":48,"Unceasing Top":69,"InkBottle":84,"Toy Ornithopter":96,"Ring of the Snake":0}],"Unceasing Top":[9],"InkBottle":[18],"Toy Ornithopter":0,"Ring of the Snake":[44]},"card_choices":[{"not_picked":["Caltrops","Blur"],"picked":"Blade Dance","floor":1.0},{"not_picked":["Prepared","Flying Knee"],"picked":"Acrobatics","floor":4.0},{"not_picked":["Blade Dance","Acrobatics"],"picked":"Cloak And Dagger","floor":7.0},{"not_picked":["Eviscerate","Quick Slash"],"picked":"Escape Plan","floor":8.0},{"not_picked":["Dagger Spray","Cloak And Dagger"],"picked":"Finisher","floor":12.0},{"not_picked":["Unload","Underhanded Strike"],"picked":"Dagger Spray","floor":14.0},{"not_picked":["Corpse Explosion","Adrenaline"],"picked":"After Image","floor":16.0},{"not_picked":["Skewer","Noxious Fumes","Deflect"],"picked":"SKIP","floor":18.0},{"not_picked":["Sucker Punch","Flying Knee","Bane"],"picked":"SKIP","floor":19.0},{"not_picked":["Dagger Throw","Noxious Fumes"],"picked":"PiercingWail","floor":22.0},{"not_picked":["Backstab","Riddle With Holes"],"picked":"Cloak And Dagger","floor":24.0},{"not_picked":["Noxious Fumes","Bane"],"picked":"After Image","floor":27.0},{"not_picked":["Backstab","Underhanded Strike","Sucker Punch"],"picked":"SKIP","floor":29.0},{"not_picked":["Underhanded Strike","Bane"],"picked":"Backflip","floor":30.0},{"not_picked":["Flying Knee"],"picked":"SKIP","floor":35.0},{"not_picked":[],"picked":"Slice","floor":39.0},{"not_picked":["Crippling Poison"],"picked":"SKIP","floor":41.0},{"not_picked":[],"picked":"Panache","floor":42.0},{"not_picked":["Eviscerate"],"picked":"SKIP","floor":45.0},{"not_picked":["Eviscerate"],"picked":"SKIP","floor":45.0},{"not_picked":["Eviscerate"],"picked":"SKIP","floor":45.0},{"not_picked":["Sucker Punch+1"],"picked":"SKIP","floor":46.0}],"player_experience":1720179,"relics_obtained":[{"floor":9.0,"key":"HornCleat"},{"floor":10.0,"key":"Ninja Scroll"},{"floor":24.0,"key":"Tiny Chest"},{"floor":26.0,"key":"MawBank"},{"floor":27.0,"key":"Dream Catcher"},{"floor":30.0,"key":"Unceasing Top"},{"floor":30.0,"key":"Pantograph"},{"floor":37.0,"key":"Torii"},{"floor":41.0,"key":"Blue Candle"},{"floor":43.0,"key":"Bottled Flame"},{"floor":45.0,"key":"CeramicFish"},{"floor":48.0,"key":"Toy Ornithopter"}],"event_choices":[{"damage_healed":0.0,"max_hp_gain":0.0,"max_hp_loss":0.0,"gold_gain":0.0,"event_name":"Big Fish","player_choice":"Box","floor":2.0,"gold_loss":0.0,"damage_taken":0.0,"relics_obtained":["Eternal Feather"],"cards_obtained":["Regret"]},{"damage_healed":0.0,"max_hp_gain":0.0,"max_hp_loss":0.0,"gold_gain":0.0,"event_name":"Accursed Blacksmith","player_choice":"Rummage","floor":5.0,"gold_loss":0.0,"damage_taken":0.0,"relics_obtained":["WarpedTongs"],"cards_obtained":["Pain"]},{"damage_healed":0.0,"max_hp_gain":0.0,"max_hp_loss":0.0,"gold_gain":0.0,"event_name":"Golden Idol","player_choice":"Take Wound","floor":11.0,"gold_loss":0.0,"damage_taken":0.0,"relics_obtained":["Golden Idol"],"cards_obtained":["Injury"]},{"damage_healed":0.0,"max_hp_gain":0.0,"max_hp_loss":0.0,"gold_gain":0.0,"event_name":"Drug Dealer","player_choice":"Inject Mutagens","floor":20.0,"gold_loss":0.0,"damage_taken":0.0,"relics_obtained":["MutagenicStrength"]},{"damage_healed":0.0,"max_hp_gain":0.0,"max_hp_loss":0.0,"gold_gain":0.0,"event_name":"Addict","player_choice":"Obtained Relic","floor":21.0,"gold_loss":85.0,"damage_taken":0.0,"relics_obtained":["Incense Burner"]},{"damage_healed":0.0,"max_hp_gain":0.0,"max_hp_loss":0.0,"gold_gain":0.0,"event_name":"Colosseum","player_choice":"Fight","floor":30.0,"gold_loss":0.0,"damage_taken":0.0},{"damage_healed":0.0,"max_hp_gain":0.0,"max_hp_loss":0.0,"gold_gain":0.0,"event_name":"Colosseum","player_choice":"Fought Nobs","floor":30.0,"gold_loss":0.0,"damage_taken":0.0},{"damage_healed":0.0,"max_hp_gain":0.0,"max_hp_loss":0.0,"gold_gain":0.0,"event_name":"Back to Basics","player_choice":"Simplicity","floor":31.0,"gold_loss":0.0,"damage_taken":0.0,"cards_upgraded":["Strike_G","Strike_G","Strike_G","Strike_G","Defend_G","Defend_G","Defend_G","Defend_G","Defend_G"]},{"damage_healed":0.0,"max_hp_gain":0.0,"max_hp_loss":0.0,"gold_gain":0.0,"event_name":"Tomb of Lord Red Mask","player_choice":"Ignored","floor":36.0,"gold_loss":0.0,"damage_taken":0.0},{"damage_healed":0.0,"max_hp_gain":0.0,"max_hp_loss":0.0,"gold_gain":0.0,"event_name":"SensoryStone","player_choice":"Memory 2","floor":42.0,"gold_loss":0.0,"damage_taken":5.0},{"damage_healed":0.0,"max_hp_gain":0.0,"max_hp_loss":0.0,"gold_gain":333.0,"event_name":"The Moai Head","player_choice":"Gave Idol","floor":47.0,"relics_lost":["Golden Idol"],"gold_loss":0.0,"damage_taken":0.0}],"is_beta":false,"boss_relics":[{"not_picked":["Ring of the Serpent","Runic Pyramid"],"picked":"Sozu"},{"not_picked":["HoveringKite","Empty Cage"],"picked":"Busted Crown"}],"items_purged_floors":[3,38],"is_endless":false,"potions_floor_spawned":[4,8,12,22,24,29,30,33,41,46],"ascension_level":19}}