{"host":"e5j9gsw9gssw3h6t","time":1610036169,"event":{"mods":["BaseMod","Colored Powertips","Minty Spire (QoL Compilation)","Relic Stats","Replay The Spire","StSLib"],"gold_per_floor":[114,133,133,133,76,92,56,82,110,110,136,136,136,136,136],"floor_reached":14,"playtime":290,"items_purged":[],"score":123,"play_id":"dc2d11fd-9af7-4250-8f26-ea55ffb94c44","local_time":"20210107111609","is_ascension_mode":true,"campfire_choices":[{"floor":10,"key":"REST"},{"data":"Replay:Undeath\u0027s Touch","floor":12,"key":"SMITH"}],"circlet_count":0,"master_deck":["Strike_R","Strike_R","Strike_R","Strike_R","Strike_R+1","Defend_R","Defend_R+1","Defend_R","Defend_R","Bash","Twin Strike+1","Infernal Blade","Blood for Blood","Blood for Blood","Uppercut","Hemokinesis","Replay:Undeath\u0027s Touch+1"],"relics":["Burning Blood","CeramicFish","Nunchaku"],"acts_visited":["Exordium"],"potions_floor_usage":[8,14],"damage_taken":[{"damage":5,"enemies":"2 Louse","floor":1,"turns":4},{"damage":4,"enemies":"Small Slimes","floor":2,"turns":4},{"damage":12,"enemies":"Jaw Worm","floor":6,"turns":2},{"damage":39,"enemies":"3 Sentries","floor":8,"turns":7},{"damage":33,"enemies":"Exordium Wildlife","floor":9,"turns":3},{"damage":35,"enemies":"Lagavulin","floor":14,"turns":4}],"seed_played":"-2714539446922542896","potions_obtained":[{"floor":1,"key":"Fruit Juice"},{"floor":9,"key":"Toxic Potion"}],"is_trial":false,"path_per_floor":["M","M","PTL","PTL","$","M","$","E","M","R","T","R","?","E"],"character_chosen":"IRONCLAD","items_purchased":["Blood for Blood","Hemokinesis"],"campfire_rested":1,"item_purchase_floors":[5,7],"current_hp_per_floor":[73,75,75,75,75,69,69,41,14,39,39,39,22,0,0],"gold":136,"neow_bonus":"RANDOM_EVENT","is_daily":false,"chose_seed":false,"campfire_upgraded":1,"win_rate":0.0,"timestamp":1610036169,"path_taken":["M","M","PTL","PTL","$","M","$","E","M","R","T","R","?","E"],"items_purchased_type":["Card","Card"],"build_version":"2020-12-22","purchased_purges":0,"victory":false,"max_hp_per_floor":[80,80,80,80,80,80,80,85,85,85,85,85,85,85,85],"relic_stats":{"Nunchaku":[0],"counters":[6,24],"CeramicFish":9,"obtain_stats":[{"Nunchaku":11,"CeramicFish":8,"Burning Blood":0},{"Nunchaku":5,"CeramicFish":4,"Burning Blood":0},{"Nunchaku":20,"CeramicFish":17,"Burning Blood":0}],"Burning Blood":30},"card_choices":[{"not_picked":["ReplayReversal","Seeing Red"],"picked":"Twin Strike","floor":1},{"not_picked":["Perfected Strike","Body Slam"],"picked":"Infernal Blade","floor":2},{"not_picked":["ReplayTheSpireMod:Strike From Hell","Run Through"],"picked":"Uppercut","floor":6},{"not_picked":["Perfected Strike","Run Through","Warcry"],"picked":"SKIP","floor":8},{"not_picked":["Battle Trance","ReplayTheSpireMod:Strike From Hell"],"picked":"Replay:Undeath\u0027s Touch","floor":9}],"player_experience":136826,"relics_obtained":[{"floor":8,"key":"CeramicFish"},{"floor":11,"key":"Nunchaku"}],"event_choices":[{"damage_healed":0,"gold_gain":0,"player_choice":"Entered Light","damage_taken":17,"max_hp_gain":0,"max_hp_loss":0,"event_name":"Shining Light","floor":13,"gold_loss":0,"cards_upgraded":["Twin Strike","Defend_R"]}],"is_beta":false,"boss_relics":[],"items_purged_floors":[],"is_endless":false,"potions_floor_spawned":[1,9],"killed_by":"Lagavulin","ascension_level":8}}