{"host":"w2kjv12xyhtt0cv2","time":1610036117,"event":{"mods":["Act Like it!","BaseMod","Colored Map","Friendly Minions","Gensokyo","Highlight Path","Hubris","Kiyohime（清姬）","Marisa（F雨　魔理沙）","Minty Spire (QoL Compilation)","Quick Restart","Reimu（博丽灵梦）","Relic Stats","Replay The Spire","RumiaBox-露米娅的神秘盒子","Shop Mod","Spicy Shops","StSLib","The Cursed","The Servant 0.9.4","UnlockEverythingMod","Waifu the Spire","[功能]功能增强和修复MOD","vexMod","【功能Mod】Neow奖励","【遗物卡牌】REMEMod","没有小屋子和绿帽子啦"],"gold_per_floor":[115,115,129,129,129,147,147,163,163,193,193,227,46,121,121,251,251,267,267,267,86,86,126,82,82,82,82,112,145,177,177,177,276,276,292,292,292,15,66,94,118,52,52,103,162,97,97,8,8,5,5,5,305,329,374],"floor_reached":56,"playtime":3370,"items_purged":["Looming Evil","Parasite"],"score":1999,"play_id":"1a4389ee-44d8-4513-a4a4-a6cd3ac045d3","local_time":"20210108001517","is_ascension_mode":true,"campfire_choices":[{"data":"KiyohimeMod:Projection","floor":15.0,"key":"SMITH"},{"data":"Fusion","floor":32.0,"key":"SMITH"},{"data":"KiyohimeMod:HeroCreation","floor":47.0,"key":"SMITH"},{"floor":49.0,"key":"RECALL"},{"data":"Finisher","floor":52.0,"key":"SMITH"}],"circlet_count":0,"master_deck":["KiyohimeMod:Strike+1","KiyohimeMod:Strike","KiyohimeMod:Strike+1","KiyohimeMod:Strike","KiyohimeMod:Defend","KiyohimeMod:Defend","KiyohimeMod:Defend","KiyohimeMod:Track","KiyohimeMod:FlameKiss","KiyohimeMod:Shapeshift","REME_BattleFury+1","KiyohimeMod:DragonVein","KiyohimeMod:MagicCrystal","KiyohimeMod:Projection+1","KiyohimeMod:EatSoul","KiyohimeMod:FiringTheFirstArrow","KiyohimeMod:GoldenCarpFigure+1","KiyohimeMod:HeroCreation+1","REME_BattleFury+1","PanicButton","Hologram+1","Fusion+1","KiyohimeMod:Destruction","KiyohimeMod:GoldenCarpFigure","Madness+1","Madness","Panache","All For One","Finisher+1","KiyohimeMod:SteelTraining+1","IllusionStar+1","DragonMeteor+1","KiyohimeMod:Projection","KiyohimeMod:FacelessMoon","KiyohimeMod:AVerseOfBurningLoveStory","Panacea","ReplayUltimateDefense","Pummel+1"],"relics":["REME_ComplimentaryCards","vexMod:EndlessSickness","Bloody Idol","YidongShenshe:ReiMu","Pantograph","hubris:MedicalManual","Bronze Scales","Juzu Bracelet","Spirit Poop","vexMod:MemoryStick","Medical Kit","ReplayTheSpireMod:CursedCoin","Nunchaku","PureWhite:ReiMu","ReplayTheSpireMod:DimensionalGlitch","Nilry\u0027s Codex","Kunai","Replay:Wax Seal","PrismaticShard","Du-Vu Doll","Replay:WaspNest","ZombieArmy","Nloth\u0027s Gift","hubris:RunicObelisk","StrikeDummy","CatCart","hubris:Teleporter","Replay:Rubber Ducky","hubris:ToyBattleship","Chameleon Ring","GodSword1","Simple Rune","Blood Vial","hubris:NiceRug","Bottled Tornado","HornCleat","Chemical X","Blue Doll","War Paint","HandDrill","Snack Pack"],"acts_visited":["Exordium","TheCity","TheBeyond","TheEnding"],"potions_floor_usage":[55,55,55],"damage_taken":[{"damage":0.0,"enemies":"Jaw Worm","floor":1.0,"turns":3.0},{"damage":2.0,"enemies":"Cultist","floor":3.0,"turns":3.0},{"damage":1.0,"enemies":"Gremlin Nob","floor":6.0,"turns":3.0},{"damage":12.0,"enemies":"3 Sentries","floor":8.0,"turns":3.0},{"damage":11.0,"enemies":"Lagavulin","floor":10.0,"turns":3.0},{"damage":5.0,"enemies":"3 Sentries","floor":12.0,"turns":4.0},{"damage":0.0,"enemies":"Gremlin Nob","floor":14.0,"turns":2.0},{"damage":0.0,"enemies":"Slime Boss","floor":16.0,"turns":3.0},{"damage":0.0,"enemies":"Spheric Guardian","floor":18.0,"turns":1.0},{"damage":17.0,"enemies":"REME_1_Revenger","floor":23.0,"turns":3.0},{"damage":4.0,"enemies":"Replay:Snechameleon","floor":28.0,"turns":2.0},{"damage":0.0,"enemies":"3 Byrds","floor":29.0,"turns":2.0},{"damage":4.0,"enemies":"Slavers","floor":30.0,"turns":2.0},{"damage":0.0,"enemies":"Collector","floor":33.0,"turns":3.0},{"damage":0.0,"enemies":"3 Shapes","floor":35.0,"turns":2.0},{"damage":22.0,"enemies":"Orin","floor":39.0,"turns":4.0},{"damage":0.0,"enemies":"R_Hoarder","floor":40.0,"turns":4.0},{"damage":19.0,"enemies":"Nemesis","floor":42.0,"turns":5.0},{"damage":0.0,"enemies":"Reptomancer","floor":44.0,"turns":2.0},{"damage":0.0,"enemies":"R_Hoarder","floor":46.0,"turns":4.0},{"damage":11.0,"enemies":"Time Eater","floor":50.0,"turns":5.0},{"damage":0.0,"enemies":"hubris:Merchant","floor":53.0,"turns":2.0},{"damage":7.0,"enemies":"Shield and Spear","floor":54.0,"turns":3.0},{"damage":91,"enemies":"The Heart","floor":55,"turns":5}],"seed_played":"-3719159661476212595","potions_obtained":[{"floor":1.0,"key":"ColorlessPotion"},{"floor":8.0,"key":"Milkshake"},{"floor":12.0,"key":"Strength Potion"},{"floor":14.0,"key":"FearPotion"},{"floor":18.0,"key":"SteroidPotion"},{"floor":28.0,"key":"PowerPotion"},{"floor":33.0,"key":"Swift Potion"},{"floor":40.0,"key":"Languid Potion"},{"floor":44.0,"key":"SkillPotion"},{"floor":45.0,"key":"Toxic Potion"},{"floor":53.0,"key":"Languid Potion"},{"floor":53.0,"key":"FearPotion"},{"floor":53.0,"key":"Ancient Potion"},{"floor":54.0,"key":"REME_GoldPotion"}],"is_trial":false,"path_per_floor":["M","?","M","?","?","E","T","E","T","E","?","E","$","?","R","B",null,"M","?","?","$","?","E","$","?","T","?","E","M","E","?","R","B",null,"M","?","?","$","?","E","T","E","T","E","?","E","R","$","R","B",null,"R","$","E","B",null],"character_chosen":"Kiyohime","items_purchased":["Medical Kit","ReplayTheSpireMod:CursedCoin","Nunchaku","Kunai","Replay:Wax Seal","PrismaticShard","Panache","StrikeDummy","Swift Potion","Swift Potion"],"campfire_rested":0,"item_purchase_floors":[13,13,13,21,24,24,38,38,48,48],"current_hp_per_floor":[54,54,52,52,52,51,51,39,39,28,28,23,23,23,23,48,54,54,54,29,29,29,12,12,12,12,12,13,21,22,22,22,40,50,53,53,46,51,34,39,44,30,30,38,43,48,48,48,48,42,50,50,53,51,10],"gold":374,"neow_bonus":"BOSS_RELIC","is_daily":false,"chose_seed":false,"campfire_upgraded":4,"win_rate":0.0,"timestamp":1610036117,"path_taken":["M","?","?","?","?","E","?","E","T","E","?","E","$","?","R","BOSS","M","?","?","$","?","E","$","?","T","?","E","M","E","?","R","BOSS","M","?","?","$","?","E","?","E","T","E","?","E","R","$","R","BOSS","R","$","E","BOSS"],"items_purchased_type":["Relic","Relic","Relic","Relic","Relic","Relic","Card","Relic","Potion","Potion"],"build_version":"2020-12-22","purchased_purges":2,"victory":true,"max_hp_per_floor":[60,60,60,56,56,56,56,56,56,56,56,56,56,56,56,56,56,56,56,56,53,53,53,53,53,53,53,53,53,53,53,53,53,53,53,53,53,53,53,53,53,53,53,53,53,53,53,53,53,53,53,53,53,53,53],"relic_stats":{"counters":[24,73],"Juzu Bracelet":7,"War Paint":["KiyohimeMod:GoldenCarpFigure","Madness"],"Medical Kit":[3],"Blood Vial":3,"Nunchaku":[22],"Bloody Idol":74,"Pantograph":45,"Bronze Scales":[135],"Nloth\u0027s Gift":5,"HandDrill":[4],"Kunai":[53],"Chemical X":[2],"obtain_stats":[{"vexMod:MemoryStick":12,"Nilry\u0027s Codex":20,"Spirit Poop":11,"Blue Doll":53,"Juzu Bracelet":10,"hubris:RunicObelisk":34,"Bottled Tornado":53,"PrismaticShard":24,"Pet Ghost":23,"Replay:Rubber Ducky":41,"Blood Vial":46,"KiyohimeMod:FireDragon":0,"Nunchaku":13,"Chameleon Ring":43,"HornCleat":53,"vexMod:EndlessSickness":0,"Pantograph":6,"HandDrill":53,"Kunai":21,"Chemical X":53,"Replay:Wax Seal":24,"ZombieArmy":30,"hubris:Teleporter":40,"Golden Idol":4,"ReplayTheSpireMod:CursedCoin":13,"hubris:MedicalManual":8,"Replay:WaspNest":28,"War Paint":53,"Medical Kit":13,"Du-Vu Doll":26,"PureWhite:ReiMu":14,"Bronze Scales":9,"Bloody Idol":27,"Simple Rune":45,"YidongShenshe:ReiMu":5,"Nloth\u0027s Gift":31,"hubris:ToyBattleship":42,"Snack Pack":54,"CatCart":39,"ReplayTheSpireMod:DimensionalGlitch":17,"StrikeDummy":38,"REME_ComplimentaryCards":0,"GodSword1":44,"hubris:NiceRug":53},{"vexMod:MemoryStick":6,"Nilry\u0027s Codex":9,"Spirit Poop":5,"Blue Doll":22,"Juzu Bracelet":5,"hubris:RunicObelisk":14,"Bottled Tornado":22,"PrismaticShard":10,"Pet Ghost":10,"Replay:Rubber Ducky":17,"Blood Vial":20,"KiyohimeMod:FireDragon":0,"Nunchaku":6,"Chameleon Ring":18,"HornCleat":22,"vexMod:EndlessSickness":0,"Pantograph":3,"HandDrill":22,"Kunai":9,"Chemical X":22,"Replay:Wax Seal":10,"ZombieArmy":13,"hubris:Teleporter":17,"Golden Idol":2,"ReplayTheSpireMod:CursedCoin":6,"hubris:MedicalManual":4,"Replay:WaspNest":11,"War Paint":22,"Medical Kit":6,"Du-Vu Doll":10,"PureWhite:ReiMu":6,"Bronze Scales":4,"Bloody Idol":10,"Simple Rune":19,"YidongShenshe:ReiMu":2,"Nloth\u0027s Gift":13,"hubris:ToyBattleship":18,"Snack Pack":23,"CatCart":16,"ReplayTheSpireMod:DimensionalGlitch":8,"StrikeDummy":15,"REME_ComplimentaryCards":0,"GodSword1":19,"hubris:NiceRug":22},{"vexMod:MemoryStick":19,"Nilry\u0027s Codex":25,"Spirit Poop":15,"Blue Doll":65,"Juzu Bracelet":15,"hubris:RunicObelisk":37,"Bottled Tornado":65,"PrismaticShard":28,"Pet Ghost":28,"Replay:Rubber Ducky":47,"Blood Vial":58,"KiyohimeMod:FireDragon":0,"Nunchaku":19,"Chameleon Ring":52,"HornCleat":65,"vexMod:EndlessSickness":0,"Pantograph":9,"HandDrill":65,"Kunai":25,"Chemical X":65,"Replay:Wax Seal":28,"ZombieArmy":34,"hubris:Teleporter":47,"Golden Idol":6,"ReplayTheSpireMod:CursedCoin":19,"hubris:MedicalManual":12,"Replay:WaspNest":30,"War Paint":65,"Medical Kit":19,"Du-Vu Doll":28,"PureWhite:ReiMu":19,"Bronze Scales":12,"Bloody Idol":28,"Simple Rune":54,"YidongShenshe:ReiMu":6,"Nloth\u0027s Gift":34,"hubris:ToyBattleship":52,"Snack Pack":68,"CatCart":43,"ReplayTheSpireMod:DimensionalGlitch":24,"StrikeDummy":39,"REME_ComplimentaryCards":0,"GodSword1":54,"hubris:NiceRug":65}]},"card_choices":[{"not_picked":["KiyohimeMod:WaterTurn","KiyohimeMod:GreenBlackKey","KiyohimeMod:Preemptive"],"picked":"SKIP","floor":1.0},{"not_picked":["KiyohimeMod:CommandCard_Quick","KiyohimeMod:AgainstMagic"],"picked":"KiyohimeMod:DragonVein","floor":3.0},{"not_picked":["KiyohimeMod:EatSoul","KiyohimeMod:CommandCard_Buster"],"picked":"KiyohimeMod:MagicCrystal","floor":6.0},{"not_picked":["KiyohimeMod:SteelTraining","KiyohimeMod:BeElegant"],"picked":"KiyohimeMod:Projection","floor":8.0},{"not_picked":["KiyohimeMod:Berserker","KiyohimeMod:HotSpringOfTheMoon","KiyohimeMod:EatSoul"],"picked":"SKIP","floor":10.0},{"not_picked":["KiyohimeMod:Berserker","KiyohimeMod:HotSpringOfTheMoon"],"picked":"KiyohimeMod:EatSoul","floor":10.0},{"not_picked":["KiyohimeMod:FirstPremonition","KiyohimeMod:BlueBlackKey"],"picked":"KiyohimeMod:FiringTheFirstArrow","floor":12.0},{"not_picked":["KiyohimeMod:Servant_TamamoNoMae","KiyohimeMod:PrismaCosmos"],"picked":"KiyohimeMod:GoldenCarpFigure","floor":16.0},{"not_picked":["KiyohimeMod:RedBlackKey","KiyohimeMod:EatSoul","KiyohimeMod:FirstPremonition"],"picked":"SKIP","floor":18.0},{"not_picked":["KiyohimeMod:FiringTheFirstArrow","KiyohimeMod:HotSpringOfTheMoon","KiyohimeMod:Berserker"],"picked":"SKIP","floor":23.0},{"not_picked":["GravityBeat","DeceiveReality+1"],"picked":"PanicButton","floor":28.0},{"not_picked":["Slice+1","Cleave"],"picked":"Hologram+1","floor":29.0},{"not_picked":["ShootTheMoon+1","AirStrike:ReiMu"],"picked":"Fusion","floor":30.0},{"not_picked":["TheCursedMod:OutForBlood","Replay:LoomingThreat"],"picked":"KiyohimeMod:Destruction","floor":33.0},{"not_picked":["FollowUp","KiyohimeMod:EatSoul","ChargingUp"],"picked":"SKIP","floor":35.0},{"not_picked":["ReplayTheSpireMod:Scrap Shanks+1","Gathering:ReiMu+1","Grand Finale"],"picked":"SKIP","floor":40.0},{"not_picked":["Deadly Poison+1","Poison Darts"],"picked":"All For One","floor":42.0},{"not_picked":["KiyohimeMod:ExSpicyMapoTofu+1","Spot Weakness+1"],"picked":"Finisher","floor":44.0},{"not_picked":["Alleviate+1","Poisoned Stab+1"],"picked":"KiyohimeMod:SteelTraining+1","floor":45.0},{"not_picked":["SashWhip+1","TheCursedMod:SmokeScreen"],"picked":"IllusionStar+1","floor":45.0},{"not_picked":["TheCursedMod:SoulCrush+1","Unruled+1"],"picked":"DragonMeteor+1","floor":46.0},{"not_picked":[],"picked":"KiyohimeMod:Projection","floor":53.0},{"not_picked":[],"picked":"KiyohimeMod:FacelessMoon","floor":53.0},{"not_picked":[],"picked":"KiyohimeMod:AVerseOfBurningLoveStory","floor":53.0},{"not_picked":[],"picked":"Panacea","floor":53.0},{"not_picked":[],"picked":"ReplayUltimateDefense","floor":53.0},{"not_picked":["KiyohimeMod:RedBlackKey"],"picked":"SKIP","floor":53.0},{"not_picked":["KiyohimeMod:FiringTheFirstArrow"],"picked":"SKIP","floor":53.0},{"not_picked":["True Grit+1","BlastKick2:ReiMu"],"picked":"Pummel+1","floor":54.0}],"player_experience":118842,"relics_obtained":[{"floor":6.0,"key":"Pantograph"},{"floor":8.0,"key":"hubris:MedicalManual"},{"floor":9.0,"key":"Bronze Scales"},{"floor":10.0,"key":"Juzu Bracelet"},{"floor":12.0,"key":"vexMod:MemoryStick"},{"floor":20.0,"key":"Nilry\u0027s Codex"},{"floor":23.0,"key":"Pet Ghost"},{"floor":26.0,"key":"Du-Vu Doll"},{"floor":28.0,"key":"Replay:WaspNest"},{"floor":30.0,"key":"ZombieArmy"},{"floor":39.0,"key":"CatCart"},{"floor":40.0,"key":"hubris:Teleporter"},{"floor":41.0,"key":"Replay:Rubber Ducky"},{"floor":42.0,"key":"hubris:ToyBattleship"},{"floor":43.0,"key":"Chameleon Ring"},{"floor":44.0,"key":"GodSword1"},{"floor":45.0,"key":"Simple Rune"},{"floor":46.0,"key":"Blood Vial"},{"floor":53.0,"key":"Bottled Tornado"},{"floor":53.0,"key":"HornCleat"},{"floor":53.0,"key":"Chemical X"},{"floor":53.0,"key":"Blue Doll"},{"floor":53.0,"key":"War Paint"},{"floor":53.0,"key":"HandDrill"},{"floor":54.0,"key":"Snack Pack"}],"event_choices":[{"damage_healed":0.0,"max_hp_gain":0.0,"max_hp_loss":0.0,"gold_gain":0.0,"event_name":"Upgrade Shrine","player_choice":"Upgraded","floor":2.0,"gold_loss":0.0,"damage_taken":0.0,"cards_upgraded":["REME_BattleFury"]},{"damage_healed":0.0,"max_hp_gain":0.0,"max_hp_loss":4.0,"gold_gain":0.0,"event_name":"Golden Idol","player_choice":"Lose Max HP","floor":4.0,"gold_loss":0.0,"damage_taken":0.0,"relics_obtained":["Golden Idol"]},{"damage_healed":0.0,"max_hp_gain":0.0,"max_hp_loss":0.0,"gold_gain":0.0,"event_name":"yidonshenshe","player_choice":"带走神社","floor":5.0,"gold_loss":0.0,"damage_taken":0.0,"relics_obtained":["YidongShenshe:ReiMu"],"cards_obtained":["Poor:ReiMu"]},{"cards_removed":["Poor:ReiMu"],"damage_healed":0.0,"max_hp_gain":0.0,"max_hp_loss":0.0,"gold_gain":0.0,"event_name":"Bonfire Elementals","player_choice":"Offered Curse","floor":11.0,"gold_loss":0.0,"damage_taken":0.0,"relics_obtained":["Spirit Poop"]},{"damage_healed":0.0,"max_hp_gain":0.0,"max_hp_loss":0.0,"gold_gain":0.0,"event_name":"Dead Adventurer","player_choice":"Searched \u00273\u0027 times","floor":14.0,"gold_loss":0.0,"damage_taken":0.0,"relics_obtained":["PureWhite:ReiMu"]},{"damage_healed":0.0,"max_hp_gain":0.0,"max_hp_loss":0.0,"gold_gain":0.0,"cards_transformed":["KiyohimeMod:Defend"],"event_name":"Transmorgrifier","player_choice":"Transformed","floor":19.0,"gold_loss":0.0,"damage_taken":0.0,"cards_obtained":["KiyohimeMod:HeroCreation"]},{"damage_healed":0.0,"max_hp_gain":0.0,"max_hp_loss":0.0,"gold_gain":0.0,"event_name":"Cursed Tome","player_choice":"Obtained Book","floor":20.0,"gold_loss":0.0,"damage_taken":16.0},{"damage_healed":0.0,"max_hp_gain":0.0,"max_hp_loss":0.0,"gold_gain":0.0,"event_name":"Lab","player_choice":"Got Potions","floor":22.0,"gold_loss":0.0,"damage_taken":0.0},{"damage_healed":0.0,"max_hp_gain":0.0,"max_hp_loss":0.0,"gold_gain":0.0,"event_name":"Duplicator","player_choice":"Copied","floor":25.0,"gold_loss":0.0,"damage_taken":0.0,"cards_obtained":["REME_BattleFury"]},{"damage_healed":0.0,"max_hp_gain":0.0,"max_hp_loss":0.0,"gold_gain":0.0,"event_name":"Forgotten Altar","player_choice":"Gave Idol","floor":27.0,"relics_lost":["Golden Idol"],"gold_loss":0.0,"damage_taken":0.0,"relics_obtained":["Bloody Idol"]},{"damage_healed":0.0,"max_hp_gain":0.0,"max_hp_loss":0.0,"gold_gain":0.0,"event_name":"N\u0027loth","player_choice":"Traded Relic","floor":31.0,"relics_lost":["Pet Ghost"],"gold_loss":0.0,"damage_taken":0.0,"relics_obtained":["Nloth\u0027s Gift"]},{"damage_healed":0.0,"max_hp_gain":0.0,"max_hp_loss":0.0,"gold_gain":0.0,"event_name":"Winding Halls","player_choice":"Embrace Madness","floor":37.0,"gold_loss":0.0,"damage_taken":7.0,"cards_obtained":["Madness","Madness"]},{"damage_healed":0.0,"max_hp_gain":0.0,"max_hp_loss":0.0,"gold_gain":0.0,"event_name":"OrinTheCat","player_choice":"Fight","floor":39.0,"gold_loss":0.0,"damage_taken":0.0}],"is_beta":false,"boss_relics":[{"not_picked":["REME_DemonsWealth","vexMod:DeviousBotling"],"picked":"ReplayTheSpireMod:DimensionalGlitch"},{"not_picked":["KiyohimeMod:Necromancy","hubris:CrackedHourglass"],"picked":"hubris:RunicObelisk"}],"items_purged_floors":[13,21],"is_endless":false,"potions_floor_spawned":[1,8,12,14,18,28,33,40,44,54],"ascension_level":7}}