{"host":"fiyb7gvx7tok3jeh","time":1610057074,"event":{"mods":["BaseMod","Colored Map","Colored Powertips","DeckTracker","Googly Eyes","Highlight Path","Minty Spire (QoL Compilation)"],"gold_per_floor":[116,191,191,202,215,215,241,241,241,241,260,560,580,545,545,643,643,660,660,683,693,709,533,632,220,220,220,239,249,249,429,429,529,529,546,563,107,139,162,262,288,288,288],"floor_reached":42,"playtime":2277,"items_purged":["Strike_R","Strike_R","Strike_R"],"score":542,"play_id":"c8103dd0-a66a-4769-a640-a405cbdea3ea","local_time":"20210108000434","is_ascension_mode":true,"campfire_choices":[{"data":"Bash","floor":6,"key":"SMITH"},{"data":"Rampage","floor":8,"key":"SMITH"},{"floor":10,"key":"RECALL"},{"floor":15,"key":"REST"},{"floor":27,"key":"REST"},{"floor":32,"key":"REST"}],"circlet_count":0,"master_deck":["Strike_R","Strike_R","Defend_R","Defend_R","Defend_R","Defend_R","Bash+1","Carnage","Dropkick","Rampage+1","Dark Embrace","Intimidate","Exhume","Pommel Strike+1","True Grit","Feel No Pain","Double Tap","Mayhem","Berserk+1","Flame Barrier+1","Armaments+1","PanicButton","Warcry","Injury","Parasite","Infernal Blade+1"],"relics":["Burning Blood","Pocketwatch","Blue Candle","Bottled Flame","Tiny Chest","Old Coin","Fusion Hammer","MealTicket","Membership Card","Frozen Egg 2","InkBottle","Cursed Key","TheAbacus","Prayer Wheel","CeramicFish"],"acts_visited":["Exordium","TheCity","TheBeyond"],"potions_floor_usage":[16,16,33,35,41,42,42],"damage_taken":[{"damage":7,"enemies":"2 Louse","floor":1,"turns":4},{"damage":8,"enemies":"Small Slimes","floor":4,"turns":3},{"damage":8,"enemies":"Jaw Worm","floor":5,"turns":2},{"damage":38,"enemies":"Lagavulin","floor":7,"turns":6},{"damage":8,"enemies":"Exordium Thugs","floor":11,"turns":3},{"damage":0,"enemies":"Exordium Wildlife","floor":13,"turns":2},{"damage":14,"enemies":"Slime Boss","floor":16,"turns":9},{"damage":25,"enemies":"3 Byrds","floor":18,"turns":7},{"damage":11,"enemies":"Spheric Guardian","floor":21,"turns":3},{"damage":29,"enemies":"Centurion and Healer","floor":22,"turns":6},{"damage":24,"enemies":"Snake Plant","floor":28,"turns":3},{"damage":0,"enemies":"Snecko","floor":29,"turns":3},{"damage":2,"enemies":"Champ","floor":33,"turns":6},{"damage":63,"enemies":"3 Darklings","floor":35,"turns":7},{"damage":20,"enemies":"Orb Walker","floor":36,"turns":4},{"damage":10,"enemies":"Writhing Mass","floor":39,"turns":7},{"damage":17,"enemies":"3 Darklings","floor":41,"turns":6},{"damage":23,"enemies":"Sphere and 2 Shapes","floor":42,"turns":7}],"seed_played":"2628124425336267405","potions_obtained":[{"floor":1,"key":"SteroidPotion"},{"floor":11,"key":"PowerPotion"},{"floor":13,"key":"Explosive Potion"},{"floor":22,"key":"LiquidMemories"},{"floor":29,"key":"ColorlessPotion"},{"floor":33,"key":"SteroidPotion"},{"floor":35,"key":"LiquidBronze"}],"is_trial":false,"path_per_floor":["M","?","?","M","M","R","E","R","T","R","M","?","M","?","R","B",null,"M","?","T","M","M","$","?","$","T","R","M","M","T","?","R","B",null,"M","M","$","T","M","?","M","M"],"character_chosen":"IRONCLAD","items_purchased":["True Grit","Block Potion","Membership Card","Feel No Pain","Double Tap","Mayhem","BloodPotion","Block Potion","PanicButton","Warcry","TheAbacus","Prayer Wheel","CeramicFish"],"campfire_rested":3,"item_purchase_floors":[23,23,25,25,25,25,25,37,37,37,37,37,37],"current_hp_per_floor":[71,60,60,58,56,56,24,24,24,24,22,10,16,34,55,47,66,47,47,47,42,19,34,34,49,49,70,52,58,58,39,60,64,70,27,13,28,28,24,24,13,0,0],"gold":288,"neow_bonus":"ONE_RARE_RELIC","is_daily":false,"chose_seed":false,"campfire_upgraded":2,"win_rate":0.0,"timestamp":1610057074,"path_taken":["M","?","?","M","M","R","E","R","T","R","M","?","M","?","R","BOSS","M","?","?","M","M","$","?","$","T","R","M","M","?","?","R","BOSS","M","M","$","?","M","?","?","?"],"items_purchased_type":["Card","Potion","Relic","Card","Card","Card","Potion","Potion","Card","Card","Relic","Relic","Relic"],"build_version":"2020-12-22","purchased_purges":3,"victory":false,"max_hp_per_floor":[72,72,72,72,72,72,72,72,72,72,72,72,72,72,72,72,72,72,72,72,72,72,72,72,72,72,72,72,72,72,72,72,72,72,72,72,72,72,72,72,72,72,72],"card_choices":[{"not_picked":["Iron Wave","Infernal Blade"],"picked":"Carnage","floor":1},{"not_picked":["Heavy Blade","Havoc"],"picked":"Dropkick","floor":4},{"not_picked":["Armaments","Reckless Charge","Searing Blow"],"picked":"SKIP","floor":5},{"not_picked":["Twin Strike","Demon Form"],"picked":"Rampage","floor":7},{"not_picked":["Rampage","Warcry"],"picked":"Dark Embrace","floor":11},{"not_picked":["Headbutt","Sever Soul"],"picked":"Intimidate","floor":13},{"not_picked":["Immolate","Fiend Fire"],"picked":"Exhume","floor":16},{"not_picked":["Headbutt","Clash","Perfected Strike+1"],"picked":"SKIP","floor":18},{"not_picked":["Anger","Clothesline"],"picked":"Pommel Strike+1","floor":21},{"not_picked":["Sword Boomerang+1","Shockwave+1","Clash"],"picked":"SKIP","floor":22},{"not_picked":["Wild Strike","Dual Wield","Cleave"],"picked":"SKIP","floor":28},{"not_picked":["Body Slam","Thunderclap","Warcry"],"picked":"SKIP","floor":29},{"not_picked":["Barricade+1","Juggernaut+1"],"picked":"Berserk+1","floor":33},{"not_picked":["Heavy Blade","Headbutt"],"picked":"Flame Barrier+1","floor":35},{"not_picked":["Bloodletting+1","Blood for Blood+1"],"picked":"Armaments+1","floor":36},{"not_picked":["Armaments","Havoc","Wild Strike"],"picked":"SKIP","floor":39},{"not_picked":["Rage+1","Twin Strike+1","Searing Blow+1"],"picked":"SKIP","floor":39},{"not_picked":["Shockwave","Shrug It Off"],"picked":"Infernal Blade+1","floor":41},{"not_picked":["Warcry","Offering","Wild Strike+1"],"picked":"SKIP","floor":41}],"player_experience":245407,"relics_obtained":[{"floor":7,"key":"Bottled Flame"},{"floor":9,"key":"Tiny Chest"},{"floor":20,"key":"MealTicket"},{"floor":26,"key":"Frozen Egg 2"},{"floor":30,"key":"InkBottle"}],"event_choices":[{"damage_healed":0,"gold_gain":75,"player_choice":"Gather Gold","damage_taken":11,"max_hp_gain":0,"max_hp_loss":0,"event_name":"World of Goop","floor":2,"gold_loss":0},{"damage_healed":0,"gold_gain":0,"player_choice":"Box","damage_taken":0,"relics_obtained":["Blue Candle"],"max_hp_gain":0,"max_hp_loss":0,"event_name":"Big Fish","floor":3,"gold_loss":0,"cards_obtained":["Regret"]},{"damage_healed":0,"gold_gain":0,"player_choice":"Success","damage_taken":12,"relics_obtained":["Old Coin"],"max_hp_gain":0,"max_hp_loss":0,"event_name":"Scrap Ooze","floor":12,"gold_loss":0},{"damage_healed":18,"gold_gain":0,"player_choice":"Healed","damage_taken":0,"max_hp_gain":0,"max_hp_loss":0,"event_name":"The Cleric","floor":14,"gold_loss":35},{"cards_removed":["Regret"],"damage_healed":0,"gold_gain":0,"player_choice":"Removed Curses","damage_taken":0,"max_hp_gain":0,"max_hp_loss":0,"event_name":"Fountain of Cleansing","floor":19,"gold_loss":0},{"damage_healed":0,"gold_gain":99,"player_choice":"Stole From Cult","damage_taken":0,"max_hp_gain":0,"max_hp_loss":0,"event_name":"Nest","floor":24,"gold_loss":0},{"damage_healed":0,"gold_gain":180,"player_choice":"GOLD GOLD ","damage_taken":19,"max_hp_gain":0,"max_hp_loss":0,"event_name":"Knowing Skull","floor":31,"potions_obtained":[],"gold_loss":0,"cards_obtained":[]},{"damage_healed":0,"gold_gain":100,"player_choice":"Pray","damage_taken":0,"max_hp_gain":0,"max_hp_loss":0,"event_name":"Golden Shrine","floor":40,"gold_loss":0}],"is_beta":false,"boss_relics":[{"not_picked":["Runic Dome","Busted Crown"],"picked":"Fusion Hammer"},{"not_picked":["Black Star","Sozu"],"picked":"Cursed Key"}],"items_purged_floors":[23,25,37],"is_endless":false,"potions_floor_spawned":[1,11,13,22,29,33,35],"killed_by":"Sphere and 2 Shapes","ascension_level":6}}