{"host":"j4g6ia6asvpyu2b0","time":1610051701,"event":{"mods":["BaseMod","Colored Map","Minty Spire (QoL Compilation)","Permanent Neow","Quick Restart","Relic Stats","StSLib","Unceasing Turn Reminder"],"gold_per_floor":[363,363,363,26,26,52,52,52,52],"floor_reached":8,"playtime":201,"items_purged":[],"score":73,"play_id":"7b945a7e-0e18-4a48-97f5-9462d3dd9d25","local_time":"20210107133501","is_ascension_mode":true,"campfire_choices":[{"data":"Dagger Spray","floor":7,"key":"SMITH"}],"circlet_count":0,"master_deck":["Strike_G","Strike_G","Strike_G","Strike_G","Strike_G","Defend_G","Defend_G","Defend_G","Defend_G","Survivor","Neutralize","Backflip","Dagger Spray+1","Dagger Throw"],"relics":["Ring of the Snake","Torii","Art of War"],"acts_visited":["Exordium"],"potions_floor_usage":[6],"damage_taken":[{"damage":0,"enemies":"2 Louse","floor":1,"turns":6},{"damage":4,"enemies":"Lagavulin","floor":6,"turns":9},{"damage":61,"enemies":"Gremlin Nob","floor":8,"turns":5}],"seed_played":"1016567838865764886","potions_obtained":[{"floor":1,"key":"BlessingOfTheForge"}],"is_trial":false,"path_per_floor":["M","?","?","$","?","E","R","E"],"character_chosen":"THE_SILENT","items_purchased":["Dagger Spray","Torii"],"campfire_rested":0,"item_purchase_floors":[4,4],"current_hp_per_floor":[63,63,56,56,61,57,57,0,0],"gold":52,"neow_bonus":"TWO_FIFTY_GOLD","is_daily":false,"chose_seed":false,"campfire_upgraded":1,"win_rate":0.0,"timestamp":1610051701,"path_taken":["M","?","?","$","?","E","R","E"],"items_purchased_type":["Card","Relic"],"build_version":"2020-12-22","purchased_purges":0,"victory":false,"max_hp_per_floor":[70,67,67,67,72,72,72,72,72],"relic_stats":{"Torii":11,"counters":[3,20],"Art of War":[0],"obtain_stats":[{"Torii":4,"Art of War":6,"Ring of the Snake":0},{"Torii":1,"Art of War":2,"Ring of the Snake":0},{"Torii":6,"Art of War":15,"Ring of the Snake":0}],"Ring of the Snake":[6]},"card_choices":[{"not_picked":["Endless Agony","Finisher"],"picked":"Backflip","floor":1},{"not_picked":["Dodge and Roll","Underhanded Strike"],"picked":"Dagger Throw","floor":6}],"player_experience":753742,"relics_obtained":[{"floor":6,"key":"Art of War"}],"event_choices":[{"cards_removed":["Parasite"],"damage_healed":0,"gold_gain":0,"player_choice":"Forget","damage_taken":0,"max_hp_gain":0,"max_hp_loss":0,"event_name":"Living Wall","floor":2,"gold_loss":0},{"cards_removed":["Defend_G"],"damage_healed":0,"gold_gain":0,"player_choice":"Card Removal","damage_taken":7,"max_hp_gain":0,"max_hp_loss":0,"event_name":"Golden Wing","floor":3,"gold_loss":0},{"damage_healed":0,"gold_gain":0,"player_choice":"Donut","damage_taken":0,"max_hp_gain":5,"max_hp_loss":0,"event_name":"Big Fish","floor":5,"gold_loss":0}],"is_beta":false,"boss_relics":[],"items_purged_floors":[],"is_endless":false,"potions_floor_spawned":[1],"killed_by":"Gremlin Nob","ascension_level":8}}