{"host":"i9wanet4r0ff4t9y","time":1610030478,"event":{"mods":["2.2 Compatiblity","Act Like it!","BaseMod","Bestiary","Better Altar","Better Match","Better Note","Better Sensory Stone","Better Skull","Better Third Choice","Better Vampires","BetterRewards","CapriCore","Curses Come First","Downfall","Minty Spire (QoL Compilation)","Quick Restart","READ ME - Guardian Mod","READ ME - Snecko Mod","Relic Stats","Replay The Spire","Say the Spire","Spicy Shops","StSLib","The Disciple","Waifu the Spire"],"gold_per_floor":[125,125,156,20,20,20,51,76,76,76,105,142,199,242,242,350,350,376,291,314,364,393,436,436,482,482,510,510,540,540,574,574,590,590],"floor_reached":33,"playtime":1311,"items_purged":["Decay"],"score":653,"play_id":"745df97e-0cfa-4bd8-abea-b7317ac4d7a7","local_time":"20210107154118","is_ascension_mode":true,"campfire_choices":[{"data":"Disarm","floor":6.0,"key":"SMITH"},{"data":"Feel No Pain","floor":10.0,"key":"SMITH"},{"data":"Exhume","floor":15.0,"key":"SMITH"},{"floor":24.0,"key":"REST"},{"floor":30.0,"key":"REST"},{"floor":32.0,"key":"REST"}],"circlet_count":0,"master_deck":["AscendersBane","Strike_R+1","Strike_R+1","Strike_R+1","Strike_R+1","Strike_R+1","Defend_R+1","Defend_R+1","Defend_R+1","Defend_R+1","Bash","Eclipse+1","Chrysalis","Disarm+1","Feel No Pain+1","Iron Wave","Rampage","Jack Of All Trades","Dark Embrace","Writhe","ReplayTheSpireMod:Muscle Training","Dropkick","Doubt","Burn","Twin Strike","Clothesline","Feel No Pain","Exhume+1","Fire Breathing","Barricade","Inflame+1","Infernal Blade","Feed","Spot Weakness","ReplayTheSpireMod:Faulty Equipment","ReplayReversal+1","Fiend Fire"],"relics":["Burning Blood","Kunai","Replay:Bandana","Toolbox","Pen Nib","War Paint","TheAbacus","FossilizedHelix","Nloth\u0027s Gift","downfall:GremlinWheel","Membership Card","Lee\u0027s Waffle","Iron Hammer","Singing Bowl","Smiling Mask","Simple Rune","Cursed Key","Question Card","Replay:Bottled Steam","Lantern","Sundial"],"acts_visited":["Exordium","TheCity"],"potions_floor_usage":[],"damage_taken":[{"damage":0.0,"enemies":"Jaw Worm","floor":1.0,"turns":3.0},{"damage":0.0,"enemies":"Cultist","floor":3.0,"turns":3.0},{"damage":0.0,"enemies":"Small Slimes","floor":7.0,"turns":3.0},{"damage":8.0,"enemies":"Looter","floor":8.0,"turns":4.0},{"damage":0.0,"enemies":"Blue Slaver","floor":11.0,"turns":5.0},{"damage":18.0,"enemies":"Gremlin Nob","floor":12.0,"turns":4.0},{"damage":10.0,"enemies":"Lots of Slimes","floor":14.0,"turns":5.0},{"damage":4.0,"enemies":"Hexaghost","floor":16.0,"turns":11.0},{"damage":12.0,"enemies":"Spheric Guardian","floor":18.0,"turns":6.0},{"damage":6.0,"enemies":"Chosen","floor":20.0,"turns":4.0},{"damage":14.0,"enemies":"Snecko","floor":22.0,"turns":8.0},{"damage":24.0,"enemies":"Slavers","floor":23.0,"turns":6.0},{"damage":46.0,"enemies":"Book of Stabbing","floor":25.0,"turns":6.0},{"damage":26.0,"enemies":"Chosen and Byrds","floor":27.0,"turns":7.0},{"damage":5.0,"enemies":"Sentry and Sphere","floor":29.0,"turns":7.0},{"damage":10.0,"enemies":"Snecko","floor":31.0,"turns":4.0},{"damage":89,"enemies":"Automaton","floor":33,"turns":6}],"seed_played":"-5291158897319786688","potions_obtained":[{"floor":7.0,"key":"Death Potion"},{"floor":8.0,"key":"Toxic Potion"},{"floor":12.0,"key":"Regen Potion"},{"floor":13.0,"key":"CultistPotion"},{"floor":22.0,"key":"DuplicationPotion"},{"floor":27.0,"key":"Fruit Juice"}],"is_trial":false,"path_per_floor":["M","?","M","$","?","R","M","M","T","R","M","E","?","M","R","B",null,"M","?","M","?","M","E","R","E","T","M","?","M","R","M","R","B"],"character_chosen":"IRONCLAD","items_purchased":["Kunai","Replay:Bandana","Toolbox","Pen Nib","Eclipse","War Paint","TheAbacus","Chrysalis","Disarm","Feel No Pain","Iron Wave","Rampage","Jack Of All Trades","Membership Card","Lee\u0027s Waffle"],"campfire_rested":3,"item_purchase_floors":[0,0,0,0,0,0,0,0,0,0,0,0,0,4,4],"current_hp_per_floor":[30,30,36,87,87,87,87,85,85,85,87,75,54,52,52,54,80,74,74,76,76,68,50,77,37,37,24,24,25,54,50,79,0,0],"gold":590,"neow_bonus":"","is_daily":false,"chose_seed":false,"campfire_upgraded":3,"win_rate":0.0,"timestamp":1610030478,"path_taken":["M","?","M","?","?","R","M","M","T","R","M","E","?","M","R","BOSS","M","?","M","?","?","E","R","E","T","?","?","M","R","M","R","BOSS"],"items_purchased_type":["Relic","Relic","Relic","Relic","Card","Relic","Relic","Card","Card","Card","Card","Card","Card","Relic","Relic"],"build_version":"2020-12-22","purchased_purges":1,"victory":false,"max_hp_per_floor":[80,80,80,87,87,87,87,87,87,87,87,87,87,89,89,89,89,89,89,91,91,91,91,91,91,91,98,98,98,98,98,98,98,98],"relic_stats":{"Lee\u0027s Waffle":114,"Singing Bowl":26,"counters":[404,1896],"Pen Nib":[15],"War Paint":["Eclipse","Defend_R"],"Smiling Mask":0,"Cursed Key":1,"Question Card":8,"Burning Blood":2256,"TheAbacus":[30],"Sundial":[0],"Nloth\u0027s Gift":5,"Kunai":[47],"obtain_stats":[{"Golden Egg":34,"Replay:Accelerometer":0,"Ginger":17,"Bottled Tornado":10,"Sling":47,"Old Coin":24,"Ring of Searing":15,"Blood Vial":22,"Replay:Ringing Soul":47,"Sundial":17,"MealTicket":26,"Replay:Bottled Flurry":49,"HandDrill":31,"Kunai":10,"Replay:Wax Seal":0,"Electric Blood":17,"Replay:Bottled Steam":23,"betterAltar:BloodRelic":27,"ReplayTheSpireMod:Ring of Addiction":36,"Blue Candle":7,"Pen Nib":0,"Replay:Ancient Bell":34,"Akabeko":31,"SlaversCollar":17,"Ooze Armor":34,"Bird Faced Urn":9,"ReplayTheSpireMod:Ring of Collecting":5,"Mark of Pain":17,"Regal Pillow":24,"Lantern":34,"Torii":47,"Singing Bowl":0,"Magic Flower":0,"StoneCalendar":0,"Blue Doll":43,"King of Hearts":47,"Replay:Multitool":25,"Bag of Preparation":54,"Cursed Key":34,"Smiling Mask":27,"Burning Blood":0,"Pet Ghost":44,"Replay:Rubber Ducky":34,"Shovel":34,"Ring of Peace":5,"Toolbox":0,"WingedGreaves":37,"Chemical X":21,"Replay:Bottled Eggs":0,"InkBottle":34,"Paper Frog":23,"Potion Belt":36,"Lee\u0027s Waffle":44,"Golden Idol":3,"Self Forming Clay":6,"Thread and Needle":20,"PreservedInsect":22,"The Courier":9,"betterThird:NestCultRelic":22,"Omamori":42,"Ring of Greed":10,"Frozen Egg 2":0,"MawBank":27,"Replay:Arrowhead":48,"Busted Crown":17,"Ornamental Fan":37,"Bloody Idol":22,"Ring of Misfortune":36,"betterThird:SlimedRelic":3,"Turnip":23,"Art of War":40,"Garlic":12,"Durian":0,"hexamod:BolsterEngine":11,"ReplayTheSpireMod:Lightbulb":27,"Toy Ornithopter":28,"Ice Cream":6,"Divine Protection":0,"Calipers":6,"Tiny House":36,"Gremlin Horn":10,"Nilry\u0027s Codex":22,"CeramicFish":24,"Vajra":8,"Lizard Tail":42,"Centennial Puzzle":2,"HornCleat":52,"downfall:GremlinWheel":0,"FaceOfCleric":13,"DollysMirror":44,"Strawberry":10,"Honey Jar":17,"Prayer Wheel":40,"Philosopher\u0027s Stone":17,"Iron Hammer":9,"Toxic Egg 2":36,"Girya":23,"Happy Flower":14,"Ring of Hypnosis":27,"ReplayTheSpireMod:CursedCoin":19,"Dead Branch":17,"Replay:Grab Bag":34,"Oddly Smooth Stone":41,"Charon\u0027s Ashes":0,"Letter Opener":9,"Replay:Kaleidoscope":37,"War Paint":6,"Question Card":19,"WarpedTongs":29,"Bottled Flame":26,"Replay:Baseball":38,"ReplayTheSpireMod:Spearhead":31,"ReplayTheSpireMod:Shallot":27,"Shuriken":34,"Bronze Scales":45,"Molten Egg 2":43,"Onion Ring":54,"Simple Rune":27,"ReplayTheSpireMod:TigerMarble":23,"Nloth\u0027s Gift":0,"Grinning Jar":6,"Mirror":45,"Pocketwatch":10,"Meat on the Bone":45,"ReplayFunnel":14,"Darkstone Periapt":0,"ReplayTheSpireMod:Ring of Exchange":26,"Replay:PocketPolymizer":34,"Black Blood":34,"Mango":40,"Juzu Bracelet":19,"Incense Burner":0,"Replay:Mystery Machine":26,"Empty Cage":34,"ClockworkSouvenir":44,"Frozen Eye":0,"Nunchaku":45,"Dream Catcher":9,"Replay:Bandana":20,"Chameleon Ring":49,"TheAbacus":0,"Mummified Hand":9,"Pantograph":0,"Red Mask":41,"Replay:Bottled Snecko":0,"Red Skull":17,"Runic Pyramid":34,"Gremlin Food":37,"BargainBundle":19,"ReplayTheSpireMod:Ninjato":48,"Replay:Towering Pillar of Hats":50,"Quantum Egg":42,"Guide Book":38,"Replay:WaspNest":3,"Odd Mushroom":12,"Orichalcum":43,"White Beast Statue":36,"Mercury Hourglass":43,"Calling Bell":17,"Peace Pipe":0,"Strange Spoon":44,"CaptainsWheel":0,"Anchor":38,"Pondfish Scales":0,"ChewingGum":17,"Another Sword":47,"Snack Pack":28,"Bag of Marbles":0,"Coffee Dripper":0,"Membership Card":24,"FossilizedHelix":12,"TungstenRod":7,"ReplayTheSpireMod:ShopPack":20},{"Golden Egg":146,"Replay:Accelerometer":210,"Ginger":226,"Bottled Tornado":235,"Sling":102,"Old Coin":92,"Ring of Searing":340,"Blood Vial":39,"Replay:Ringing Soul":102,"Sundial":11,"MealTicket":14,"Replay:Bottled Flurry":153,"HandDrill":200,"Kunai":33,"Replay:Wax Seal":28,"Electric Blood":62,"Replay:Bottled Steam":399,"betterAltar:BloodRelic":171,"ReplayTheSpireMod:Ring of Addiction":47,"Blue Candle":234,"Pen Nib":387,"Replay:Ancient Bell":46,"Akabeko":94,"SlaversCollar":369,"Ooze Armor":175,"Bird Faced Urn":7,"ReplayTheSpireMod:Ring of Collecting":186,"Mark of Pain":37,"Regal Pillow":14,"Lantern":46,"Torii":77,"Singing Bowl":104,"Magic Flower":28,"StoneCalendar":55,"Blue Doll":180,"King of Hearts":102,"Replay:Multitool":117,"Bag of Preparation":155,"Cursed Key":19,"Smiling Mask":281,"Burning Blood":0,"Pet Ghost":75,"Replay:Rubber Ducky":122,"Shovel":46,"Ring of Peace":186,"Toolbox":28,"WingedGreaves":287,"Chemical X":13,"Replay:Bottled Eggs":321,"InkBottle":122,"Paper Frog":40,"Potion Belt":47,"Lee\u0027s Waffle":75,"Golden Idol":186,"Self Forming Clay":272,"Thread and Needle":167,"PreservedInsect":140,"The Courier":324,"betterThird:NestCultRelic":329,"Omamori":100,"Ring of Greed":134,"Frozen Egg 2":156,"MawBank":92,"Replay:Arrowhead":183,"Busted Crown":112,"Ornamental Fan":177,"Bloody Idol":39,"Ring of Misfortune":47,"betterThird:SlimedRelic":105,"Turnip":141,"Art of War":49,"Garlic":136,"Durian":156,"hexamod:BolsterEngine":366,"ReplayTheSpireMod:Lightbulb":92,"Toy Ornithopter":92,"Ice Cream":83,"Divine Protection":243,"Calipers":32,"Tiny House":350,"Gremlin Horn":250,"Nilry\u0027s Codex":13,"CeramicFish":66,"Vajra":7,"Lizard Tail":24,"Centennial Puzzle":105,"HornCleat":54,"downfall:GremlinWheel":387,"FaceOfCleric":9,"DollysMirror":151,"Strawberry":85,"Honey Jar":276,"Prayer Wheel":23,"Philosopher\u0027s Stone":253,"Iron Hammer":33,"Toxic Egg 2":20,"Girya":115,"Happy Flower":36,"Ring of Hypnosis":375,"ReplayTheSpireMod:CursedCoin":113,"Dead Branch":11,"Replay:Grab Bag":261,"Oddly Smooth Stone":75,"Charon\u0027s Ashes":184,"Letter Opener":60,"Replay:Kaleidoscope":73,"War Paint":160,"Question Card":396,"WarpedTongs":67,"Bottled Flame":41,"Replay:Baseball":97,"ReplayTheSpireMod:Spearhead":200,"ReplayTheSpireMod:Shallot":67,"Shuriken":46,"Bronze Scales":127,"Molten Egg 2":24,"Onion Ring":55,"Simple Rune":118,"ReplayTheSpireMod:TigerMarble":66,"Nloth\u0027s Gift":387,"Grinning Jar":106,"Mirror":265,"Pocketwatch":217,"Meat on the Bone":290,"ReplayFunnel":137,"Darkstone Periapt":293,"ReplayTheSpireMod:Ring of Exchange":197,"Replay:PocketPolymizer":122,"Black Blood":261,"Mango":99,"Juzu Bracelet":113,"Incense Burner":156,"Replay:Mystery Machine":66,"Empty Cage":201,"ClockworkSouvenir":75,"Frozen Eye":184,"Nunchaku":51,"Dream Catcher":249,"Replay:Bandana":254,"Chameleon Ring":53,"TheAbacus":321,"Mummified Hand":216,"Pantograph":55,"Red Mask":23,"Replay:Bottled Snecko":293,"Red Skull":11,"Runic Pyramid":261,"Gremlin Food":47,"BargainBundle":89,"ReplayTheSpireMod:Ninjato":129,"Replay:Towering Pillar of Hats":358,"Quantum Egg":50,"Guide Book":379,"Replay:WaspNest":29,"Odd Mushroom":9,"Orichalcum":100,"White Beast Statue":47,"Mercury Hourglass":75,"Calling Bell":11,"Peace Pipe":156,"Strange Spoon":151,"CaptainsWheel":0,"Anchor":123,"Pondfish Scales":130,"ChewingGum":138,"Another Sword":102,"Snack Pack":92,"Bag of Marbles":104,"Coffee Dripper":130,"Membership Card":66,"FossilizedHelix":34,"TungstenRod":59,"ReplayTheSpireMod:ShopPack":194},{"Golden Egg":696,"Replay:Accelerometer":982,"Ginger":1054,"Bottled Tornado":1090,"Sling":464,"Old Coin":431,"Ring of Searing":1582,"Blood Vial":183,"Replay:Ringing Soul":464,"Sundial":38,"MealTicket":52,"Replay:Bottled Flurry":727,"HandDrill":928,"Kunai":146,"Replay:Wax Seal":125,"Electric Blood":319,"Replay:Bottled Steam":1866,"betterAltar:BloodRelic":802,"ReplayTheSpireMod:Ring of Addiction":228,"Blue Candle":1086,"Pen Nib":1804,"Replay:Ancient Bell":224,"Akabeko":436,"SlaversCollar":1719,"Ooze Armor":825,"Bird Faced Urn":28,"ReplayTheSpireMod:Ring of Collecting":865,"Mark of Pain":174,"Regal Pillow":52,"Lantern":224,"Torii":381,"Singing Bowl":473,"Magic Flower":125,"StoneCalendar":286,"Blue Doll":845,"King of Hearts":464,"Replay:Multitool":528,"Bag of Preparation":741,"Cursed Key":81,"Smiling Mask":1297,"Burning Blood":0,"Pet Ghost":375,"Replay:Rubber Ducky":565,"Shovel":224,"Ring of Peace":865,"Toolbox":125,"WingedGreaves":1330,"Chemical X":46,"Replay:Bottled Eggs":1495,"InkBottle":565,"Paper Frog":188,"Potion Belt":228,"Lee\u0027s Waffle":375,"Golden Idol":865,"Self Forming Clay":1254,"Thread and Needle":782,"PreservedInsect":668,"The Courier":1501,"betterThird:NestCultRelic":1532,"Omamori":460,"Ring of Greed":637,"Frozen Egg 2":749,"MawBank":431,"Replay:Arrowhead":853,"Busted Crown":501,"Ornamental Fan":833,"Bloody Idol":183,"Ring of Misfortune":228,"betterThird:SlimedRelic":475,"Turnip":671,"Art of War":239,"Garlic":644,"Durian":749,"hexamod:BolsterEngine":1700,"ReplayTheSpireMod:Lightbulb":431,"Toy Ornithopter":431,"Ice Cream":404,"Divine Protection":1125,"Calipers":142,"Tiny House":1630,"Gremlin Horn":1157,"Nilry\u0027s Codex":46,"CeramicFish":335,"Vajra":28,"Lizard Tail":102,"Centennial Puzzle":475,"HornCleat":280,"downfall:GremlinWheel":1804,"FaceOfCleric":32,"DollysMirror":718,"Strawberry":409,"Honey Jar":1274,"Prayer Wheel":101,"Philosopher\u0027s Stone":1174,"Iron Hammer":146,"Toxic Egg 2":85,"Girya":519,"Happy Flower":161,"Ring of Hypnosis":1743,"ReplayTheSpireMod:CursedCoin":506,"Dead Branch":38,"Replay:Grab Bag":1209,"Oddly Smooth Stone":375,"Charon\u0027s Ashes":860,"Letter Opener":306,"Replay:Kaleidoscope":363,"War Paint":759,"Question Card":1848,"WarpedTongs":338,"Bottled Flame":193,"Replay:Baseball":448,"ReplayTheSpireMod:Spearhead":928,"ReplayTheSpireMod:Shallot":338,"Shuriken":224,"Bronze Scales":593,"Molten Egg 2":102,"Onion Ring":286,"Simple Rune":534,"ReplayTheSpireMod:TigerMarble":335,"Nloth\u0027s Gift":1804,"Grinning Jar":479,"Mirror":1228,"Pocketwatch":1017,"Meat on the Bone":1347,"ReplayFunnel":648,"Darkstone Periapt":1364,"ReplayTheSpireMod:Ring of Exchange":916,"Replay:PocketPolymizer":565,"Black Blood":1209,"Mango":458,"Juzu Bracelet":506,"Incense Burner":749,"Replay:Mystery Machine":335,"Empty Cage":935,"ClockworkSouvenir":375,"Frozen Eye":860,"Nunchaku":256,"Dream Catcher":1150,"Replay:Bandana":1178,"Chameleon Ring":267,"TheAbacus":1495,"Mummified Hand":1010,"Pantograph":286,"Red Mask":101,"Replay:Bottled Snecko":1364,"Red Skull":38,"Runic Pyramid":1209,"Gremlin Food":228,"BargainBundle":422,"ReplayTheSpireMod:Ninjato":608,"Replay:Towering Pillar of Hats":1662,"Quantum Egg":245,"Guide Book":1761,"Replay:WaspNest":129,"Odd Mushroom":32,"Orichalcum":460,"White Beast Statue":228,"Mercury Hourglass":375,"Calling Bell":38,"Peace Pipe":749,"Strange Spoon":718,"CaptainsWheel":0,"Anchor":570,"Pondfish Scales":625,"ChewingGum":659,"Another Sword":464,"Snack Pack":431,"Bag of Marbles":473,"Coffee Dripper":625,"Membership Card":335,"FossilizedHelix":150,"TungstenRod":303,"ReplayTheSpireMod:ShopPack":898}]},"card_choices":[{"not_picked":["Replay:Undeath\u0027s Touch","Shrug It Off"],"picked":"ReplayTheSpireMod:Muscle Training","floor":1.0},{"not_picked":["Twin Strike","Thunderclap"],"picked":"Dropkick","floor":3.0},{"not_picked":["Wild Strike","Clash"],"picked":"Twin Strike","floor":7.0},{"not_picked":["ReplayTheSpireMod:Strike From Hell","Warcry"],"picked":"Clothesline","floor":8.0},{"not_picked":["Iron Wave","Run Through"],"picked":"Feel No Pain","floor":11.0},{"not_picked":["True Grit","Whirlwind"],"picked":"Exhume","floor":12.0},{"not_picked":["ReplayTheSpireMod:Stacked","Thunderclap"],"picked":"Fire Breathing","floor":13.0},{"not_picked":["Fire Breathing","Dark Embrace","Body Slam"],"picked":"Singing Bowl","floor":14.0},{"not_picked":["Demonic Infusion","Hemogenesis"],"picked":"Barricade","floor":16.0},{"not_picked":["Sentinel","Iron Wave"],"picked":"Inflame+1","floor":18.0},{"not_picked":["Evolve","Bloodletting","Battle Trance","Shrug It Off+1"],"picked":"Singing Bowl","floor":20.0},{"not_picked":["Feel No Pain","Evolve","Rampage+1"],"picked":"Infernal Blade","floor":22.0},{"not_picked":["Rage","ReplayTheSpireMod:Strike From Hell","Massacre+1"],"picked":"Feed","floor":23.0},{"not_picked":["Power Through","Intimidate","Dropkick"],"picked":"Spot Weakness","floor":25.0},{"not_picked":["Wild Strike","Warcry","ReplayTheSpireMod:Strike From Hell","Massacre+1"],"picked":"Singing Bowl","floor":27.0},{"not_picked":["Evolve+1","Pommel Strike","Anger+1"],"picked":"ReplayReversal+1","floor":29.0},{"not_picked":["Bludgeon","ReplayReversal","Body Slam"],"picked":"Fiend Fire","floor":31.0}],"player_experience":411771,"relics_obtained":[{"floor":9.0,"key":"Iron Hammer"},{"floor":12.0,"key":"Singing Bowl"},{"floor":13.0,"key":"Smiling Mask"},{"floor":15.0,"key":"Simple Rune"},{"floor":23.0,"key":"Replay:Bottled Steam"},{"floor":25.0,"key":"Lantern"},{"floor":26.0,"key":"Sundial"}],"event_choices":[{"damage_healed":0.0,"max_hp_gain":0.0,"max_hp_loss":0.0,"gold_gain":0.0,"event_name":"The Woman in Blue","player_choice":"Bought 0 Potions","floor":2.0,"gold_loss":0.0,"damage_taken":0.0},{"damage_healed":87.0,"max_hp_gain":0.0,"max_hp_loss":87.0,"gold_gain":0.0,"event_name":"betterThird:BetterShining","player_choice":"Embrace Burn","floor":5.0,"gold_loss":0.0,"damage_taken":0.0},{"damage_healed":0.0,"max_hp_gain":0.0,"max_hp_loss":0.0,"gold_gain":0.0,"event_name":"Wheel of Change","player_choice":"Relic","floor":15.0,"gold_loss":0.0,"damage_taken":0.0},{"damage_healed":0.0,"max_hp_gain":0.0,"max_hp_loss":0.0,"gold_gain":0.0,"event_name":"Addict","player_choice":"Obtained Relic","floor":19.0,"gold_loss":85.0,"damage_taken":0.0,"relics_obtained":["Question Card"]},{"damage_healed":0.0,"max_hp_gain":0.0,"max_hp_loss":0.0,"gold_gain":100.0,"event_name":"The Joust","player_choice":"Bet on Murderer","floor":21.0,"gold_loss":50.0,"damage_taken":0.0},{"damage_healed":0.0,"max_hp_gain":0.0,"max_hp_loss":9.0,"gold_gain":0.0,"event_name":"betterThird:BetterWriting","player_choice":"Simplicity","floor":28.0,"gold_loss":0.0,"damage_taken":0.0}],"is_beta":false,"boss_relics":[{"not_picked":["Astrolabe","Runic Pyramid"],"picked":"Cursed Key"}],"items_purged_floors":[0],"is_endless":false,"potions_floor_spawned":[7,8,11,12,14,22,27],"killed_by":"Automaton","ascension_level":11}}