{"host":"wwpfn8dnr1liindi","time":1610031742,"event":{"mods":["BaseMod","Minty Spire (QoL Compilation)","Permanent Neow","[IsaacMod]ÒÔÈö¼âËþ"],"gold_per_floor":[119,137,152,102,115,150,170,199,223,243,98,124,140,151,151,256,256,632,643,676,710,710,736,736,736,736],"floor_reached":25,"playtime":1268,"items_purged":[],"score":328,"play_id":"bb24d551-5f2b-40bc-aefc-e9921f610fef","local_time":"20210107230222","is_ascension_mode":false,"campfire_choices":[{"floor":15,"key":"REST"}],"circlet_count":0,"master_deck":["Strike_R","Strike_R","Strike_R","Strike_R","Defend_R","Defend_R","Defend_R","Defend_R","Bash","Feed","Warcry","Anger","Pummel","Juggernaut","Iron Wave","Fire Breathing","Combust","Flame Barrier","Blood for Blood","Demon Form","Cleave","Ghostly Armor+1","Juggernaut","Combust","Whirlwind","Feed","Hemokinesis+1","Rupture"],"relics":["Burning Blood","HushsDoor","Leech","TheBible","Bronze Scales","TheBean","Bag of Marbles","ChampionBelt","Incubus","FossilizedHelix","Letter Opener","Pantograph","DeadEye","DoctorsRemote","HowToJump","AnarchistCookbook","MutagenicStrength"],"acts_visited":["Exordium","TheCity"],"potions_floor_usage":[3,8,13,19,25,25,25],"damage_taken":[{"damage":17,"enemies":"Cultist","floor":1,"turns":5},{"damage":6,"enemies":"Jaw Worm","floor":2,"turns":3},{"damage":5,"enemies":"Small Slimes","floor":3,"turns":3},{"damage":19,"enemies":"2 Fungi Beasts","floor":5,"turns":3},{"damage":51,"enemies":"3 Sentries","floor":6,"turns":6},{"damage":6,"enemies":"3 Louse","floor":7,"turns":2},{"damage":16,"enemies":"Lagavulin","floor":8,"turns":5},{"damage":11,"enemies":"Large Slime","floor":10,"turns":4},{"damage":23,"enemies":"3 Sentries","floor":12,"turns":5},{"damage":9,"enemies":"Exordium Wildlife","floor":13,"turns":3},{"damage":2,"enemies":"Blue Slaver","floor":14,"turns":3},{"damage":29,"enemies":"The Guardian","floor":16,"turns":6},{"damage":100000026,"enemies":"Gremlin Leader","floor":18,"turns":5},{"damage":3,"enemies":"3 Byrds","floor":19,"turns":2},{"damage":36,"enemies":"Book of Stabbing","floor":20,"turns":4},{"damage":0,"enemies":"Gremlin Leader","floor":21,"turns":3},{"damage":30,"enemies":"Slavers","floor":23,"turns":3},{"damage":13,"enemies":"Book of Stabbing","floor":25,"turns":2}],"seed_played":"-4206938570658230234","potions_obtained":[{"floor":1,"key":"SteroidPotion"},{"floor":6,"key":"Weak Potion"},{"floor":10,"key":"SneckoOil"},{"floor":12,"key":"Ancient Potion"},{"floor":13,"key":"CultistPotion"},{"floor":16,"key":"AttackPotion"},{"floor":18,"key":"BloodPotion"},{"floor":19,"key":"PowerPotion"},{"floor":21,"key":"Block Potion"}],"is_trial":false,"path_per_floor":["M","M","M","?","M","E","M","E","T","M","$","E","M","M","R","B",null,"M","M","M","M","?","E","?","M"],"character_chosen":"IRONCLAD","items_purchased":["TheBean","Incubus","FairyPotion"],"campfire_rested":1,"item_purchase_floors":[11,17,17],"current_hp_per_floor":[72,77,80,80,72,36,41,36,36,37,37,24,23,29,58,41,66,27,46,20,29,29,10,10,0,0],"gold":736,"neow_bonus":"ONE_RANDOM_RARE_CARD","is_daily":false,"chose_seed":false,"campfire_upgraded":0,"win_rate":0.0,"timestamp":1610031742,"path_taken":["M","M","M","?","M","E","M","E","T","M","$","E","M","M","R","BOSS","M","M","M","M","?","E","?","M"],"items_purchased_type":["Relic","Relic","Potion"],"build_version":"2020-12-22","purchased_purges":0,"victory":false,"max_hp_per_floor":[83,86,86,86,89,92,95,95,95,98,98,98,98,98,98,98,74,74,74,74,74,74,77,77,77,77],"card_choices":[{"not_picked":[],"picked":"SuicideKing","floor":0},{"not_picked":["Thunderclap","Clothesline"],"picked":"Warcry","floor":1},{"not_picked":["Evolve","Headbutt"],"picked":"Anger","floor":2},{"not_picked":["Body Slam","Pommel Strike"],"picked":"Pummel","floor":3},{"not_picked":["Reckless Charge","Dual Wield"],"picked":"Juggernaut","floor":5},{"not_picked":["Dropkick","Sword Boomerang","Evolve"],"picked":"SKIP","floor":6},{"not_picked":["Havoc","Clothesline"],"picked":"Iron Wave","floor":7},{"not_picked":["Juggernaut","Whirlwind"],"picked":"Fire Breathing","floor":8},{"not_picked":["Thunderclap","Entrench"],"picked":"Combust","floor":10},{"not_picked":["Body Slam","Thunderclap"],"picked":"Flame Barrier","floor":12},{"not_picked":["Cleave","Shrug It Off"],"picked":"Blood for Blood","floor":13},{"not_picked":["True Grit","Second Wind"],"picked":"Bomb","floor":14},{"not_picked":["Juggernaut","Corruption"],"picked":"Demon Form","floor":16},{"not_picked":["Bludgeon","Sever Soul"],"picked":"Cleave","floor":18},{"not_picked":["Disarm","Entrench"],"picked":"Ghostly Armor+1","floor":18},{"not_picked":["Evolve","Pommel Strike"],"picked":"Juggernaut","floor":18},{"not_picked":["Ghostly Armor","Havoc"],"picked":"Combust","floor":18},{"not_picked":["Sword Boomerang","Cleave"],"picked":"Whirlwind","floor":19},{"not_picked":["Fire Breathing","Intimidate"],"picked":"Feed","floor":20},{"not_picked":["Shockwave","Perfected Strike"],"picked":"Hemokinesis+1","floor":21},{"not_picked":["Second Wind","Clothesline+1"],"picked":"Rupture","floor":23}],"player_experience":66914,"relics_obtained":[{"floor":6,"key":"TheBible"},{"floor":8,"key":"Bronze Scales"},{"floor":12,"key":"Bag of Marbles"},{"floor":18,"key":"FossilizedHelix"},{"floor":18,"key":"Letter Opener"},{"floor":18,"key":"Pantograph"},{"floor":18,"key":"DeadEye"},{"floor":20,"key":"DoctorsRemote"},{"floor":21,"key":"HowToJump"},{"floor":23,"key":"AnarchistCookbook"}],"event_choices":[{"cards_removed":["Strike_R"],"damage_healed":0,"gold_gain":0,"player_choice":"Card Removal","damage_taken":0,"max_hp_gain":0,"max_hp_loss":0,"event_name":"The Cleric","floor":4,"gold_loss":50},{"damage_healed":0,"gold_gain":0,"player_choice":"Ignored","damage_taken":0,"max_hp_gain":0,"max_hp_loss":0,"event_name":"Ghosts","floor":22,"gold_loss":0},{"damage_healed":0,"gold_gain":0,"player_choice":"Inject Mutagens","damage_taken":0,"relics_obtained":["MutagenicStrength"],"max_hp_gain":0,"max_hp_loss":0,"event_name":"Drug Dealer","floor":24,"gold_loss":0}],"is_beta":false,"boss_relics":[{"not_picked":["Ectoplasm","Empty Cage"],"picked":"ChampionBelt"},{"not_picked":[]}],"items_purged_floors":[],"is_endless":false,"potions_floor_spawned":[1,6,10,12,13,16,19,21],"killed_by":"Book of Stabbing","ascension_level":20}}