{"host":"g8a0qo0vjtg6u5wv","time":1610055308,"event":{"mods":["BaseMod","Colored Map","Custom Start","KOR Keyword Fix","Minty Spire (QoL Compilation)","StSLib","SuperFastMode","The Jungle"],"gold_per_floor":[109,109,10,10,22,54,54,87,87,114,114,128,175,192,192,264,314,325,105,120,139,150,150,150],"floor_reached":23,"playtime":524,"items_purged":["Defend_R","Reckless Charge"],"score":342,"play_id":"2ad5b6fb-4b73-450f-bca1-028415d989f4","local_time":"20210108063508","is_ascension_mode":true,"campfire_choices":[{"data":"Perfected Strike","floor":7.0,"key":"SMITH"},{"data":"Flex","floor":11.0,"key":"SMITH"},{"data":"Perfected Strike","floor":15.0,"key":"SMITH"}],"circlet_count":0,"master_deck":["AscendersBane","Strike_R","Strike_R","Strike_R","Strike_R+1","Strike_R+1","Defend_R","Defend_R","Defend_R","Bash+1","Perfected Strike+1","Pommel Strike","Flex+1","Limit Break","Rage","Shrug It Off","Perfected Strike+1","Demon Form+1","Cleave+1","Evolve","Twin Strike","Immolate","Rage"],"relics":["Burning Blood","CultistMask","White Beast Statue","Anchor","Gremlin Horn","Odd Mushroom","Bag of Preparation","Tiny House"],"acts_visited":["Exordium","TheCity"],"potions_floor_usage":[],"damage_taken":[{"damage":11.0,"enemies":"Cultist","floor":1.0,"turns":4.0},{"damage":12.0,"enemies":"Jaw Worm","floor":5.0,"turns":2.0},{"damage":16.0,"enemies":"Gremlin Nob","floor":6.0,"turns":3.0},{"damage":25.0,"enemies":"3 Sentries","floor":8.0,"turns":7.0},{"damage":2.0,"enemies":"The Mushroom Lair","floor":10.0,"turns":3.0},{"damage":0.0,"enemies":"Small Slimes","floor":12.0,"turns":3.0},{"damage":0.0,"enemies":"Red Slaver","floor":14.0,"turns":2.0},{"damage":21.0,"enemies":"Hexaghost","floor":16.0,"turns":5.0},{"damage":7.0,"enemies":"2 Thieves","floor":18.0,"turns":4.0},{"damage":1.0,"enemies":"Spheric Guardian","floor":20.0,"turns":3.0},{"damage":18.0,"enemies":"Cultist and Chosen","floor":21.0,"turns":5.0},{"damage":0.0,"enemies":"Centurion and Healer","floor":22.0,"turns":2.0},{"damage":65,"enemies":"Gremlin Leader","floor":23,"turns":6}],"seed_played":"5976813293355026824","potions_obtained":[{"floor":1.0,"key":"GamblersBrew"},{"floor":5.0,"key":"DuplicationPotion"},{"floor":8.0,"key":"HeartOfIron"},{"floor":10.0,"key":"Regen Potion"},{"floor":12.0,"key":"Energy Potion"},{"floor":14.0,"key":"SneckoOil"},{"floor":16.0,"key":"Weak Potion"},{"floor":18.0,"key":"LiquidMemories"},{"floor":21.0,"key":"Explosive Potion"},{"floor":22.0,"key":"Dexterity Potion"}],"is_trial":false,"path_per_floor":["M","?","$","?","M","E","R","E","T","?","R","M","T","M","R","B",null,"M","$","M","M","M","E"],"character_chosen":"IRONCLAD","items_purchased":["Pommel Strike","Evolve","Twin Strike"],"campfire_rested":0,"item_purchase_floors":[3,19,19],"current_hp_per_floor":[63,48,48,48,42,32,32,13,13,17,17,32,32,38,38,23,67,66,66,71,59,65,0,0],"gold":150,"neow_bonus":"UPGRADE_CARD","is_daily":false,"chose_seed":false,"campfire_upgraded":3,"win_rate":0.0,"timestamp":1610055308,"path_taken":["M","?","$","?","?","E","R","E","T","?","R","M","?","M","R","BOSS","M","$","M","M","M","E"],"items_purchased_type":["Card","Card","Card"],"build_version":"2020-12-22","purchased_purges":2,"victory":false,"max_hp_per_floor":[75,75,75,75,75,75,75,75,75,75,75,75,75,75,75,75,80,80,80,80,80,80,80,80],"card_choices":[{"not_picked":["Disarm","True Grit"],"picked":"Perfected Strike","floor":1.0},{"not_picked":["Rupture","True Grit"],"picked":"Flex","floor":5.0},{"not_picked":["Clash","Dual Wield"],"picked":"Limit Break","floor":6.0},{"not_picked":["Thunderclap","Iron Wave"],"picked":"Reckless Charge","floor":8.0},{"not_picked":["Pommel Strike","Twin Strike"],"picked":"Rage","floor":10.0},{"not_picked":["Cleave","Anger"],"picked":"Shrug It Off","floor":12.0},{"not_picked":["Ghostly Armor","Body Slam"],"picked":"Perfected Strike","floor":14.0},{"not_picked":["Offering","Impervious"],"picked":"Demon Form","floor":16.0},{"not_picked":["Heavy Blade","Bloodletting+1"],"picked":"Cleave+1","floor":18.0},{"not_picked":["Anger","Headbutt","Carnage"],"picked":"SKIP","floor":20.0},{"not_picked":["True Grit","Spot Weakness"],"picked":"Immolate","floor":21.0},{"not_picked":["True Grit","Headbutt"],"picked":"Rage","floor":22.0}],"player_experience":548585,"relics_obtained":[{"floor":6.0,"key":"White Beast Statue"},{"floor":8.0,"key":"Anchor"},{"floor":9.0,"key":"Gremlin Horn"},{"floor":10.0,"key":"Odd Mushroom"},{"floor":13.0,"key":"Bag of Preparation"}],"event_choices":[{"damage_healed":0.0,"max_hp_gain":0.0,"max_hp_loss":0.0,"gold_gain":0.0,"event_name":"Shining Light","player_choice":"Entered Light","floor":2.0,"gold_loss":0.0,"damage_taken":15.0,"cards_upgraded":["Strike_R","Strike_R"]},{"damage_healed":0.0,"max_hp_gain":0.0,"max_hp_loss":0.0,"gold_gain":0.0,"event_name":"FaceTrader","player_choice":"Trade","floor":4.0,"gold_loss":0.0,"damage_taken":0.0,"relics_obtained":["CultistMask"]},{"damage_healed":0.0,"max_hp_gain":0.0,"max_hp_loss":0.0,"gold_gain":0.0,"event_name":"Mushrooms","player_choice":"Fought Mushrooms","floor":10.0,"gold_loss":0.0,"damage_taken":0.0}],"is_beta":false,"boss_relics":[{"not_picked":["Ectoplasm","SlaversCollar"],"picked":"Tiny House"}],"items_purged_floors":[3,19],"is_endless":false,"potions_floor_spawned":[1,5,8,10,12,14,16,18,20,21,22],"killed_by":"Gremlin Leader","ascension_level":14}}