{"host":"0nndazl0keusavit","time":1610055909,"event":{"mods":["AchievementEnabler","BaseMod","Colored Map","Curses Come First","Highlight Path","Minty Spire (QoL Compilation)","Relic Stats","StSLib"],"gold_per_floor":[110,130,148,148,42,42,85,85,85,110,29,62,137,137,137,226,226,250,250,250,300,15,15,30,30,54,85,100,125,169,169,169,268,268,283,297,60,76,409,409,427,461,461,461,461,461,461],"floor_reached":46,"playtime":2099,"items_purged":["Strike_G"],"score":1148,"play_id":"2b5491ea-36a7-4d1b-800f-79f6b47e0da3","local_time":"20210107164509","is_ascension_mode":true,"campfire_choices":[{"floor":6.0,"key":"REST"},{"floor":8.0,"key":"REST"},{"floor":15.0,"key":"REST"},{"floor":23.0,"key":"REST"},{"data":"Noxious Fumes","floor":25.0,"key":"SMITH"},{"floor":32.0,"key":"REST"},{"data":"Noxious Fumes","floor":40.0,"key":"SMITH"},{"floor":45,"key":"REST"}],"circlet_count":0,"master_deck":["AscendersBane","Strike_G","Strike_G","Strike_G","Strike_G","Defend_G","Defend_G","Defend_G","Defend_G","Defend_G","Survivor","Neutralize","Dagger Throw","Leg Sweep","Backflip","Noxious Fumes+1","Deadly Poison","Dash","Deadly Poison","Calculated Gamble","Bane","Die Die Die","Bouncing Flask","Footwork","Catalyst","PiercingWail","Blur+1","Crippling Poison","Footwork","Footwork","Malaise","CurseOfTheBell","Noxious Fumes+1","Dodge and Roll","Blur"],"relics":["Velvet Choker","Bottled Tornado","Regal Pillow","Gambling Chip","Runic Pyramid","Matryoshka","Blood Vial","Bag of Preparation","Pantograph","MealTicket","Calling Bell","PreservedInsect","InkBottle","Ginger","TwistedFunnel","Peace Pipe","Nunchaku","Calipers"],"acts_visited":["Exordium","TheCity","TheBeyond"],"potions_floor_usage":[44],"damage_taken":[{"damage":12.0,"enemies":"2 Louse","floor":1.0,"turns":4.0},{"damage":4.0,"enemies":"Jaw Worm","floor":2.0,"turns":4.0},{"damage":0.0,"enemies":"Small Slimes","floor":3.0,"turns":4.0},{"damage":10.0,"enemies":"Lagavulin","floor":7.0,"turns":9.0},{"damage":2.0,"enemies":"Red Slaver","floor":10.0,"turns":4.0},{"damage":21.0,"enemies":"3 Sentries","floor":12.0,"turns":7.0},{"damage":32.0,"enemies":"Slime Boss","floor":16.0,"turns":12.0},{"damage":29.0,"enemies":"3 Byrds","floor":18.0,"turns":5.0},{"damage":11.0,"enemies":"Spheric Guardian","floor":24.0,"turns":4.0},{"damage":31.0,"enemies":"Slavers","floor":27.0,"turns":6.0},{"damage":2.0,"enemies":"Snecko","floor":28.0,"turns":4.0},{"damage":2.0,"enemies":"Snake Plant","floor":29.0,"turns":4.0},{"damage":22.0,"enemies":"Book of Stabbing","floor":30.0,"turns":6.0},{"damage":38.0,"enemies":"Collector","floor":33.0,"turns":8.0},{"damage":6.0,"enemies":"3 Shapes","floor":35.0,"turns":5.0},{"damage":4.0,"enemies":"Orb Walker","floor":36.0,"turns":5.0},{"damage":13.0,"enemies":"4 Shapes","floor":38.0,"turns":5.0},{"damage":20.0,"enemies":"Spire Growth","floor":41.0,"turns":5.0},{"damage":35.0,"enemies":"Reptomancer","floor":42.0,"turns":5.0},{"damage":0,"enemies":"Nemesis","floor":44,"turns":2},{"damage":54,"enemies":"Reptomancer","floor":46,"turns":4}],"seed_played":"-784747572145838766","potions_obtained":[{"floor":2.0,"key":"Swift Potion"},{"floor":3.0,"key":"Weak Potion"},{"floor":16.0,"key":"Strength Potion"},{"floor":27.0,"key":"SmokeBomb"},{"floor":33.0,"key":"CunningPotion"},{"floor":36.0,"key":"Fire Potion"}],"is_trial":false,"path_per_floor":["M","M","M","?","$","R","E","R","T","M","$","E","?","?","R","B",null,"M","?","T","?","$","R","M","R","T","E","M","M","E","?","R","B",null,"M","M","$","M","?","R","M","E","T","E","R","E"],"character_chosen":"THE_SILENT","items_purchased":["Noxious Fumes","Deadly Poison","Calculated Gamble","Footwork","Catalyst","PiercingWail","Fruit Juice","TwistedFunnel"],"campfire_rested":6,"item_purchase_floors":[5,5,11,22,22,22,22,37],"current_hp_per_floor":[47,43,43,20,20,39,29,48,48,46,46,25,14,14,48,16,54,25,25,25,25,30,66,55,55,55,26,26,26,6,6,42,31,61,57,55,70,58,58,58,40,7,7,9,45,0,0],"gold":461,"neow_bonus":"BOSS_RELIC","is_daily":false,"chose_seed":false,"campfire_upgraded":2,"win_rate":0.0,"timestamp":1610055909,"path_taken":["M","M","M","?","$","R","E","R","T","M","$","E","?","?","R","BOSS","M","?","?","?","$","R","M","R","T","E","?","M","E","?","R","BOSS","M","M","$","M","?","R","M","E","T","E","R","E"],"items_purchased_type":["Card","Card","Card","Card","Card","Card","Potion","Relic"],"build_version":"2020-12-22","purchased_purges":1,"victory":false,"max_hp_per_floor":[66,66,66,66,66,66,66,66,66,66,66,66,66,66,66,66,66,66,66,66,66,71,71,71,71,71,71,71,71,71,71,71,71,71,71,71,71,71,71,71,71,71,71,71,71,71,71],"relic_stats":{"Regal Pillow":60,"counters":[21,112],"PreservedInsect":175,"Bag of Preparation":[24],"Ginger":[0],"Blood Vial":23,"Peace Pipe":0,"Nunchaku":[0],"Gambling Chip":[32],"Pantograph":25,"MealTicket":15,"obtain_stats":[{"TwistedFunnel":37,"Regal Pillow":9,"Calipers":43,"Golden Idol":4,"Velvet Choker":0,"PreservedInsect":34,"Bag of Preparation":26,"Ginger":34,"Bottled Tornado":7,"Blood Vial":26,"Calling Bell":34,"Peace Pipe":42,"Nunchaku":43,"Matryoshka":20,"Gambling Chip":12,"Pantograph":27,"MealTicket":30,"InkBottle":34,"Ring of the Snake":0,"Runic Pyramid":17},{"TwistedFunnel":16,"Regal Pillow":4,"Calipers":19,"Golden Idol":3,"Velvet Choker":0,"PreservedInsect":14,"Bag of Preparation":9,"Ginger":14,"Bottled Tornado":4,"Blood Vial":9,"Calling Bell":14,"Peace Pipe":19,"Nunchaku":19,"Matryoshka":8,"Gambling Chip":6,"Pantograph":10,"MealTicket":13,"InkBottle":14,"Ring of the Snake":0,"Runic Pyramid":7},{"TwistedFunnel":91,"Regal Pillow":21,"Calipers":106,"Golden Idol":12,"Velvet Choker":0,"PreservedInsect":81,"Bag of Preparation":53,"Ginger":81,"Bottled Tornado":21,"Blood Vial":53,"Calling Bell":81,"Peace Pipe":106,"Nunchaku":106,"Matryoshka":49,"Gambling Chip":32,"Pantograph":59,"MealTicket":73,"InkBottle":81,"Ring of the Snake":0,"Runic Pyramid":44}],"InkBottle":[10]},"card_choices":[{"not_picked":["Endless Agony","Escape Plan"],"picked":"Dagger Throw","floor":1.0},{"not_picked":["Crippling Poison","Backflip"],"picked":"Leg Sweep","floor":2.0},{"not_picked":["Acrobatics","Sucker Punch"],"picked":"Backflip","floor":3.0},{"not_picked":["Dagger Spray","Outmaneuver"],"picked":"Dash","floor":7.0},{"not_picked":["Outmaneuver","Storm of Steel"],"picked":"Deadly Poison","floor":10.0},{"not_picked":["Distraction","All Out Attack"],"picked":"Bane","floor":12.0},{"not_picked":["Unload","Adrenaline"],"picked":"Die Die Die","floor":16.0},{"not_picked":["Terror","Dagger Throw+1"],"picked":"Bouncing Flask","floor":18.0},{"not_picked":["Poisoned Stab","Blade Dance"],"picked":"Blur+1","floor":24.0},{"not_picked":["Doppelganger","Riddle With Holes"],"picked":"Crippling Poison","floor":27.0},{"not_picked":["Outmaneuver","Blade Dance"],"picked":"Footwork","floor":28.0},{"not_picked":["Riddle With Holes","Backflip"],"picked":"Footwork","floor":29.0},{"not_picked":["Flying Knee","Cloak And Dagger","Dagger Spray+1"],"picked":"SKIP","floor":30.0},{"not_picked":["Storm of Steel","Wraith Form v2"],"picked":"Malaise","floor":33.0},{"not_picked":["Dagger Throw","Outmaneuver+1"],"picked":"Noxious Fumes","floor":35.0},{"not_picked":["Flying Knee","Slice+1","Endless Agony+1"],"picked":"SKIP","floor":36.0},{"not_picked":["Flying Knee","Tools of the Trade"],"picked":"Dodge and Roll","floor":38.0},{"not_picked":["Slice+1","Bane","Dagger Spray+1"],"picked":"SKIP","floor":41.0},{"not_picked":["Outmaneuver","Flying Knee+1"],"picked":"Blur","floor":42.0}],"player_experience":889447,"relics_obtained":[{"floor":7.0,"key":"Bottled Tornado"},{"floor":9.0,"key":"Regal Pillow"},{"floor":12.0,"key":"Gambling Chip"},{"floor":20.0,"key":"Matryoshka"},{"floor":26.0,"key":"Blood Vial"},{"floor":26.0,"key":"Bag of Preparation"},{"floor":27.0,"key":"Pantograph"},{"floor":30.0,"key":"MealTicket"},{"floor":34.0,"key":"PreservedInsect"},{"floor":34.0,"key":"InkBottle"},{"floor":34.0,"key":"Ginger"},{"floor":42.0,"key":"Peace Pipe"},{"floor":43.0,"key":"Nunchaku"},{"floor":43.0,"key":"Calipers"}],"event_choices":[{"damage_healed":0.0,"max_hp_gain":0.0,"max_hp_loss":0.0,"gold_gain":0.0,"event_name":"Golden Idol","player_choice":"Take Damage","floor":4.0,"gold_loss":0.0,"damage_taken":23.0,"relics_obtained":["Golden Idol"]},{"damage_healed":0.0,"max_hp_gain":0.0,"max_hp_loss":0.0,"gold_gain":75.0,"event_name":"World of Goop","player_choice":"Gather Gold","floor":13.0,"gold_loss":0.0,"damage_taken":11.0},{"damage_healed":0.0,"max_hp_gain":0.0,"max_hp_loss":0.0,"gold_gain":0.0,"event_name":"Shining Light","player_choice":"Ignored","floor":14.0,"gold_loss":0.0,"damage_taken":0.0},{"damage_healed":0.0,"max_hp_gain":0.0,"max_hp_loss":0.0,"gold_gain":0.0,"event_name":"The Mausoleum","player_choice":"Ignored","floor":19.0,"gold_loss":0.0,"damage_taken":0.0},{"damage_healed":0.0,"max_hp_gain":0.0,"max_hp_loss":0.0,"gold_gain":100.0,"event_name":"The Joust","player_choice":"Bet on Murderer","floor":21.0,"gold_loss":50.0,"damage_taken":0.0},{"damage_healed":0.0,"max_hp_gain":0.0,"max_hp_loss":0.0,"gold_gain":0.0,"event_name":"FaceTrader","player_choice":"Leave","floor":31.0,"gold_loss":0.0,"damage_taken":0.0},{"damage_healed":0.0,"max_hp_gain":0.0,"max_hp_loss":0.0,"gold_gain":333.0,"event_name":"The Moai Head","player_choice":"Gave Idol","floor":39.0,"relics_lost":["Golden Idol"],"gold_loss":0.0,"damage_taken":0.0}],"is_beta":false,"boss_relics":[{"not_picked":["WristBlade","Philosopher\u0027s Stone"],"picked":"Runic Pyramid"},{"not_picked":["Tiny House","Black Star"],"picked":"Calling Bell"}],"items_purged_floors":[37],"is_endless":false,"potions_floor_spawned":[2,3,16,27,33,36,38],"killed_by":"Reptomancer","ascension_level":20}}