{"host":"1n288js6hgq5nx1s","time":1610003746,"event":{"mods":["AchievementEnabler","BaseMod","Block Reminder","Colored Map","Colored Powertips","Googly Eyes","Minty Spire (QoL Compilation)","Quick Restart","Rare Cards Sparkle","StSLib","The Cursed"],"gold_per_floor":[118,138,154,154,154,188,188,188,188,188,188,226,226,251,251,251,251],"floor_reached":16,"playtime":913,"items_purged":[],"score":113,"play_id":"51bdd0bc-1535-4ae2-a804-ecff59065670","local_time":"20210107111546","is_ascension_mode":true,"campfire_choices":[{"floor":7.0,"key":"REST"},{"data":"1","floor":10.0,"key":"LIFT"},{"data":"2","floor":13.0,"key":"LIFT"},{"floor":15.0,"key":"REST"}],"circlet_count":0,"master_deck":["Strike_B","Strike_B","Strike_B","Defend_B","Defend_B","Defend_B","Defend_B","Zap","Dualcast","Tempest","Compile Driver","Heatsinks","Recycle+1","Skim","Injury","Coolheaded","Go for the Eyes"],"relics":["Cracked Core","Turnip","Girya","Juzu Bracelet","Golden Idol","Happy Flower"],"acts_visited":["Exordium"],"potions_floor_usage":[16],"damage_taken":[{"damage":7.0,"enemies":"Small Slimes","floor":1.0,"turns":3.0},{"damage":1.0,"enemies":"Jaw Worm","floor":2.0,"turns":3.0},{"damage":0.0,"enemies":"Cultist","floor":3.0,"turns":3.0},{"damage":41.0,"enemies":"3 Sentries","floor":6.0,"turns":10.0},{"damage":26.0,"enemies":"Gremlin Nob","floor":12.0,"turns":4.0},{"damage":6.0,"enemies":"Exordium Wildlife","floor":14.0,"turns":5.0},{"damage":39,"enemies":"Hexaghost","floor":16,"turns":11}],"seed_played":"4780151222833927070","potions_obtained":[{"floor":2.0,"key":"SmokeBomb"},{"floor":12.0,"key":"SteroidPotion"}],"is_trial":false,"path_per_floor":["M","M","M","?","?","E","R","T","T","R","?","E","R","M","R","B"],"character_chosen":"DEFECT","items_purchased":[],"campfire_rested":2,"item_purchase_floors":[],"current_hp_per_floor":[68,67,67,67,67,26,48,48,48,48,48,22,22,16,38,0,0],"gold":251,"neow_bonus":"TRANSFORM_CARD","is_daily":false,"chose_seed":false,"campfire_upgraded":0,"win_rate":0.0,"timestamp":1610003746,"path_taken":["M","M","M","?","?","E","R","?","T","R","?","E","R","M","R","BOSS"],"items_purchased_type":[],"build_version":"2020-12-22","purchased_purges":0,"victory":false,"max_hp_per_floor":[75,75,75,75,75,75,75,75,75,75,75,75,75,75,75,75,75],"card_choices":[{"not_picked":["Rebound","Stack"],"picked":"Compile Driver","floor":1.0},{"not_picked":["Hologram","Self Repair"],"picked":"Heatsinks","floor":2.0},{"not_picked":["FTL","Conserve Battery"],"picked":"Recycle","floor":3.0},{"not_picked":["Rebound","Amplify"],"picked":"Skim","floor":6.0},{"not_picked":["Consume","Hologram"],"picked":"Coolheaded","floor":12.0},{"not_picked":["BootSequence","Turbo"],"picked":"Go for the Eyes","floor":14.0}],"player_experience":52857,"relics_obtained":[{"floor":6.0,"key":"Turnip"},{"floor":8.0,"key":"Girya"},{"floor":9.0,"key":"Juzu Bracelet"},{"floor":12.0,"key":"Happy Flower"}],"event_choices":[{"damage_healed":0.0,"max_hp_gain":0.0,"max_hp_loss":0.0,"gold_gain":0.0,"event_name":"The Cleric","player_choice":"Leave","floor":4.0,"gold_loss":0.0,"damage_taken":0.0},{"damage_healed":0.0,"max_hp_gain":0.0,"max_hp_loss":0.0,"gold_gain":0.0,"event_name":"Living Wall","player_choice":"Grow","floor":5.0,"gold_loss":0.0,"damage_taken":0.0,"cards_upgraded":["Recycle"]},{"damage_healed":0.0,"max_hp_gain":0.0,"max_hp_loss":0.0,"gold_gain":0.0,"event_name":"Golden Idol","player_choice":"Take Wound","floor":11.0,"gold_loss":0.0,"damage_taken":0.0,"relics_obtained":["Golden Idol"],"cards_obtained":["Injury"]}],"is_beta":false,"boss_relics":[],"items_purged_floors":[],"is_endless":false,"potions_floor_spawned":[2,12],"killed_by":"Hexaghost","ascension_level":1}}