{"host":"daa8jqyg4gqfaysm","time":1610020229,"event":{"mods":["BaseMod","Colored Powertips","Minty Spire (QoL Compilation)","StSLib"],"gold_per_floor":[118,128,203,215,226,226,259,259,286,353,103,103,103],"floor_reached":12,"playtime":384,"items_purged":["Writhe"],"score":156,"play_id":"2996a204-5c00-4027-a0ba-ad29b8f725e2","local_time":"20210107195029","is_ascension_mode":true,"campfire_choices":[{"data":"Crippling Poison","floor":6,"key":"SMITH"},{"data":"Backstab","floor":8,"key":"SMITH"}],"circlet_count":0,"master_deck":["AscendersBane","Strike_G","Strike_G","Strike_G","Strike_G","Strike_G","Defend_G","Defend_G","Defend_G","Defend_G","Defend_G","Survivor","Neutralize","Crippling Poison+1","Backstab+1","Backflip","Acrobatics","Wraith Form v2"],"relics":["Cursed Key","Bag of Preparation","Strawberry"],"acts_visited":["Exordium"],"potions_floor_usage":[7,12,12],"damage_taken":[{"damage":3,"enemies":"Cultist","floor":1,"turns":4},{"damage":2,"enemies":"Jaw Worm","floor":2,"turns":4},{"damage":1,"enemies":"Small Slimes","floor":4,"turns":3},{"damage":0,"enemies":"Gremlin Gang","floor":5,"turns":6},{"damage":16,"enemies":"Lagavulin","floor":7,"turns":9},{"damage":29,"enemies":"3 Sentries","floor":12,"turns":10}],"seed_played":"-91332751359010155","potions_obtained":[{"floor":1,"key":"SkillPotion"},{"floor":4,"key":"Poison Potion"},{"floor":7,"key":"LiquidMemories"}],"is_trial":false,"path_per_floor":["M","M","?","M","M","R","E","R","T","?","$","E"],"character_chosen":"THE_SILENT","items_purchased":["Wraith Form v2"],"campfire_rested":0,"item_purchase_floors":[11],"current_hp_per_floor":[56,54,43,42,42,42,26,26,33,33,33,4,4],"gold":103,"neow_bonus":"BOSS_RELIC","is_daily":false,"chose_seed":false,"campfire_upgraded":2,"win_rate":0.0,"timestamp":1610020229,"path_taken":["M","?","?","M","M","R","E","R","T","?","$","E"],"items_purchased_type":["Card"],"build_version":"2020-12-22","purchased_purges":1,"victory":false,"max_hp_per_floor":[66,66,66,66,66,66,66,66,73,73,73,73,73],"card_choices":[{"not_picked":["Deflect","Riddle With Holes"],"picked":"Crippling Poison","floor":1},{"not_picked":["Dodge and Roll","Endless Agony"],"picked":"Backstab","floor":2},{"not_picked":["Sucker Punch","Prepared","Masterful Stab"],"picked":"SKIP","floor":4},{"not_picked":["Outmaneuver","Sucker Punch"],"picked":"Backflip","floor":5},{"not_picked":["Setup","Deflect"],"picked":"Acrobatics","floor":7}],"player_experience":786043,"relics_obtained":[{"floor":7,"key":"Bag of Preparation"},{"floor":9,"key":"Strawberry"}],"event_choices":[{"damage_healed":0,"gold_gain":75,"player_choice":"Gather Gold","damage_taken":11,"max_hp_gain":0,"max_hp_loss":0,"event_name":"World of Goop","floor":3,"gold_loss":0},{"damage_healed":0,"gold_gain":67,"player_choice":"Gained Gold","damage_taken":0,"max_hp_gain":0,"max_hp_loss":0,"event_name":"Golden Wing","floor":10,"gold_loss":0}],"is_beta":false,"boss_relics":[],"items_purged_floors":[11],"is_endless":false,"potions_floor_spawned":[1,4,5,7],"killed_by":"3 Sentries","ascension_level":20}}