{"host":"wha9hktbkslqvblg","time":1610014470,"event":{"mods":["BaseMod","Colored Map","Minty Spire (QoL Compilation)","Relic Stats","SuperFastMode","everything is the same but u backflip on backflip"],"gold_per_floor":[116,116,136,211,211,250,250,289,315,351,351,351,79,103,103,103,103],"floor_reached":16,"playtime":281,"items_purged":["Strike_P"],"score":282,"play_id":"d96f7701-f9af-4632-a6e5-58501f794d71","local_time":"20210107191430","is_ascension_mode":true,"campfire_choices":[{"data":"Eruption","floor":7,"key":"SMITH"},{"data":"TalkToTheHand","floor":12,"key":"SMITH"},{"data":"Adaptation","floor":15,"key":"SMITH"}],"circlet_count":0,"master_deck":["AscendersBane","Strike_P","Strike_P","Strike_P+1","Defend_P","Defend_P","Defend_P","Eruption+1","Vigilance","FearNoEvil","TalkToTheHand+1","Adaptation+1","LessonLearned"],"relics":["PureWater","NeowsBlessing","Golden Idol","Dream Catcher","Du-Vu Doll","Vajra","Akabeko"],"acts_visited":["Exordium"],"potions_floor_usage":[10],"damage_taken":[{"damage":0,"enemies":"Jaw Worm","floor":1,"turns":1},{"damage":0,"enemies":"2 Louse","floor":3,"turns":1},{"damage":0,"enemies":"3 Sentries","floor":6,"turns":2},{"damage":25,"enemies":"Lagavulin","floor":8,"turns":5},{"damage":6,"enemies":"Gremlin Nob","floor":10,"turns":3},{"damage":0,"enemies":"Cultist","floor":14,"turns":2},{"damage":15,"enemies":"The Guardian","floor":16,"turns":7}],"seed_played":"3111716802904151119","potions_obtained":[{"floor":1,"key":"Explosive Potion"},{"floor":3,"key":"Fire Potion"}],"is_trial":false,"path_per_floor":["M","?","M","?","?","E","R","E","T","E","?","R","$","M","R","B"],"character_chosen":"WATCHER","items_purchased":["Adaptation","LessonLearned"],"campfire_rested":0,"item_purchase_floors":[13,13],"current_hp_per_floor":[61,66,66,55,55,55,55,30,30,24,24,24,24,24,24,9,9],"gold":103,"neow_bonus":"THREE_ENEMY_KILL","is_daily":false,"chose_seed":false,"campfire_upgraded":3,"win_rate":0.0,"timestamp":1610014470,"path_taken":["M","?","M","?","?","E","R","E","T","E","?","R","$","M","R","BOSS"],"items_purchased_type":["Card","Card"],"build_version":"2020-12-22","purchased_purges":1,"victory":false,"max_hp_per_floor":[68,73,73,73,66,66,66,66,66,66,66,66,66,66,66,66,66],"relic_stats":{"Dream Catcher":0,"counters":[7,21],"Golden Idol":28,"obtain_stats":[{"Du-Vu Doll":8,"Dream Catcher":6,"NeowsBlessing":0,"Golden Idol":5,"Vajra":9,"PureWater":0,"Akabeko":10},{"Du-Vu Doll":4,"Dream Catcher":3,"NeowsBlessing":0,"Golden Idol":2,"Vajra":4,"PureWater":0,"Akabeko":5},{"Du-Vu Doll":9,"Dream Catcher":4,"NeowsBlessing":0,"Golden Idol":2,"Vajra":9,"PureWater":0,"Akabeko":12}]},"card_choices":[{"not_picked":["LikeWater","PathToVictory","Fasting2"],"picked":"SKIP","floor":1},{"not_picked":["CutThroughFate","Evaluate","FollowUp"],"picked":"SKIP","floor":3},{"not_picked":["Consecrate","Nirvana"],"picked":"FearNoEvil","floor":6},{"not_picked":["Wireheading","FollowUp","SignatureMove"],"picked":"SKIP","floor":8},{"not_picked":["Protect","Meditate"],"picked":"TalkToTheHand","floor":10},{"not_picked":["Halt","FlyingSleeves","PathToVictory"],"picked":"SKIP","floor":14}],"player_experience":941533,"relics_obtained":[{"floor":6,"key":"Dream Catcher"},{"floor":8,"key":"Du-Vu Doll"},{"floor":9,"key":"Vajra"},{"floor":10,"key":"Akabeko"}],"event_choices":[{"damage_healed":0,"gold_gain":0,"player_choice":"Donut","damage_taken":0,"max_hp_gain":5,"max_hp_loss":0,"event_name":"Big Fish","floor":2,"gold_loss":0},{"damage_healed":0,"gold_gain":75,"player_choice":"Gather Gold","damage_taken":11,"max_hp_gain":0,"max_hp_loss":0,"event_name":"World of Goop","floor":4,"gold_loss":0},{"damage_healed":0,"gold_gain":0,"player_choice":"Lose Max HP","damage_taken":0,"relics_obtained":["Golden Idol"],"max_hp_gain":0,"max_hp_loss":7,"event_name":"Golden Idol","floor":5,"gold_loss":0},{"cards_removed":["Defend_P"],"damage_healed":0,"gold_gain":0,"player_choice":"Offered Basic","damage_taken":0,"max_hp_gain":0,"max_hp_loss":0,"event_name":"Bonfire Elementals","floor":11,"gold_loss":0}],"is_beta":false,"boss_relics":[],"items_purged_floors":[13],"is_endless":false,"potions_floor_spawned":[1,3,8],"killed_by":"The Guardian","ascension_level":20}}