{"host":"bzg9y3flbaqjj1j7","time":1610056820,"event":{"mods":["100% Spire Juice","AchievementEnabler","Act Like it!","Aspiration","Astrologer","BaseMod","Better Third Choice","CCEM","Challenge The Spire","Displayed Cursed Tome","Elementarium","Gensokyo","Hallownest","Hermit","Hubris","Infinite Spire","Lobotomy","LobotomyExtend","Marisa????????","Marked Mod","Minty Spire (QoL Compilation)","Permanent Neow","Quick Restart","Rare Cards Sparkle","Reimu??????","Remilia??????","Replay The Spire","RumiaBox-????????","Shop Mod","Spicy Shops","StSLib","The Animator","The Blue Laboratory","The Bug Knight","Waifu the Spire","vexMod"],"gold_per_floor":[114,25,40,40,35,35,50,525,550,550,470,70,85,100,100,170,170,145,145,145,145,160,160,150,150],"floor_reached":24,"playtime":2412,"items_purged":["Pain"],"score":248,"play_id":"4d9f80b9-2076-4990-8c95-1409587c05d4","local_time":"20210107183019","daily_mods":["SealedDeck","Green Cards","Lethality"],"is_ascension_mode":false,"campfire_choices":[{"data":"LearningPray:ReiMu","floor":6.0,"key":"SMITH"},{"data":"RainPray2:ReiMu","floor":10.0,"key":"SMITH"},{"floor":15.0,"key":"REST"},{"data":"SpreadBorder2:ReiMu","floor":23,"key":"SMITH"}],"circlet_count":0,"master_deck":["CareerPray:ReiMu","LearningPray:ReiMu+1","Meditation:ReiMu","SpreadBorder2:ReiMu+1","SpreadBorder2:ReiMu","Meditation:ReiMu","OrbThrow:ReiMu","Conquer:ReiMu","Meditation:ReiMu","Meditation:ReiMu","BarrageOfMoneybags:ReiMu","UniversalSpiritual:ReiMu+1","WonderfulDomain:ReiMu","RainPray2:ReiMu+1","DependentForm:ReiMu+1","RainPray2:ReiMu","ReplayTheSpireMod:Private Reserves","AirManeuver:ReiMu+1","RainPray2:ReiMu","Authority:ReiMu+1","CleanRite:ReiMu+1","RainPray2:ReiMu","infinitespire:UltimateForm"],"relics":["FlyPower:ReiMu","LetterFromLob","Baka","Gensokyo:LunaticRedEyes","Omamori","CCEMRelics:SpiritsEdge","Turnip","infinitespire:BottledMercury","hubris:FunFungus","vexMod:ImprovementManual","CCEMRelics:Francisca","Hallownest:WatcherSealRelic","Strange Spoon","Black Star","Red Mask"],"acts_visited":["Exordium","Gensokyo:Gensokyo"],"potions_floor_usage":[],"damage_taken":[{"damage":0.0,"enemies":"Gensokyo:Gryphon","floor":1.0,"turns":2.0},{"damage":3.0,"enemies":"Gensokyo:3_Fairies","floor":3.0,"turns":3.0},{"damage":7.0,"enemies":"Gensokyo:Python","floor":5.0,"turns":4.0},{"damage":6.0,"enemies":"Gensokyo:LivingMonolith","floor":7.0,"turns":4.0},{"damage":4.0,"enemies":"Gensokyo:Gryphon_and_Rabbit","floor":8.0,"turns":3.0},{"damage":40.0,"enemies":"Gensokyo:Mamizou","floor":11.0,"turns":7.0},{"damage":0.0,"enemies":"Gensokyo:3_Kodama","floor":13.0,"turns":1.0},{"damage":0.0,"enemies":"Gensokyo:Kitsune","floor":14.0,"turns":2.0},{"damage":19,"enemies":"Gensokyo:Yukari","floor":16,"turns":14},{"damage":2,"enemies":"Hallownest:3_Youths","floor":18,"turns":6},{"damage":22,"enemies":"Hallownest:2_Mistakes","floor":22,"turns":5},{"damage":61,"enemies":"Nightmare","floor":24,"turns":6}],"seed_played":"8350349167999303424","potions_obtained":[{"floor":3.0,"key":"blueLaboratory:BottleOfRum"},{"floor":11.0,"key":"Elixir"},{"floor":14.0,"key":"blueLaboratory:EmptyBottle"}],"is_trial":false,"path_per_floor":["M","COS","M","?","M","R","M","M","T","R","E","$","M","M","R","B",null,"M","?","AVR","?","M","R","NM"],"character_chosen":"REIMU","items_purchased":["Fruit Juice","RainPray2:ReiMu","ReplayTheSpireMod:Private Reserves","AirManeuver:ReiMu"],"campfire_rested":1,"item_purchase_floors":[12,12,12,12],"current_hp_per_floor":[65,65,62,62,55,55,49,45,45,45,5,10,10,10,31,12,70,70,70,70,70,50,50,0,0],"gold":150,"neow_bonus":"","is_daily":true,"chose_seed":false,"campfire_upgraded":3,"win_rate":0.0,"timestamp":1610056819,"path_taken":["M","COS","M","?","M","R","M","M","T","R","E","$","M","M","R","BOSS","M","?","AVR","?","M","R","NM"],"items_purchased_type":["Potion","Card","Card","Card"],"build_version":"2020-12-22","purchased_purges":1,"victory":false,"max_hp_per_floor":[65,65,65,65,65,65,65,65,65,65,65,70,70,70,70,70,70,70,70,70,70,70,70,70,70],"card_choices":[{"not_picked":["SpreadBorder2:ReiMu","AirStrike:ReiMu"],"picked":"BarrageOfMoneybags:ReiMu","floor":1.0},{"not_picked":["CareerPray:ReiMu","SpreadBorder2:ReiMu"],"picked":"UniversalSpiritual:ReiMu","floor":3.0},{"not_picked":["AlertArray:ReiMu","EmergencyTakeOff:ReiMu"],"picked":"WonderfulDomain:ReiMu","floor":5.0},{"not_picked":["SpreadBorder2:ReiMu","LearningPray:ReiMu"],"picked":"RainPray2:ReiMu","floor":7.0},{"not_picked":["CareerPray:ReiMu","Conquer:ReiMu","SpreadBorder2:ReiMu"],"picked":"SKIP","floor":8.0},{"not_picked":["AlertArray:ReiMu","Conquer:ReiMu"],"picked":"DependentForm:ReiMu","floor":11.0},{"not_picked":["TightArray:ReiMu","AirStrike:ReiMu"],"picked":"RainPray2:ReiMu","floor":13.0},{"not_picked":["Meditation:ReiMu","SafetyPray:ReiMu"],"picked":"Authority:ReiMu","floor":14.0},{"not_picked":["PrayRite:ReiMu","KyokaiOfKami:ReiMu"],"picked":"CleanRite:ReiMu","floor":16},{"not_picked":["AlertArray:ReiMu","Conquer:ReiMu"],"picked":"RainPray2:ReiMu","floor":18},{"not_picked":["InherentArray:ReiMu+1","Intuition:ReiMu+1","YinYangSign:ReiMu"],"picked":"SKIP","floor":22}],"player_experience":165052,"relics_obtained":[{"floor":1.0,"key":"LetterFromLob"},{"floor":1.0,"key":"Baka"},{"floor":9.0,"key":"CCEMRelics:SpiritsEdge"},{"floor":11.0,"key":"Turnip"},{"floor":11.0,"key":"infinitespire:BottledMercury"},{"floor":16,"key":"hubris:FunFungus"},{"floor":18,"key":"CCEMRelics:Francisca"}],"event_choices":[],"is_beta":false,"boss_relics":[{"not_picked":["aspiration:RunicSpoon","Empty Cage"],"picked":"vexMod:ImprovementManual"}],"items_purged_floors":[12],"is_endless":false,"potions_floor_spawned":[3,11,14],"killed_by":"Nightmare","ascension_level":0}}