{"host":"dlyy4wv9zatha4f7","time":1610034270,"event":{"mods":["BaseMod","Better Third Choice","Colored Map","GifTheSpireLib","Minty Spire (QoL Compilation)","Spicy Shops","StSLib","SuperFastMode","Unceasing Turn Reminder","vexMod"],"gold_per_floor":[114,64,24,44,55,87,87,113,139,153,172,207,207,61,61,61,61],"floor_reached":16,"playtime":666,"items_purged":[],"score":196,"play_id":"6973ed3c-d468-4827-859a-d7e4dadcb332","local_time":"20210107174430","is_ascension_mode":true,"campfire_choices":[{"data":"Bash","floor":7,"key":"SMITH"},{"data":"Bludgeon","floor":15,"key":"SMITH"}],"circlet_count":0,"master_deck":["Strike_R","Strike_R","Strike_R","Strike_R","Strike_R","Defend_R","Defend_R","Defend_R+1","Bash+1","Power Through+1","Thunderclap","Pommel Strike","True Grit","Intimidate","Shockwave","Bludgeon+1"],"relics":["Burning Blood","War Paint","Nunchaku","Oddly Smooth Stone","Singing Bowl","Vajra","Pen Nib"],"acts_visited":["Exordium"],"potions_floor_usage":[6,8,8,12,12],"damage_taken":[{"damage":2,"enemies":"2 Louse","floor":1,"turns":3},{"damage":0,"enemies":"Cultist","floor":4,"turns":4},{"damage":2,"enemies":"Jaw Worm","floor":5,"turns":5},{"damage":40,"enemies":"3 Sentries","floor":6,"turns":8},{"damage":0,"enemies":"Gremlin Nob","floor":8,"turns":1},{"damage":33,"enemies":"Gremlin Gang","floor":10,"turns":6},{"damage":5,"enemies":"Blue Slaver","floor":11,"turns":4},{"damage":3,"enemies":"Lagavulin","floor":12,"turns":6},{"damage":29,"enemies":"Hexaghost","floor":16,"turns":7}],"seed_played":"6533757005326261646","potions_obtained":[{"floor":0,"key":"SteroidPotion"},{"floor":0,"key":"LiquidBronze"},{"floor":0,"key":"ElixirPotion"},{"floor":3,"key":"DuplicationPotion"},{"floor":6,"key":"AttackPotion"},{"floor":10,"key":"Strength Potion"}],"is_trial":false,"path_per_floor":["M","?","?","M","M","E","R","E","T","M","M","E","?","$","R","B"],"character_chosen":"IRONCLAD","items_purchased":["Pen Nib"],"campfire_rested":0,"item_purchase_floors":[14],"current_hp_per_floor":[76,76,76,80,80,46,46,52,52,25,26,29,29,29,29,0,0],"gold":61,"neow_bonus":"THREE_SMALL_POTIONS","is_daily":false,"chose_seed":false,"campfire_upgraded":2,"win_rate":0.0,"timestamp":1610034270,"path_taken":["M","?","?","M","M","E","R","E","T","M","?","E","?","$","R","BOSS"],"items_purchased_type":["Relic"],"build_version":"2020-12-22","purchased_purges":0,"victory":false,"max_hp_per_floor":[80,80,80,80,80,80,80,80,80,80,80,80,80,80,80,80,80],"card_choices":[{"not_picked":["Second Wind","Body Slam"],"picked":"Power Through","floor":1},{"not_picked":["Flex","Havoc"],"picked":"Thunderclap","floor":4},{"not_picked":["Feel No Pain","Dual Wield"],"picked":"Pommel Strike","floor":5},{"not_picked":["Cleave","Armaments"],"picked":"Spot Weakness","floor":6},{"not_picked":["Cleave","Exhume"],"picked":"True Grit","floor":8},{"not_picked":["Sword Boomerang","Thunderclap"],"picked":"Intimidate","floor":10},{"not_picked":["Clash","True Grit"],"picked":"Shockwave","floor":11},{"not_picked":["Disarm","True Grit"],"picked":"Bludgeon","floor":12}],"player_experience":2232473,"relics_obtained":[{"floor":6,"key":"War Paint"},{"floor":8,"key":"Nunchaku"},{"floor":9,"key":"Oddly Smooth Stone"},{"floor":12,"key":"Singing Bowl"}],"event_choices":[{"cards_removed":["Defend_R"],"damage_healed":0,"gold_gain":0,"player_choice":"Card Removal","damage_taken":0,"max_hp_gain":0,"max_hp_loss":0,"event_name":"The Cleric","floor":2,"gold_loss":50},{"damage_healed":0,"gold_gain":0,"player_choice":"Bought 3 Potions","damage_taken":0,"max_hp_gain":0,"max_hp_loss":0,"event_name":"The Woman in Blue","floor":3,"gold_loss":0},{"cards_removed":["Spot Weakness"],"damage_healed":0,"gold_gain":0,"player_choice":"Gave Card","damage_taken":0,"relics_obtained":["Vajra"],"max_hp_gain":0,"max_hp_loss":0,"event_name":"WeMeetAgain","floor":13,"gold_loss":0}],"is_beta":false,"boss_relics":[],"items_purged_floors":[],"is_endless":false,"potions_floor_spawned":[5,6,10],"killed_by":"Hexaghost","ascension_level":7}}