{"host":"vhikgave70uorr7d","time":1610031236,"event":{"mods":["100% Spire Juice","AchievementEnabler","Act Like it!","Ascension Reborn","Ascension Unlocker","Bard","BaseMod","Beaked The Cultist","Better Altar","Better Match","Better Note","Better Sensory Stone","Better Skull","Better Third Choice","BetterRewards","ChefMod","Colored Powertips","Custom Start","Defuse TimeMaze Blight","Downfall","Elementarium","Energized Spire","Evolution","GifTheSpireLib","Hallownest","Hermit","Hero for Fun","Highlight Path","Hubris","Infinite Spire","JesterMod","Luminous","Marisa????????","Melee Mod","Menagerie","Mimic Mod","Minty Spire (QoL Compilation)","MostiFishMod","Permanent Neow","Quick Restart","Rare Cards Sparkle","Relic Filter","Remove Card Discount Mod","Replay The Spire","Retaliation","Robot Space Explorer","Shade Mod","Small Relic Pack","Somnambulant","Spicy Shops","StSLib","Swap Starting Deck Mod","Td1madao Mod","The Accelerator","The Alterego","The Animator","The Bladedancer","The Blue Laboratory","The Bug Knight","The Construct","The Cursed","The Disciple","The Gatherer","The Hayseed","The Hierophant","The Judge","The Mystic","The Necromancer","The Poker Player","The Runesmith","The Servant 0.9.4","The Vixen","The Wild Card","TheBandit","TheSwordswoman","TheVacant","Transform Curses"],"gold_per_floor":[110,127,127,127,72,72,91,91,130,150,161,179,179,179,179,274,274,284,298,298,317,329,329,360,360,394,394,425,442,442,19,19,117,117,132,132,149,185,201,201,226,501,538,538,548,548,560,587,587,587,587,587,35,64,64],"floor_reached":56,"playtime":6826,"items_purged":["Shade:Defend_Shade","Shade:Defend_Shade","Shade:Defend_Shade","Shade:Strike_Shade","Shade:Strike_Shade","Writhe","Shade:Strike_Shade+1","Shade:Strike_Shade+1","Shade:TouchOfTheGrave","Shade:Consume","Pride","Shade:TouchOfTheGrave","Shade:ExtraLimbs+1","Regret"],"score":1610,"play_id":"80de934a-91a6-4fee-9764-e988a7d46186","local_time":"20210107095356","is_ascension_mode":true,"campfire_choices":[{"data":"Shade:CommandSoldier","floor":6,"key":"SMITH"},{"data":"Shade:Carnophage","floor":8,"key":"SMITH"},{"data":"Shade:CommandSoldier","floor":15,"key":"SMITH"},{"data":"Shade:Carnophage","floor":23,"key":"SMITH"},{"data":"Shade:CommandSoldier","floor":27,"key":"SMITH"},{"data":"Shade:CommandSoldier","floor":32,"key":"SMITH"},{"data":"Shade:PressTheAttack","floor":32,"key":"SMITH"},{"data":"Shade:Carnophage","floor":40,"key":"SMITH"},{"data":"Shade:Putrefaction","floor":40,"key":"SMITH"},{"floor":44,"key":"RECALL"},{"floor":46,"key":"REST"},{"floor":49,"key":"REST"},{"floor":52,"key":"REST"}],"circlet_count":0,"master_deck":["Shade:AnimateDead+1","Shade:CarefulCut+1","Shade:FleshToFlesh+1","Shade:CommandSoldier+1","Shade:Carnophage+1","Shade:Coordination+1","Shade:ClawBack+1","Shade:CommandSoldier+1","Shade:OpenGraves+1","Shade:Putrefaction+1","Shade:Brains+1","Shade:LoseControl+1","AbeCurse","Shade:Carnophage+1","Shade:Excise+1","Shade:FleshToFlesh+1","Shade:AuraOfUnlife+1","Shade:Awaken+1","Insight+1","Shade:CommandSoldier+1","Shade:ClawBack+1","Shade:FreshBones+1","Shade:CommandSoldier+1","Shade:ScuttlingHand+1","Shade:ScuttlingHand+1","Shade:AuraOfUnlife+1","Shade:Carnophage+1","Shade:PotionOfRestlessness+1","Shade:PressTheAttack+1","Shade:Awaken+1","Shade:LichForm+1","Shade:FreshBones+1","Shade:PressTheAttack+1","Shade:Putrefaction+1","Shade:SoulToxin+1","Shade:Trample+1","Shade:Frenzy+1","Shade:LoseControl+1","Shade:AuraOfUnlife","Shade:Carnophage","Shade:OpenGraves+1","Shade:Carnophage","Shade:AuraOfUnlife+1","Shade:OpenGraves","Shade:AuraOfUnlife","Shade:LyeBath","Shade:LyeBath","Shade:FleshToFlesh"],"relics":["Shade:YorickSkull","EVO:Axolotl","DaveBox","Juzu Bracelet","Tiny Chest","DSteel32","hubris:Towel","SynthV:TestCard","relicPack:OneForAll","The Courier","infinitespire:Satchel","Pet Ghost","BargainBundle","Blood Vial","ChiXiaoBlade","Sundial","Abe\u0027s Treasure","Gremlin Horn","hubris:CrystalStatue","hubris:MysteriousPyramids","Replay:Wax Seal","Dodecahedron","Replay:Arrowhead","Painkiller Herb","Oddly Smooth Stone","OneHitWonderSystem","PreservedInsect","hubris:TenFootPole","Mango","hubris:Potato","Du-Vu Doll","Civilization","Pocketwatch","Bag of Marbles","infinitespire:Golems Mask","relicPack:DarknessArmor","Unceasing Top","Orichalcum"],"acts_visited":["Exordium","TheCity","TheBeyond","TheEnding"],"potions_floor_usage":[18],"damage_taken":[{"damage":1,"enemies":"Small Slimes","floor":1,"turns":4},{"damage":0,"enemies":"Cultist","floor":2,"turns":3},{"damage":0,"enemies":"Jaw Worm","floor":7,"turns":2},{"damage":0,"enemies":"2 Fungi Beasts","floor":9,"turns":5},{"damage":0,"enemies":"2 Fungi Beasts","floor":10,"turns":2},{"damage":0,"enemies":"3 Louse","floor":12,"turns":2},{"damage":12,"enemies":"The Guardian","floor":16,"turns":6},{"damage":0,"enemies":"Shell Parasite","floor":18,"turns":3},{"damage":0,"enemies":"Shelled Parasite and Fungi","floor":19,"turns":4},{"damage":0,"enemies":"3 Cultists","floor":21,"turns":3},{"damage":0,"enemies":"Chosen and Byrds","floor":22,"turns":4},{"damage":0,"enemies":"Book of Stabbing","floor":24,"turns":4},{"damage":0,"enemies":"Centurion and Healer","floor":26,"turns":4},{"damage":0,"enemies":"Gremlin Leader","floor":28,"turns":3},{"damage":4,"enemies":"Centurion and Healer","floor":29,"turns":3},{"damage":2,"enemies":"Automaton","floor":33,"turns":4},{"damage":8,"enemies":"3 Darklings","floor":35,"turns":3},{"damage":0,"enemies":"Orb Walker","floor":37,"turns":3},{"damage":0,"enemies":"Maw","floor":38,"turns":3},{"damage":0,"enemies":"Maw","floor":39,"turns":3},{"damage":0,"enemies":"Nightmare","floor":41,"turns":4},{"damage":0,"enemies":"Spire Growth","floor":43,"turns":3},{"damage":0,"enemies":"Spire Growth","floor":45,"turns":3},{"damage":0,"enemies":"Transient","floor":47,"turns":5},{"damage":0,"enemies":"beaked:SuperParasite","floor":48,"turns":3},{"damage":0,"enemies":"hubris:GrandSnecko","floor":50,"turns":4},{"damage":0,"enemies":"Shield and Spear","floor":54,"turns":2},{"damage":0,"enemies":"The Heart","floor":55,"turns":4}],"seed_played":"4559516483805033880","potions_obtained":[{"floor":10,"key":"Block Potion"},{"floor":35,"key":"Swift Potion"}],"is_trial":false,"path_per_floor":["M","M","?","?","$","R","M","R","MIM","M","$","M","?","T","R","B",null,"M","M","?","M","M","R","E","?","MIM","R","E","M","?","$","R","B",null,"?","AVR","?","MIM","?","T","NM","?","MIM","T","?","T","?","E","T","B",null,"T","T","E","B",null],"character_chosen":"SHADE","items_purchased":["Shade:CommandSoldier","BargainBundle","Shade:OpenGraves","Shade:Putrefaction","blueLaboratory:FruitPunch","Shade:Brains","Shade:FeralStrike","Blood Vial","Shade:CommandSoldier","Shade:ScuttlingHand","Shade:ScuttlingHand","Dodecahedron","Shade:StitchTogether","Shade:AuraOfUnlife","Shade:Carnophage","Shade:PotionOfRestlessness","Shade:TouchOfTheGrave","Shade:Consume","Shade:PressTheAttack","Shade:Awaken","infinitespire:Golems Mask","relicPack:DarknessArmor","Shade:AuraOfUnlife","Shade:Carnophage","Shade:OpenGraves","Shade:StitchTogether","Shade:Carnophage","Shade:StitchTogether","Shade:TouchOfTheGrave","Shade:StitchTogether","Shade:AuraOfUnlife","Shade:OpenGraves","Shade:AuraOfUnlife","Shade:LyeBath","Shade:LyeBath"],"campfire_rested":3,"item_purchase_floors":[5,11,11,11,11,11,11,11,31,31,31,31,31,31,31,31,31,31,31,31,53,53,53,53,53,53,53,53,53,53,53,53,53,53,53],"current_hp_per_floor":[70,70,70,70,70,70,70,70,70,70,70,71,71,71,71,59,71,73,73,73,73,73,73,73,73,73,73,73,69,69,69,69,73,73,73,1,1,15,1,1,1,1,1,1,2,1,3,4,1,6,1,1,1,8,9],"gold":64,"neow_bonus":"TEN_PERCENT_HP_BONUS","is_daily":false,"chose_seed":false,"campfire_upgraded":9,"win_rate":0.0,"timestamp":1610031236,"path_taken":["M","M","?","?","$","R","M","R","MIM","M","$","M","?","?","R","BOSS","M","M","?","M","M","R","E","?","MIM","R","E","M","?","$","R","BOSS","?","AVR","?","?","?","T","NM","?","MIM","T","?","T","?","E","T","BOSS","T","T","E","BOSS"],"items_purchased_type":["Card","Relic","Card","Card","Potion","Card","Card","Relic","Card","Card","Card","Relic","Card","Card","Card","Card","Card","Card","Card","Card","Relic","Relic","Card","Card","Card","Card","Card","Card","Card","Card","Card","Card","Card","Card","Card"],"build_version":"2020-12-22","purchased_purges":14,"victory":true,"max_hp_per_floor":[71,71,71,71,71,71,71,71,71,71,71,71,71,71,71,71,71,73,73,73,73,73,73,73,73,73,73,73,73,73,73,73,73,73,73,1,1,15,1,1,1,1,1,1,2,1,3,4,1,6,1,1,1,8,9],"card_choices":[{"not_picked":["Shade:FreshBones","Shade:ClawBack"],"picked":"Shade:ExtraLimbs","floor":1},{"not_picked":["Shade:FleshLikeOak","Shade:AncientSpear","Shade:Patience","Shade:LastGasp"],"picked":"Shade:FleshToFlesh","floor":2},{"not_picked":["Shade:PoundOfFlesh","Shade:FleshLikeOak","Shade:Frenzy","Shade:CoffinDance"],"picked":"Shade:Carnophage","floor":7},{"not_picked":["Shade:Premonition","Shade:ClawBack","Shade:CoffinDance","Shade:AncientSpear"],"picked":"Shade:Coordination","floor":9},{"not_picked":["Shade:WallOfFlesh","Shade:Bonestorm","Shade:Premonition","Shade:CoffinDance"],"picked":"Shade:CommandSoldier","floor":10},{"not_picked":["Shade:Haruspicy","Shade:FleshLikeOak","Shade:StitchTogether","Shade:GreyBargain"],"picked":"Shade:FleshOffering","floor":12},{"not_picked":["Shade:Consume","Shade:SelfBurial","Shade:Coordination","Shade:GreaterAnimation"],"picked":"Shade:LoseControl","floor":16},{"not_picked":["Shade:FingerOfDeath","Shade:Bonestorm","Shade:FleshToFlesh","Shade:ScuttlingHand+1"],"picked":"Shade:Carnophage","floor":18},{"not_picked":["Shade:Bonestorm","Shade:RavenousHorde+1","Shade:ExtraLimbs+1","Shade:AncientSpear"],"picked":"Shade:Excise","floor":19},{"not_picked":["Shade:SkeletonHug","Shade:ExtraLimbs+1","Shade:ScuttlingHand","Shade:Premonition"],"picked":"Shade:FleshToFlesh+1","floor":21},{"not_picked":["Shade:RitualOffering","Shade:BoneShards","Shade:GreyBargain","Shade:CoffinDance"],"picked":"Shade:AuraOfUnlife","floor":22},{"not_picked":["Shade:SpontaneousRitual+1","Shade:Frenzy","Shade:FuneraryJewels","Shade:FuneraryArmor"],"picked":"Shade:Awaken+1","floor":24},{"not_picked":["Shade:AncientSpear","Shade:FuneraryArmor","Shade:Brains","Shade:Coordination"],"picked":"Shade:CommandSoldier","floor":26},{"not_picked":["Shade:Asphyxiate","Shade:Frenzy","Shade:PoundOfFlesh","Shade:FuneraryArmor"],"picked":"Shade:ClawBack+1","floor":28},{"not_picked":["Shade:OminousRitual","Shade:FeralStrike","Shade:RitualOffering","Shade:AncientSpear"],"picked":"Shade:FreshBones+1","floor":29},{"not_picked":["Shade:LastGasp","Shade:OfferingToTheBeyond","Shade:SoulPierce","Shade:OneIsEnough"],"picked":"Shade:LichForm","floor":33},{"not_picked":["Shade:Brains","Shade:FeralStrike+1","Shade:PoundOfFlesh","Shade:Asphyxiate"],"picked":"Shade:FreshBones+1","floor":35},{"not_picked":["Shade:CallOfTheGrave","Shade:StitchTogether+1","Shade:Premonition+1","Shade:Patience+1","Shade:FuneraryArmor+1"],"picked":"SKIP","floor":37},{"not_picked":["Shade:ExtraLimbs+1","Shade:FleshLikeOak+1","Shade:FuneraryArmor+1","Shade:Doomsay+1"],"picked":"Shade:PressTheAttack+1","floor":38},{"not_picked":["Shade:FuneraryArmor+1","Shade:Bonestorm+1","Shade:FleshLikeOak+1","Shade:Trample"],"picked":"Shade:Putrefaction","floor":39},{"not_picked":["Shade:SkeletonHug","Shade:ExtraLimbs+1","Shade:RitualOffering+1","Shade:ScuttlingHand"],"picked":"Shade:SoulToxin+1","floor":41},{"not_picked":["Shade:CoffinDance","Shade:FuneraryArmor+1","Shade:FuneraryJewels","Shade:Haruspicy"],"picked":"Shade:Trample+1","floor":43},{"not_picked":["Shade:StitchTogether","Shade:FuneraryArmor","Shade:Asphyxiate","Shade:ExtraLimbs"],"picked":"Shade:Frenzy+1","floor":45},{"not_picked":["Shade:Bonestorm+1","Shade:GraveStillness+1","Shade:Trample+1","Shade:FleshToFlesh"],"picked":"Shade:LoseControl","floor":47},{"not_picked":["Shade:Patience+1","Shade:GreyBargain","Shade:PoundOfFlesh+1","Shade:FingerOfDeath+1","Shade:ExtraLimbs+1"],"picked":"SKIP","floor":48},{"not_picked":["Shade:PoundOfFlesh","Shade:BoneShards+1","Shade:Asphyxiate","Shade:SkeletonArmy+1"],"picked":"Shade:FleshToFlesh","floor":54}],"player_experience":394740,"relics_obtained":[{"floor":1,"key":"SynthV:TestCard"},{"floor":9,"key":"infinitespire:Satchel"},{"floor":9,"key":"Pet Ghost"},{"floor":14,"key":"Sundial"},{"floor":24,"key":"Gremlin Horn"},{"floor":26,"key":"hubris:CrystalStatue"},{"floor":26,"key":"hubris:MysteriousPyramids"},{"floor":28,"key":"Replay:Wax Seal"},{"floor":38,"key":"Mango"},{"floor":38,"key":"hubris:Potato"},{"floor":41,"key":"Du-Vu Doll"},{"floor":43,"key":"Civilization"},{"floor":43,"key":"Pocketwatch"},{"floor":48,"key":"Bag of Marbles"},{"floor":54,"key":"Orichalcum"}],"event_choices":[{"cards_removed":["Shade:Defend_Shade"],"damage_healed":0,"gold_gain":0,"player_choice":"Offered Basic","damage_taken":0,"max_hp_gain":0,"max_hp_loss":0,"event_name":"Bonfire Elementals","floor":3,"gold_loss":0},{"damage_healed":0,"gold_gain":0,"player_choice":"Grow","damage_taken":0,"max_hp_gain":0,"max_hp_loss":0,"event_name":"Living Wall","floor":13,"gold_loss":0,"cards_upgraded":["Shade:Putrefaction"]},{"cards_removed":["Shade:Excise"],"damage_healed":0,"gold_gain":0,"player_choice":"Give","damage_taken":0,"max_hp_gain":0,"max_hp_loss":0,"event_name":"betterNote:BetterNote","floor":20,"gold_loss":0,"cards_obtained":["Moonworks:x16BigRocket"]},{"damage_healed":0,"gold_gain":0,"player_choice":"Insight","damage_taken":0,"max_hp_gain":0,"max_hp_loss":0,"event_name":"betterThird:BetterWriting","floor":25,"gold_loss":0,"cards_obtained":["Insight"]},{"damage_healed":0,"gold_gain":0,"player_choice":"Ignored","damage_taken":0,"max_hp_gain":0,"max_hp_loss":0,"event_name":"Purifier","floor":30,"gold_loss":0},{"damage_healed":0,"gold_gain":275,"player_choice":"Desecrate","damage_taken":0,"max_hp_gain":0,"max_hp_loss":0,"event_name":"Golden Shrine","floor":42,"gold_loss":0,"cards_obtained":["Regret"]}],"is_beta":false,"boss_relics":[{"not_picked":["RhineSuit","beaked:SacredDeck"],"picked":"Abe\u0027s Treasure"},{"not_picked":["Calling Bell","energizedSpire:StickyHand"],"picked":"Painkiller Herb"}],"items_purged_floors":[5,5,5,5,5,11,11,11,31,31,53,53,53,53],"is_endless":false,"potions_floor_spawned":[2,10,16,18,19,28,35,39,45],"ascension_level":0}}