{"host":"xkmvu47k9fdstweo","time":1610025567,"event":{"mods":["BaseMod","Colored Map","Conspire","Hubris","Minty Spire (QoL Compilation)","Quick Restart","Railgun Mod","Shop Mod","StSLib","The Alterego","The Servant 0.9.4","The Wild Card","TheBandit","WarShipGirlsR/??è≠èóR mod","vexMod"],"gold_per_floor":[118,193,193,206,58,58,10,43,43,43,74,74,101,125,137,253,265,290,19,33,33,10,44,44,64,64,83,43,54,54,54,54,149,149,160,160,41,61,61,87,87,87,114,130,147,47,47,80,80,80,80],"floor_reached":50,"playtime":1240,"items_purged":["Strike_R","hubris:Despair"],"score":917,"play_id":"47b52d9a-bd6d-42d7-ae35-d3168bff5035","local_time":"20210107081927","is_ascension_mode":true,"campfire_choices":[{"data":"Bash","floor":6.0,"key":"SMITH"},{"data":"Bludgeon","floor":12.0,"key":"SMITH"},{"data":"Rampage","floor":15.0,"key":"SMITH"},{"data":"Offering","floor":24.0,"key":"SMITH"},{"floor":30.0,"key":"REST"},{"data":"True Grit","floor":32.0,"key":"SMITH"},{"data":"vexMod:StairwayStrike","floor":41,"key":"SMITH"},{"data":"Rupture","floor":49,"key":"SMITH"}],"circlet_count":0,"master_deck":["AscendersBane","Strike_R","Strike_R","Strike_R","Defend_R","Defend_R","Defend_R","Defend_R","Bash+1","Thunderclap","Twin Strike","Bludgeon+1","Rampage+1","Power Through","Offering","Offering+1","True Grit+1","True Grit+1","Cleave+1","Shrug It Off","Shrug It Off","Shrug It Off","Clothesline+1","Offering","Metallicize+1","vexMod:StairwayStrike+1","Battle Trance","Armaments","Burning Pact","Demon Form","Doubt","Rupture+1"],"relics":["Burning Blood","NeowsBlessing","hubris:Towel","Pen Nib","Art of War","Oddly Smooth Stone","Bag of Marbles","MawBank","Sozu","HandDrill","hubris:Icosahedron","Incense Burner","Prayer Wheel","Cursed Key","Orichalcum","Red Skull","Anchor"],"acts_visited":["Exordium","TheCity","TheBeyond"],"potions_floor_usage":[],"damage_taken":[{"damage":0.0,"enemies":"Small Slimes","floor":1.0,"turns":1.0},{"damage":0.0,"enemies":"Jaw Worm","floor":4.0,"turns":1.0},{"damage":0.0,"enemies":"Gremlin Nob","floor":8.0,"turns":1.0},{"damage":28.0,"enemies":"Lagavulin","floor":11.0,"turns":5.0},{"damage":0.0,"enemies":"Gremlin Nob","floor":13.0,"turns":2.0},{"damage":3.0,"enemies":"conspire:RoseBush","floor":14.0,"turns":1.0},{"damage":32.0,"enemies":"Hexaghost","floor":16.0,"turns":9.0},{"damage":8.0,"enemies":"conspire:FuzzyDice","floor":18.0,"turns":4.0},{"damage":6.0,"enemies":"Spheric Guardian","floor":20.0,"turns":3.0},{"damage":12.0,"enemies":"Cultist and Chosen","floor":22.0,"turns":3.0},{"damage":29.0,"enemies":"Slavers","floor":23.0,"turns":5.0},{"damage":12.0,"enemies":"Shelled Parasite and Fungi","floor":25.0,"turns":4.0},{"damage":8.0,"enemies":"Snake Plant","floor":27.0,"turns":2.0},{"damage":30.0,"enemies":"Snecko","floor":29.0,"turns":5.0},{"damage":31.0,"enemies":"Collector","floor":33.0,"turns":9.0},{"damage":19,"enemies":"Orb Walker","floor":35,"turns":3},{"damage":3,"enemies":"3 Darklings","floor":38,"turns":1},{"damage":35,"enemies":"Giant Head","floor":40,"turns":8},{"damage":15,"enemies":"Maw","floor":44,"turns":5},{"damage":0,"enemies":"Spire Growth","floor":45,"turns":3},{"damage":28,"enemies":"Nemesis","floor":48,"turns":5},{"damage":61,"enemies":"conspire:OrnateMirror","floor":50,"turns":7}],"seed_played":"-423483129085233689","potions_obtained":[{"floor":8.0,"key":"Ancient Potion"},{"floor":13.0,"key":"Regen Potion"}],"is_trial":false,"path_per_floor":["M","?","?","M","$","R","$","E","T","?","E","R","E","M","R","B",null,"M","$","M","?","M","E","R","M","T","M","?","M","R","$","R","B",null,"M","?","$","M","?","E","R","?","T","M","M","$","?","E","R","B"],"character_chosen":"IRONCLAD","items_purchased":["Pen Nib","Twin Strike","HandDrill","True Grit","Battle Trance","Armaments"],"campfire_rested":1,"item_purchase_floors":[5,7,19,19,37,37],"current_hp_per_floor":[78,67,67,73,73,73,73,79,79,72,50,50,56,59,59,33,68,66,66,66,66,60,37,37,31,31,29,29,17,41,41,41,16,64,51,51,51,54,54,25,25,33,33,24,30,30,80,58,58,0,0],"gold":80,"neow_bonus":"THREE_ENEMY_KILL","is_daily":false,"chose_seed":false,"campfire_upgraded":7,"win_rate":0.0,"timestamp":1610025567,"path_taken":["M","?","?","M","$","R","$","E","T","?","E","R","E","M","R","BOSS","M","$","M","?","M","E","R","M","T","M","?","?","R","$","R","BOSS","M","?","$","M","?","E","R","?","T","?","M","$","?","E","R","BOSS"],"items_purchased_type":["Relic","Card","Relic","Card","Card","Card"],"build_version":"2020-12-22","purchased_purges":2,"victory":false,"max_hp_per_floor":[80,80,80,80,80,80,80,80,80,80,80,80,80,80,80,80,80,80,80,80,80,80,80,80,80,80,80,80,80,80,80,80,80,80,80,80,80,80,80,80,80,80,80,80,80,80,80,80,80,80,80],"card_choices":[{"not_picked":["Warcry","Heavy Blade"],"picked":"Thunderclap","floor":1.0},{"not_picked":["Clash","Power Through","Reckless Charge"],"picked":"SKIP","floor":4.0},{"not_picked":["Seeing Red","hubris:CleavingFinish"],"picked":"Bludgeon","floor":8.0},{"not_picked":["Feel No Pain","Wild Strike"],"picked":"Rampage","floor":11.0},{"not_picked":["Clothesline","Dark Embrace"],"picked":"Power Through","floor":13.0},{"not_picked":["Cleave","Thunderclap"],"picked":"Offering","floor":14.0},{"not_picked":["Fiend Fire","Limit Break"],"picked":"Offering","floor":16.0},{"not_picked":["Warcry","Thunderclap"],"picked":"True Grit","floor":18.0},{"not_picked":["Anger","Pummel","Heavy Blade"],"picked":"SKIP","floor":20.0},{"not_picked":["Pummel","Heavy Blade"],"picked":"Anger","floor":20.0},{"not_picked":["Evolve+1","Anger"],"picked":"Cleave+1","floor":22.0},{"not_picked":["Headbutt+1","Intimidate"],"picked":"Shrug It Off","floor":23.0},{"not_picked":["Warcry+1","Twin Strike","Sword Boomerang"],"picked":"SKIP","floor":25.0},{"not_picked":["Body Slam","Intimidate"],"picked":"Shrug It Off","floor":27.0},{"not_picked":["Blood for Blood","Clash+1"],"picked":"Shrug It Off","floor":27.0},{"not_picked":["Heavy Blade","Twin Strike"],"picked":"Clothesline+1","floor":29.0},{"not_picked":["Perfected Strike","Sword Boomerang","Searing Blow"],"picked":"SKIP","floor":29.0},{"not_picked":["Fiend Fire","Limit Break"],"picked":"Offering","floor":33.0},{"not_picked":["Armaments","Heavy Blade"],"picked":"Metallicize+1","floor":35},{"not_picked":["Cleave+1","Havoc","hubris:CleavingFinish+1"],"picked":"SKIP","floor":35},{"not_picked":["PanicButton","Forethought"],"picked":"vexMod:StairwayStrike","floor":36},{"not_picked":["Headbutt+1","Armaments+1"],"picked":"Burning Pact","floor":38},{"not_picked":["Thunderclap+1","Sword Boomerang+1","Heavy Blade"],"picked":"SKIP","floor":38},{"not_picked":["True Grit","Sentinel","Thunderclap"],"picked":"SKIP","floor":40},{"not_picked":["Heavy Blade+1","hubris:ReadiedAction+1"],"picked":"Demon Form","floor":44},{"not_picked":["Thunderclap+1","Wild Strike","Rupture"],"picked":"SKIP","floor":44},{"not_picked":["Wild Strike","Rupture","Inflame"],"picked":"SKIP","floor":45},{"not_picked":["Body Slam","Anger+1","Combust"],"picked":"SKIP","floor":45},{"not_picked":["Twin Strike","Thunderclap","Rupture"],"picked":"SKIP","floor":48},{"not_picked":["Twin Strike","Thunderclap"],"picked":"Rupture","floor":48}],"player_experience":356689,"relics_obtained":[{"floor":8.0,"key":"Art of War"},{"floor":9.0,"key":"Oddly Smooth Stone"},{"floor":11.0,"key":"Bag of Marbles"},{"floor":13.0,"key":"MawBank"},{"floor":23.0,"key":"Incense Burner"},{"floor":26.0,"key":"Prayer Wheel"},{"floor":40,"key":"Orichalcum"},{"floor":43,"key":"Red Skull"},{"floor":48,"key":"Anchor"}],"event_choices":[{"damage_healed":0.0,"max_hp_gain":0.0,"max_hp_loss":0.0,"gold_gain":75.0,"event_name":"World of Goop","player_choice":"Gather Gold","floor":2.0,"gold_loss":0.0,"damage_taken":11.0},{"cards_removed":["Strike_R"],"damage_healed":0.0,"max_hp_gain":0.0,"max_hp_loss":0.0,"gold_gain":0.0,"event_name":"Golden Wing","player_choice":"Card Removal","floor":10.0,"gold_loss":0.0,"damage_taken":7.0},{"damage_healed":0.0,"max_hp_gain":0.0,"max_hp_loss":0.0,"gold_gain":0.0,"event_name":"Designer","player_choice":"Upgrade","floor":28.0,"gold_loss":40.0,"damage_taken":0.0,"cards_upgraded":["True Grit"]},{"damage_healed":0,"gold_gain":0,"player_choice":"Memory 1","damage_taken":0,"max_hp_gain":0,"max_hp_loss":0,"event_name":"SensoryStone","floor":36,"gold_loss":0},{"cards_removed":["Anger"],"damage_healed":0,"gold_gain":0,"player_choice":"Removed Attack","damage_taken":0,"max_hp_gain":0,"max_hp_loss":0,"event_name":"Falling","floor":39,"gold_loss":0},{"damage_healed":50,"gold_gain":0,"player_choice":"Heal","damage_taken":0,"max_hp_gain":0,"max_hp_loss":0,"event_name":"MindBloom","floor":47,"gold_loss":0,"cards_obtained":["Doubt"]}],"is_beta":false,"boss_relics":[{"not_picked":["vexMod:DeviousBotling","hubris:BlackHole"],"picked":"Sozu"},{"not_picked":["conspire:RoyalGoblet","Astrolabe"],"picked":"Cursed Key"}],"items_purged_floors":[19,46],"is_endless":false,"potions_floor_spawned":[8,13,20,23,33,44,45],"killed_by":"conspire:OrnateMirror","ascension_level":10}}