{"host":"sc0o2qwpf9j16a4i","time":1610019060,"event":{"mods":["AchievementEnabler","BaseMod","BetterRewards","Block Reminder","Colored Map","Colored Powertips","Custom Start","Highlight Path","Minty Spire (QoL Compilation)","Relic Stats"],"gold_per_floor":[113,124,142,142,142,142,167,167,167,167,167,180,280,298,298,374,374,389,302,312,30,43,43,62,62,62,62,62,62,77,103,103,179,179,196,213,262,312,20,46,46,76,76,102,114,130,149,174,174,174,174,174,174,5,33,33,33],"floor_reached":56,"playtime":1981,"items_purged":["Strike_G","Expertise","Expertise"],"score":2645,"play_id":"427d9616-48c8-4f3e-8d22-f761f21c62bb","local_time":"20210107133100","is_ascension_mode":true,"campfire_choices":[{"floor":6.0,"key":"REST"},{"floor":8.0,"key":"REST"},{"floor":10.0,"key":"REST"},{"data":"Neutralize","floor":15.0,"key":"SMITH"},{"data":"Wraith Form v2","floor":23.0,"key":"SMITH"},{"data":"Ghostly","floor":27.0,"key":"SMITH"},{"data":"Catalyst","floor":32.0,"key":"SMITH"},{"floor":41.0,"key":"REST"},{"floor":49.0,"key":"RECALL"},{"data":"Catalyst","floor":53.0,"key":"SMITH"}],"circlet_count":0,"master_deck":["AscendersBane","Survivor","Neutralize+1","Footwork","Poisoned Stab","Skewer","Wraith Form v2+1","Backstab","Flying Knee","Night Terror","Deadly Poison","Poisoned Stab+1","Noxious Fumes","Cloak And Dagger+1","PiercingWail","Ghostly","Ghostly","Ghostly+1","Catalyst+1","Tools of the Trade","Concentrate","Dagger Throw","Envenom","Catalyst+1","Acrobatics","Deadly Poison","Caltrops","Well Laid Plans","Corpse Explosion","PiercingWail","Deadly Poison+1","Footwork","Catalyst","Acrobatics","Calculated Gamble"],"relics":["Ring of the Snake","Snake Skull","Peace Pipe","Sling","HornCleat","TwistedFunnel","Mercury Hourglass","Gremlin Horn","Velvet Choker","Matryoshka","Lee\u0027s Waffle","Meat on the Bone","Ornamental Fan","Tiny Chest","Pandora\u0027s Box","WingedGreaves","Membership Card","PreservedInsect","Shovel","Ginger","Dream Catcher","Paper Crane","Ninja Scroll","Frozen Eye","Anchor"],"acts_visited":["Exordium","TheCity","TheBeyond","TheEnding"],"potions_floor_usage":[],"damage_taken":[{"damage":0.0,"enemies":"Small Slimes","floor":1.0,"turns":3.0},{"damage":0.0,"enemies":"Cultist","floor":2.0,"turns":3.0},{"damage":0.0,"enemies":"Jaw Worm","floor":3.0,"turns":4.0},{"damage":15.0,"enemies":"3 Sentries","floor":7.0,"turns":6.0},{"damage":5.0,"enemies":"3 Louse","floor":12.0,"turns":2.0},{"damage":0.0,"enemies":"Blue Slaver","floor":14.0,"turns":3.0},{"damage":19.0,"enemies":"Hexaghost","floor":16.0,"turns":11.0},{"damage":5.0,"enemies":"Chosen","floor":18.0,"turns":5.0},{"damage":0.0,"enemies":"Spheric Guardian","floor":20.0,"turns":4.0},{"damage":2.0,"enemies":"Cultist and Chosen","floor":22.0,"turns":5.0},{"damage":2.0,"enemies":"3 Cultists","floor":24.0,"turns":5.0},{"damage":0.0,"enemies":"Snake Plant","floor":30.0,"turns":4.0},{"damage":0.0,"enemies":"Gremlin Leader","floor":31.0,"turns":5.0},{"damage":8.0,"enemies":"Collector","floor":33.0,"turns":7.0},{"damage":1.0,"enemies":"Orb Walker","floor":35.0,"turns":3.0},{"damage":0.0,"enemies":"3 Shapes","floor":36.0,"turns":3.0},{"damage":8.0,"enemies":"2 Orb Walkers","floor":37.0,"turns":6.0},{"damage":6.0,"enemies":"Reptomancer","floor":40.0,"turns":6.0},{"damage":0.0,"enemies":"Nemesis","floor":42.0,"turns":5.0},{"damage":2.0,"enemies":"Giant Head","floor":44.0,"turns":6.0},{"damage":2.0,"enemies":"Transient","floor":45.0,"turns":6.0},{"damage":10.0,"enemies":"4 Shapes","floor":46.0,"turns":2.0},{"damage":7.0,"enemies":"3 Darklings","floor":47.0,"turns":3.0},{"damage":6.0,"enemies":"Nemesis","floor":48.0,"turns":5.0},{"damage":14.0,"enemies":"Donu and Deca","floor":50.0,"turns":7.0},{"damage":23.0,"enemies":"Awakened One","floor":51.0,"turns":13.0},{"damage":5,"enemies":"Shield and Spear","floor":55,"turns":8},{"damage":67,"enemies":"The Heart","floor":56,"turns":5}],"seed_played":"1136726455937627437","potions_obtained":[{"floor":3.0,"key":"Explosive Potion"},{"floor":14.0,"key":"Energy Potion"},{"floor":33.0,"key":"SteroidPotion"},{"floor":35.0,"key":"SpeedPotion"},{"floor":37.0,"key":"LiquidMemories"},{"floor":44.0,"key":"Poison Potion"},{"floor":48.0,"key":"Block Potion"}],"is_trial":false,"path_per_floor":["M","M","M","?","?","R","E","R","T","R","?","M","?","M","R","B",null,"M","?","M","$","M","R","M","?","T","R","?","$","M","E","R","B",null,"M","M","?","?","$","E","R","E","T","E","M","M","M","E","R","B","B",null,"R","$","E","B"],"character_chosen":"THE_SILENT","items_purchased":["Snake Skull","Peace Pipe","Sling","HornCleat","TwistedFunnel","SteroidPotion","Noxious Fumes","Lee\u0027s Waffle","Membership Card","PreservedInsect","Frozen Eye","Acrobatics"],"campfire_rested":4,"item_purchase_floors":[0,0,0,0,0,0,21,21,39,39,54,54],"current_hp_per_floor":[22,22,22,15,15,34,19,38,38,57,37,32,32,32,32,13,53,48,48,48,73,71,71,69,36,36,36,36,36,36,36,36,28,34,33,33,25,25,25,19,29,29,29,27,25,27,20,26,26,24,13,30,30,30,25,0,0],"gold":33,"neow_bonus":"","is_daily":false,"chose_seed":false,"campfire_upgraded":5,"win_rate":0.0,"timestamp":1610019060,"path_taken":["M","M","M","?","?","R","E","R","T","R","?","M","?","M","R","BOSS","M","?","M","$","M","R","?","?","T","R","?","$","M","E","R","BOSS","M","M","?","?","$","E","R","E","T","E","M","?","M","E","R","BOSS","BOSS","R","$","E","BOSS"],"items_purchased_type":["Relic","Relic","Relic","Relic","Relic","Potion","Card","Relic","Relic","Relic","Relic","Card"],"build_version":"2020-12-22","purchased_purges":3,"victory":false,"max_hp_per_floor":[66,66,66,66,66,66,66,66,66,66,66,66,66,66,66,66,66,66,66,66,73,73,73,73,36,36,36,36,36,36,36,36,36,36,36,36,36,36,36,36,36,36,36,36,36,36,36,36,36,36,36,36,36,36,36,36,36],"relic_stats":{"Lee\u0027s Waffle":81,"Gremlin Horn":[24,24],"counters":[89,433],"Snake Skull":[316],"PreservedInsect":380,"Ginger":[4],"Mercury Hourglass":[526],"Peace Pipe":0,"Dream Catcher":0,"Shovel":0,"Ornamental Fan":[64],"Tiny Chest":0,"Pandora\u0027s Box":["Concentrate","Expertise","Dagger Throw","Envenom","Catalyst","Expertise","Acrobatics","Deadly Poison"],"obtain_stats":[{"TwistedFunnel":0,"Gremlin Horn":9,"CeramicFish":27,"Ginger":42,"Boot":2,"Sling":0,"Blood Vial":26,"Lizard Tail":3,"Centennial Puzzle":9,"HornCleat":0,"DollysMirror":22,"Philosopher\u0027s Stone":34,"Necronomicon":31,"Toxic Egg 2":9,"Girya":6,"Happy Flower":9,"Oddly Smooth Stone":24,"Velvet Choker":17,"Pen Nib":4,"Paper Crane":44,"Akabeko":13,"Du-Vu Doll":36,"OrangePellets":0,"Snecko Eye":17,"Pandora\u0027s Box":34,"StrikeDummy":7,"Pocketwatch":40,"Meat on the Bone":26,"Snake Skull":0,"Juzu Bracelet":44,"Ancient Tea Set":14,"Cursed Key":34,"Frozen Eye":54,"Dream Catcher":26,"Matryoshka":25,"Shovel":26,"Ninja Scroll":48,"Pantograph":10,"Tiny Chest":31,"WingedGreaves":37,"Ring of the Snake":0,"Runic Pyramid":17,"Lee\u0027s Waffle":0,"PreservedInsect":39,"Frozen Egg 2":30,"Orichalcum":0,"Medical Kit":30,"Mercury Hourglass":7,"Peace Pipe":0,"Anchor":22,"Ornamental Fan":26,"Ectoplasm":17,"Art of War":10,"Bag of Marbles":7,"Membership Card":39},{"TwistedFunnel":19,"Gremlin Horn":65,"CeramicFish":54,"Ginger":80,"Boot":20,"Sling":61,"Blood Vial":14,"Lizard Tail":20,"Centennial Puzzle":47,"HornCleat":61,"DollysMirror":13,"Philosopher\u0027s Stone":58,"Necronomicon":32,"Toxic Egg 2":6,"Girya":22,"Happy Flower":22,"Oddly Smooth Stone":29,"Velvet Choker":68,"Pen Nib":44,"Paper Crane":81,"Akabeko":49,"Du-Vu Doll":35,"OrangePellets":41,"Snecko Eye":51,"Pandora\u0027s Box":75,"StrikeDummy":5,"Pocketwatch":38,"Meat on the Bone":54,"Snake Skull":41,"Juzu Bracelet":40,"Ancient Tea Set":25,"Cursed Key":33,"Frozen Eye":87,"Dream Catcher":29,"Matryoshka":54,"Shovel":54,"Ninja Scroll":85,"Pantograph":7,"Tiny Chest":74,"WingedGreaves":78,"Ring of the Snake":0,"Runic Pyramid":26,"Lee\u0027s Waffle":41,"PreservedInsect":78,"Frozen Egg 2":17,"Orichalcum":41,"Medical Kit":32,"Mercury Hourglass":65,"Peace Pipe":61,"Anchor":13,"Ornamental Fan":72,"Ectoplasm":10,"Art of War":23,"Bag of Marbles":46,"Membership Card":78},{"TwistedFunnel":113,"Gremlin Horn":304,"CeramicFish":263,"Ginger":378,"Boot":116,"Sling":288,"Blood Vial":72,"Lizard Tail":116,"Centennial Puzzle":241,"HornCleat":288,"DollysMirror":65,"Philosopher\u0027s Stone":280,"Necronomicon":168,"Toxic Egg 2":33,"Girya":125,"Happy Flower":125,"Oddly Smooth Stone":156,"Velvet Choker":320,"Pen Nib":228,"Paper Crane":384,"Akabeko":251,"Du-Vu Doll":183,"OrangePellets":218,"Snecko Eye":255,"Pandora\u0027s Box":355,"StrikeDummy":30,"Pocketwatch":200,"Meat on the Bone":263,"Snake Skull":218,"Juzu Bracelet":212,"Ancient Tea Set":136,"Cursed Key":177,"Frozen Eye":420,"Dream Catcher":156,"Matryoshka":263,"Shovel":263,"Ninja Scroll":400,"Pantograph":36,"Tiny Chest":348,"WingedGreaves":367,"Ring of the Snake":0,"Runic Pyramid":143,"Lee\u0027s Waffle":218,"PreservedInsect":367,"Frozen Egg 2":93,"Orichalcum":218,"Medical Kit":168,"Mercury Hourglass":304,"Peace Pipe":288,"Anchor":65,"Ornamental Fan":339,"Ectoplasm":55,"Art of War":129,"Bag of Marbles":237,"Membership Card":367}],"Ring of the Snake":[178],"Meat on the Bone":72},"card_choices":[{"not_picked":["Underhanded Strike","Endless Agony"],"picked":"Footwork","floor":1.0},{"not_picked":["Prepared","Slice"],"picked":"Poisoned Stab","floor":2.0},{"not_picked":["Slice","Masterful Stab"],"picked":"Skewer","floor":3.0},{"not_picked":["Poisoned Stab","Terror"],"picked":"Wraith Form v2","floor":7.0},{"not_picked":["Slice","Bane"],"picked":"Backstab","floor":12.0},{"not_picked":["Prepared","Infinite Blades"],"picked":"Flying Knee","floor":14.0},{"not_picked":["Grand Finale","Bullet Time"],"picked":"Night Terror","floor":16.0},{"not_picked":["Underhanded Strike","Dodge and Roll"],"picked":"Deadly Poison","floor":18.0},{"not_picked":["Dash","Quick Slash"],"picked":"Poisoned Stab+1","floor":20.0},{"not_picked":["Skewer","Outmaneuver"],"picked":"Cloak And Dagger+1","floor":22.0},{"not_picked":["Quick Slash","Poisoned Stab"],"picked":"PiercingWail","floor":24.0},{"not_picked":["Unload","Cloak And Dagger+1","Slice"],"picked":"SKIP","floor":30.0},{"not_picked":["Unload","Accuracy"],"picked":"Catalyst","floor":31.0},{"not_picked":["Glass Knife","Unload"],"picked":"Tools of the Trade","floor":33.0},{"not_picked":["Choke+1","Deadly Poison"],"picked":"Caltrops","floor":35.0},{"not_picked":["Poisoned Stab","Underhanded Strike","Caltrops"],"picked":"SKIP","floor":36.0},{"not_picked":["Quick Slash","Dagger Throw+1"],"picked":"Well Laid Plans","floor":37.0},{"not_picked":["Dodge and Roll","Finisher"],"picked":"Corpse Explosion","floor":40.0},{"not_picked":["Slice","Dodge and Roll"],"picked":"PiercingWail","floor":42.0},{"not_picked":["Outmaneuver","Poisoned Stab+1","Flechettes"],"picked":"SKIP","floor":44.0},{"not_picked":["Heel Hook","Outmaneuver"],"picked":"Deadly Poison+1","floor":45.0},{"not_picked":["Underhanded Strike+1","Cloak And Dagger"],"picked":"Footwork","floor":46.0},{"not_picked":["Dagger Spray","Slice","Deadly Poison"],"picked":"SKIP","floor":47.0},{"not_picked":["Tools of the Trade","Deflect"],"picked":"Catalyst","floor":48.0},{"not_picked":["Dodge and Roll","Dagger Spray+1"],"picked":"Calculated Gamble","floor":55}],"player_experience":563970,"relics_obtained":[{"floor":7.0,"key":"Mercury Hourglass"},{"floor":9.0,"key":"Gremlin Horn"},{"floor":26.0,"key":"Meat on the Bone"},{"floor":26.0,"key":"Ornamental Fan"},{"floor":31.0,"key":"Tiny Chest"},{"floor":37.0,"key":"WingedGreaves"},{"floor":40.0,"key":"Shovel"},{"floor":42.0,"key":"Ginger"},{"floor":43.0,"key":"Dream Catcher"},{"floor":44.0,"key":"Paper Crane"},{"floor":48.0,"key":"Ninja Scroll"},{"floor":55,"key":"Anchor"}],"event_choices":[{"cards_removed":["Strike_G"],"damage_healed":0.0,"max_hp_gain":0.0,"max_hp_loss":0.0,"gold_gain":0.0,"event_name":"Golden Wing","player_choice":"Card Removal","floor":4.0,"gold_loss":0.0,"damage_taken":7.0},{"damage_healed":0.0,"max_hp_gain":0.0,"max_hp_loss":0.0,"gold_gain":0.0,"event_name":"Liars Game","player_choice":"Ignored","floor":5.0,"gold_loss":0.0,"damage_taken":0.0},{"damage_healed":0.0,"max_hp_gain":0.0,"max_hp_loss":0.0,"gold_gain":0.0,"event_name":"Shining Light","player_choice":"Entered Light","floor":11.0,"gold_loss":0.0,"damage_taken":20.0,"cards_upgraded":["Defend_G","Strike_G"]},{"damage_healed":0.0,"max_hp_gain":0.0,"max_hp_loss":0.0,"gold_gain":100.0,"event_name":"Wheel of Change","player_choice":"Gold","floor":13.0,"gold_loss":0.0,"damage_taken":0.0},{"damage_healed":0.0,"max_hp_gain":0.0,"max_hp_loss":0.0,"gold_gain":0.0,"event_name":"WeMeetAgain","player_choice":"Paid Gold","floor":19.0,"gold_loss":87.0,"damage_taken":0.0,"relics_obtained":["Matryoshka"]},{"damage_healed":0.0,"max_hp_gain":0.0,"max_hp_loss":37.0,"gold_gain":0.0,"event_name":"Ghosts","player_choice":"Became a Ghost","floor":25.0,"gold_loss":0.0,"damage_taken":0.0,"cards_obtained":["Ghostly","Ghostly","Ghostly"]},{"damage_healed":0.0,"max_hp_gain":0.0,"max_hp_loss":0.0,"gold_gain":0.0,"event_name":"Mysterious Sphere","player_choice":"Fight","floor":37.0,"gold_loss":0.0,"damage_taken":0.0},{"damage_healed":0.0,"max_hp_gain":0.0,"max_hp_loss":0.0,"gold_gain":50.0,"event_name":"Golden Shrine","player_choice":"Pray","floor":38.0,"gold_loss":0.0,"damage_taken":0.0}],"is_beta":false,"boss_relics":[{"not_picked":["SacredBark","Fusion Hammer"],"picked":"Velvet Choker"},{"not_picked":["Sozu","Ring of the Serpent"],"picked":"Pandora\u0027s Box"}],"items_purged_floors":[21,39,54],"is_endless":false,"potions_floor_spawned":[3,14,16,18,22,24,33,35,37,44,48],"killed_by":"The Heart","ascension_level":20}}