{"host":"ekyl8r8j8fco3zlk","time":1610051641,"event":{"mods":["ATMod(阿瑾Mod)","Act Like it!","Arknights The Spire","BaseMod","CapriCore","Decade(王小明)","Friendly Minions","Gensokyo","GifTheSpireLib","Luminous","Marisa（霧雨　魔理沙）","Minty Spire (QoL Compilation)","READ ME - Guardian Mod","Rare Cards Sparkle","Reimu（博???）","StSLib","The Alterego","The Animator","The Immortal","Waifu the Spire","WarShipGirlsR/??少女R mod","【?物卡牌】REMEMod"],"gold_per_floor":[117,192,192,203,220,220,239,239,239,239,249,263,294,315,315,420,420,439,454,454,8,23,23,48,48,118,118,118],"floor_reached":27,"playtime":1401,"items_purged":[],"score":233,"play_id":"b0ecf8dd-4f6d-40b6-8f94-39e57e4fc6d8","local_time":"20210108043401","is_ascension_mode":false,"campfire_choices":[{"data":"AT_ThistleTea","floor":6,"key":"SMITH"},{"data":"ats:Curse Doll","floor":10,"key":"SMITH"},{"data":"ats:Composite Medical Shells","floor":15,"key":"SMITH"},{"floor":23,"key":"REST"},{"floor":25,"key":"REST"}],"circlet_count":0,"master_deck":["ats:Strike C","ats:Strike G","ats:Strike S","ats:Strike V","ats:Armor Crushing Shot","ats:Defend","ats:Defend","ats:Defend","ats:Emotion Absorption","AT_ThistleTea+1","ats:Nebulous Foxfire","ats:Apocalypse","ats:Apocalypse","ats:Curse Doll+1","ats:Sword Rain","ats:Composite Medical Shells+1","ats:Very Hot Blade","ats:Assault Order","ats:Leaping Hammer","ats:Ambush","ats:Soul Absorption","ats:Shell Defense","ats:Durian","ats:Mental Burst","ats:Cat Scratch+1"],"relics":["ats:Sanity","AT_ATBox","REME_ComplimentaryCards","NeowsBlessing","AT_Kusabimaru","Bird Faced Urn","ats:Originium","White Beast Statue","Odd Mushroom","REME_DuelDisc","AT_TheCollector","Sling","ats:Gyao","Bronze Scales"],"acts_visited":["Exordium","TheCity"],"potions_floor_usage":[11,13,13,16,19,22,24,24,27],"damage_taken":[{"damage":0,"enemies":"Jaw Worm","floor":1,"turns":1},{"damage":0,"enemies":"Small Slimes","floor":4,"turns":1},{"damage":0,"enemies":"Cultist","floor":5,"turns":1},{"damage":35,"enemies":"Exordium Thugs","floor":7,"turns":6},{"damage":5,"enemies":"Red Slaver","floor":11,"turns":3},{"damage":9,"enemies":"Blue Slaver","floor":12,"turns":3},{"damage":1,"enemies":"Lagavulin","floor":13,"turns":4},{"damage":18,"enemies":"The Mushroom Lair","floor":14,"turns":4},{"damage":61,"enemies":"Hexaghost","floor":16,"turns":11},{"damage":21,"enemies":"Chosen","floor":18,"turns":5},{"damage":20,"enemies":"Shell Parasite","floor":19,"turns":3},{"damage":36,"enemies":"Chosen and Byrds","floor":22,"turns":9},{"damage":61,"enemies":"REME_1_Revenger","floor":24,"turns":5},{"damage":39,"enemies":"Slavers","floor":27,"turns":2}],"seed_played":"-7336911740739146871","potions_obtained":[{"floor":4,"key":"LiquidMemories"},{"floor":11,"key":"Block Potion"},{"floor":12,"key":"Fire Potion"},{"floor":14,"key":"Regen Potion"},{"floor":16,"key":"Weak Potion"},{"floor":18,"key":"AttackPotion"},{"floor":19,"key":"ats:Emergency Sanity Potion"},{"floor":22,"key":"Energy Potion"},{"floor":24,"key":"Explosive Potion"}],"is_trial":false,"path_per_floor":["M","?","?","M","M","R","M","T","T","R","M","M","E","?","R","B",null,"M","M","?","$","M","R","E","R","T","E"],"character_chosen":"DOCTOR_CLASS","items_purchased":["AT_TheCollector","Sling"],"campfire_rested":2,"item_purchase_floors":[21,21],"current_hp_per_floor":[72,61,61,61,65,65,37,37,37,37,39,41,50,40,40,35,72,57,45,45,45,29,50,8,29,29,0,0],"gold":118,"neow_bonus":"THREE_ENEMY_KILL","is_daily":false,"chose_seed":false,"campfire_upgraded":3,"win_rate":0.0,"timestamp":1610051641,"path_taken":["M","?","?","M","?","R","M","?","T","R","M","?","E","?","R","BOSS","M","M","?","$","M","R","E","R","T","E"],"items_purchased_type":["Relic","Relic"],"build_version":"2020-12-22","purchased_purges":0,"victory":false,"max_hp_per_floor":[72,72,72,72,72,72,72,72,72,72,72,72,72,72,72,72,72,72,72,72,72,72,72,72,72,72,72,72],"card_choices":[{"not_picked":["ats:Flexible Camouflage","ats:Ignite"],"picked":"ats:Apocalypse","floor":1},{"not_picked":["ats:Flexible Camouflage","ats:Spore Proliferation"],"picked":"ats:Apocalypse","floor":4},{"not_picked":["ats:Revitalization","ats:Guardian Obelisk"],"picked":"ats:Curse Doll","floor":5},{"not_picked":["ats:Magnetic Hammer","ats:Beaten Up"],"picked":"ats:Sword Rain","floor":7},{"not_picked":["ats:Ignite","ats:Counter Healing Mode"],"picked":"ats:Composite Medical Shells","floor":11},{"not_picked":["ats:Explosion Area Strengthen","ats:Childhood Dance"],"picked":"ats:Very Hot Blade","floor":12},{"not_picked":["ats:Apocalypse","ats:Support Order"],"picked":"ats:Assault Order","floor":13},{"not_picked":["ats:Revitalization","ats:Collapsing Strike"],"picked":"ats:Leaping Hammer","floor":14},{"not_picked":["ats:Fractured Body","ats:Nebulous Foxfire"],"picked":"ats:Ambush","floor":16},{"not_picked":["ats:Cat Scratch","ats:Powerful Strike"],"picked":"ats:Soul Absorption","floor":18},{"not_picked":["ats:Flame Of Heaven","ats:Magnetic Hammer"],"picked":"ats:Shell Defense","floor":19},{"not_picked":[],"picked":"ats:Durian","floor":20},{"not_picked":["ats:Burning Ground","ats:Shell Defense"],"picked":"ats:Mental Burst","floor":22},{"not_picked":["ats:Apocalypse","ats:Curse Doll"],"picked":"ats:Cat Scratch+1","floor":24}],"player_experience":656748,"relics_obtained":[{"floor":8,"key":"AT_Kusabimaru"},{"floor":9,"key":"Bird Faced Urn"},{"floor":13,"key":"ats:Originium"},{"floor":13,"key":"White Beast Statue"},{"floor":14,"key":"Odd Mushroom"},{"floor":24,"key":"ats:Originium"},{"floor":24,"key":"ats:Gyao"},{"floor":26,"key":"Bronze Scales"}],"event_choices":[{"damage_healed":0,"gold_gain":75,"player_choice":"Gather Gold","damage_taken":11,"max_hp_gain":0,"max_hp_loss":0,"event_name":"World of Goop","floor":2,"gold_loss":0},{"cards_removed":["ats:Defend"],"damage_healed":0,"gold_gain":0,"player_choice":"Offered Basic","damage_taken":0,"max_hp_gain":0,"max_hp_loss":0,"event_name":"Bonfire Elementals","floor":3,"gold_loss":0},{"damage_healed":0,"gold_gain":0,"player_choice":"Fought Mushrooms","damage_taken":0,"max_hp_gain":0,"max_hp_loss":0,"event_name":"Mushrooms","floor":14,"gold_loss":0}],"is_beta":false,"boss_relics":[{"not_picked":["REME_ChargedStone","Calling Bell"],"picked":"REME_DuelDisc"}],"items_purged_floors":[],"is_endless":false,"potions_floor_spawned":[4,11,12,14,16,18,19,22,24],"killed_by":"Slavers","ascension_level":0}}