{"host":"ig7tc0uedzltt2sr","time":1610062550,"event":{"mods":["BaseMod","Better Twitch Integration","Block Reminder","Colored Map","Colored Powertips","Communication Mod","Current Relic Mod","GifTheSpireLib","HexUI Lib","Minty Spire (QoL Compilation)","Quick Restart","Random Character Button","Rare Cards Sparkle","Relic Sorter","Relic Stats","Slay the Relics Exporter","StSLib","SuperFastMode","Synergy Search","Twitch Decklist","Twitch Utils","everything is the same but u backflip on backflip","slay the spire mod where everything is the same but ironclad has a cowboy hat"],"gold_per_floor":[117,128,128,148,148,148,158,178,178,198,227,227,256,276,276,276,276],"floor_reached":16,"playtime":123,"items_purged":[],"score":114,"play_id":"7518e2fd-4946-4382-8d82-453cd10b42f7","local_time":"20210107153550","is_ascension_mode":false,"campfire_choices":[{"data":"Wild Strike","floor":6,"key":"SMITH"},{"data":"Defend_R","floor":12,"key":"SMITH"},{"data":"Rampage","floor":15,"key":"SMITH"}],"circlet_count":0,"master_deck":["Strike_R","Strike_R","Strike_R+1","Strike_R","Strike_R","Defend_R+1","Defend_R+1","Defend_R","Defend_R","Bash","Wild Strike+1","Clash+1","Headbutt","Rampage+1","Burning Pact","Fiend Fire","Brutality","Clothesline"],"relics":["Burning Blood","NeowsBlessing","Dead Branch","Darkstone Periapt"],"acts_visited":["Exordium"],"potions_floor_usage":[],"damage_taken":[{"damage":0,"enemies":"Jaw Worm","floor":1,"turns":1},{"damage":0,"enemies":"Small Slimes","floor":2,"turns":2},{"damage":0,"enemies":"2 Louse","floor":4,"turns":2},{"damage":4,"enemies":"2 Fungi Beasts","floor":7,"turns":3},{"damage":0,"enemies":"Exordium Wildlife","floor":8,"turns":3},{"damage":16,"enemies":"Large Slime","floor":10,"turns":6},{"damage":39,"enemies":"Lagavulin","floor":11,"turns":8},{"damage":16,"enemies":"Gremlin Nob","floor":13,"turns":5},{"damage":24,"enemies":"Lots of Slimes","floor":14,"turns":7},{"damage":102,"enemies":"Slime Boss","floor":16,"turns":12}],"seed_played":"-5889191935658143619","potions_obtained":[{"floor":2,"key":"FairyPotion"},{"floor":4,"key":"Explosive Potion"},{"floor":7,"key":"BloodPotion"},{"floor":10,"key":"FairyPotion"}],"is_trial":false,"path_per_floor":["M","M","?","M","?","R","M","M","T","M","E","R","E","M","R","B"],"character_chosen":"IRONCLAD","items_purchased":[],"campfire_rested":0,"item_purchase_floors":[],"current_hp_per_floor":[80,80,80,80,64,64,66,80,80,70,37,37,27,9,9,0,0],"gold":276,"neow_bonus":"THREE_ENEMY_KILL","is_daily":false,"chose_seed":false,"campfire_upgraded":3,"win_rate":0.0,"timestamp":1610062550,"path_taken":["M","M","?","M","?","R","M","M","T","M","E","R","E","M","R","BOSS"],"items_purchased_type":[],"build_version":"2020-12-22","purchased_purges":0,"victory":false,"max_hp_per_floor":[80,80,80,80,80,80,80,80,80,80,80,80,80,80,80,80,80],"relic_stats":{"Darkstone Periapt":0,"counters":[10,49],"Dead Branch":[13],"obtain_stats":[{"Darkstone Periapt":13,"NeowsBlessing":0,"Dead Branch":11,"Burning Blood":0},{"Darkstone Periapt":8,"NeowsBlessing":0,"Dead Branch":7,"Burning Blood":0},{"Darkstone Periapt":30,"NeowsBlessing":0,"Dead Branch":25,"Burning Blood":0}],"Burning Blood":30},"card_choices":[{"not_picked":["Anger","Headbutt"],"picked":"Wild Strike","floor":1},{"not_picked":["Warcry","Pommel Strike"],"picked":"Clash","floor":2},{"not_picked":["Fire Breathing","Hemokinesis","Armaments"],"picked":"SKIP","floor":4},{"not_picked":["Clothesline","Cleave"],"picked":"Headbutt","floor":7},{"not_picked":["Flex","Pommel Strike"],"picked":"Rampage","floor":8},{"not_picked":["Sword Boomerang","Anger"],"picked":"Burning Pact","floor":10},{"not_picked":["Shrug It Off","Body Slam"],"picked":"Fiend Fire","floor":11},{"not_picked":["Shrug It Off","Inflame"],"picked":"Brutality","floor":13},{"not_picked":["Wild Strike","True Grit"],"picked":"Clothesline","floor":14}],"player_experience":1461336,"relics_obtained":[{"floor":11,"key":"Dead Branch"},{"floor":13,"key":"Darkstone Periapt"}],"event_choices":[{"damage_healed":0,"gold_gain":0,"player_choice":"Grow","damage_taken":0,"max_hp_gain":0,"max_hp_loss":0,"event_name":"Living Wall","floor":3,"gold_loss":0,"cards_upgraded":["Defend_R"]},{"damage_healed":0,"gold_gain":0,"player_choice":"Entered Light","damage_taken":16,"max_hp_gain":0,"max_hp_loss":0,"event_name":"Shining Light","floor":5,"gold_loss":0,"cards_upgraded":["Strike_R","Clash"]}],"is_beta":false,"boss_relics":[],"items_purged_floors":[],"is_endless":false,"potions_floor_spawned":[2,4,7,10],"killed_by":"Slime Boss","ascension_level":0}}