{"host":"rmsq46plbpwfbxcc","time":1610021379,"event":{"mods":["AchievementEnabler","BaseMod","Colored Map","Colored Powertips","DeckTracker","KOR Keyword Fix","Minty Spire (QoL Compilation)","Permanent Neow","SuperFastMode"],"gold_per_floor":[109,11,86,105,55,55,55,86,86,86,86],"floor_reached":10,"playtime":181,"items_purged":[],"score":64,"play_id":"55972113-6439-4e89-97bb-620cb3e0383b","local_time":"20210107210939","is_ascension_mode":false,"campfire_choices":[{"data":"Trip","floor":6,"key":"SMITH"}],"circlet_count":0,"master_deck":["Strike_G","Strike_G","Strike_G","Strike_G","Defend_G","Defend_G","Defend_G","Defend_G","Survivor","Neutralize","Unload","Trip+1","Footwork","Escape Plan"],"relics":["Ring of the Snake","Blue Candle","Meat on the Bone"],"acts_visited":["Exordium"],"potions_floor_usage":[],"damage_taken":[{"damage":2,"enemies":"Small Slimes","floor":1,"turns":3},{"damage":0,"enemies":"2 Louse","floor":4,"turns":2},{"damage":38,"enemies":"Gremlin Nob","floor":8,"turns":5},{"damage":12,"enemies":"Lagavulin","floor":10,"turns":7}],"seed_played":"-360853292218134358","potions_obtained":[{"floor":1,"key":"Explosive Potion"}],"is_trial":false,"path_per_floor":["M","$","?","M","?","R","?","E","T","E"],"character_chosen":"THE_SILENT","items_purchased":["Trip"],"campfire_rested":0,"item_purchase_floors":[2],"current_hp_per_floor":[68,68,57,57,57,57,50,12,12,0,0],"gold":86,"neow_bonus":"ONE_RANDOM_RARE_CARD","is_daily":false,"chose_seed":false,"campfire_upgraded":1,"win_rate":0.0,"timestamp":1610021379,"path_taken":["M","$","?","M","?","R","?","E","T","E"],"items_purchased_type":["Card"],"build_version":"2020-12-22","purchased_purges":0,"victory":false,"max_hp_per_floor":[70,70,70,70,70,70,70,70,70,70,70],"card_choices":[{"not_picked":["All Out Attack","Leg Sweep","Deflect"],"picked":"SKIP","floor":1},{"not_picked":["Dagger Spray","Heel Hook"],"picked":"Footwork","floor":4},{"not_picked":["Choke","Crippling Poison"],"picked":"Escape Plan","floor":8}],"player_experience":632414,"relics_obtained":[{"floor":8,"key":"Blue Candle"},{"floor":9,"key":"Meat on the Bone"}],"event_choices":[{"damage_healed":0,"gold_gain":75,"player_choice":"Gather Gold","damage_taken":11,"max_hp_gain":0,"max_hp_loss":0,"event_name":"World of Goop","floor":3,"gold_loss":0},{"cards_removed":["Strike_G"],"damage_healed":0,"gold_gain":0,"player_choice":"Card Removal","damage_taken":0,"max_hp_gain":0,"max_hp_loss":0,"event_name":"The Cleric","floor":5,"gold_loss":50},{"cards_removed":["Defend_G"],"damage_healed":0,"gold_gain":0,"player_choice":"Card Removal","damage_taken":7,"max_hp_gain":0,"max_hp_loss":0,"event_name":"Golden Wing","floor":7,"gold_loss":0}],"is_beta":false,"boss_relics":[],"items_purged_floors":[],"is_endless":false,"potions_floor_spawned":[1],"killed_by":"Lagavulin","ascension_level":0}}