{"host":"2sr8q4b3ioepghas","time":1610001185,"event":{"mods":["BaseMod","Bestiary","Colored Map","Curses Come First","Downfall","FTL Soundtrack","Minty Spire (QoL Compilation)","Permanent Neow","Quick Restart","Rare Cards Sparkle","StSLib","UnlockEverythingMod"],"gold_per_floor":[99,119,134,148,59,72,72,72,172,189,30,63,79,93,108,205,205,205,218,42,57,57,57,57,67,67,81,98,23,23,39,59,158,158,158,174,187,200,130,130,130,130,145,177,102,102,49,66,86,86],"floor_reached":51,"playtime":3693,"items_purged":["Slimebound:Strike_Slimebound","Slimebound:Defend_Slimebound"],"score":737,"play_id":"3f94b474-c420-473f-b0dd-f6b1d4bf0dc5","local_time":"20210107163305","is_ascension_mode":false,"campfire_choices":[{"data":"Slimebound:Split","floor":1.0,"key":"SMITH"},{"data":"Slimebound:GoopSpray","floor":18.0,"key":"SMITH"},{"floor":23.0,"key":"DIG"},{"data":"Slimebound:DuplicatedForm","floor":26.0,"key":"SMITH"},{"floor":29.0,"key":"DIG"},{"floor":35.0,"key":"DIG"},{"floor":42,"key":"DIG"},{"floor":45,"key":"DIG"}],"circlet_count":0,"master_deck":["Slimebound:Strike_Slimebound","Slimebound:Tackle","Slimebound:Defend_Slimebound","Slimebound:Defend_Slimebound","Slimebound:Split+1","Slimebound:CorrosiveSpit+1","Slimebound:SpikyOuterGoop","Slimebound:SplitMire","Slimebound:SlimeSlap","Slimebound:LivingWall+1","Slimebound:GoopSpray+1","Slimebound:Gluttony","Slimebound:MassRepurpose+1","Slimebound:Prepare+1","Slimebound:Dissolve+1","Slimebound:Schlurp+1","Slimebound:DisruptingSlam","Slimebound:MassFeed","Slimebound:DuplicatedForm+1","Slimebound:DuplicatedForm+1","Slimebound:LeechingTouch","Slimebound:GoopSpray+1","Slimebound:OozeBath+1","Slimebound:LeadByExample","Slimebound:LivingWall+1","Slimebound:HauntingLick+1","Slimebound:GoopSpray+1","Slimebound:SamplingLick+1","Slimebound:SamplingLick+1","Slimebound:PrepareCrush+1","Slimebound:ForwardTackle+1","Slimebound:FinishingTackle+1","Slimebound:ViciousTackle+1","Slimebound:GrowthPunch+1"],"relics":["Slimebound:AbsorbEndCombat","Toxic Egg 2","Shovel","Slimebound:TarBlob","Pocketwatch","downfall:HeartBlessingBlue","Turnip","Fusion Hammer","Ornamental Fan","Gambling Chip","Molten Egg 2","Eternal Feather","War Paint","downfall:HeartBlessingGreen","Akabeko"],"acts_visited":["Exordium","TheCity","TheBeyond"],"potions_floor_usage":[],"damage_taken":[{"damage":12.0,"enemies":"Cultist","floor":2.0,"turns":3.0},{"damage":9.0,"enemies":"Jaw Worm","floor":3.0,"turns":4.0},{"damage":16.0,"enemies":"Small Slimes","floor":4.0,"turns":3.0},{"damage":15.0,"enemies":"downfall:FleeingMerchant","floor":5.0,"turns":4.0},{"damage":26.0,"enemies":"Exordium Thugs","floor":6.0,"turns":4.0},{"damage":13.0,"enemies":"Exordium Wildlife","floor":10.0,"turns":4.0},{"damage":18.0,"enemies":"downfall:FleeingMerchant","floor":11.0,"turns":4.0},{"damage":28.0,"enemies":"Lagavulin","floor":12.0,"turns":7.0},{"damage":13.0,"enemies":"Gremlin Gang","floor":13.0,"turns":5.0},{"damage":19.0,"enemies":"2 Fungi Beasts","floor":14.0,"turns":3.0},{"damage":10.0,"enemies":"Blue Slaver","floor":15.0,"turns":3.0},{"damage":43.0,"enemies":"downfall:Ironclad","floor":16.0,"turns":9.0},{"damage":32.0,"enemies":"3 Byrds","floor":19.0,"turns":6.0},{"damage":18.0,"enemies":"downfall:FleeingMerchant","floor":20.0,"turns":4.0},{"damage":12.0,"enemies":"Spheric Guardian","floor":21.0,"turns":3.0},{"damage":36.0,"enemies":"Snecko","floor":25.0,"turns":4.0},{"damage":57.0,"enemies":"Chosen and Byrds","floor":27.0,"turns":8.0},{"damage":55.0,"enemies":"Centurion and Healer","floor":28.0,"turns":6.0},{"damage":64.0,"enemies":"Snecko","floor":31.0,"turns":6.0},{"damage":68.0,"enemies":"3 Cultists","floor":32.0,"turns":5.0},{"damage":57.0,"enemies":"downfall:Watcher","floor":33.0,"turns":7.0},{"damage":26.0,"enemies":"3 Darklings","floor":36.0,"turns":4.0},{"damage":73,"enemies":"3 Shapes","floor":37,"turns":8},{"damage":42,"enemies":"Transient","floor":38,"turns":5},{"damage":62,"enemies":"downfall:FleeingMerchant","floor":39,"turns":3},{"damage":54,"enemies":"4 Shapes","floor":43,"turns":3},{"damage":70,"enemies":"Nemesis","floor":44,"turns":5},{"damage":52,"enemies":"Maw","floor":48,"turns":6},{"damage":68,"enemies":"Writhing Mass","floor":49,"turns":7},{"damage":72,"enemies":"downfall:Defect","floor":50,"turns":6}],"seed_played":"7070480315379525325","potions_obtained":[{"floor":3.0,"key":"Swift Potion"},{"floor":4.0,"key":"SneckoOil"},{"floor":10.0,"key":"hexamod:EctoCoolerPotion"},{"floor":12.0,"key":"Dexterity Potion"},{"floor":21.0,"key":"SteroidPotion"},{"floor":27.0,"key":"Slimebound:SlimedPotion"},{"floor":33.0,"key":"SpeedPotion"},{"floor":43,"key":"Regen Potion"},{"floor":48,"key":"EssenceOfSteel"}],"is_trial":false,"path_per_floor":["R","M","M","M","$","M","T","?","?","M","$","E","M","M","M","B",null,"R","M","$","M","?","R","T","M","R","M","M","R","?","M","M","B",null,"R","M","M","M","$","?","T","R","M","E","R","?","$","M","M","B",null],"character_chosen":"SLIMEBOUND","items_purchased":["Slimebound:LivingWall","Slimebound:Prepare+1","Slimebound:DuplicatedForm","Slimebound:SamplingLick+1","Gambling Chip","Slimebound:FinishingTackle+1"],"campfire_rested":0,"item_purchase_floors":[5,11,20,39,39,47],"current_hp_per_floor":[54,54,59,57,60,52,52,52,52,55,55,53,68,72,72,55,72,72,78,77,81,81,81,81,71,71,74,67,77,77,74,54,65,115,115,118,105,106,94,94,94,94,85,71,89,89,89,103,93,87],"gold":86,"neow_bonus":"TWENTY_PERCENT_HP_BONUS","is_daily":false,"chose_seed":false,"campfire_upgraded":3,"win_rate":0.0,"timestamp":1610001185,"path_taken":["R","M","M","M","?","M","T","?","?","?","$","E","M","M","M","BOSS","R","M","$","M","?","R","T","M","R","M","M","R","?","?","M","BOSS","R","M","?","M","$","?","T","R","M","E","R","?","$","M","M","BOSS"],"items_purchased_type":["Card","Card","Card","Card","Relic","Card"],"build_version":"2020-12-22","purchased_purges":2,"victory":true,"max_hp_per_floor":[72,72,72,72,72,72,72,72,72,72,72,72,72,72,72,72,72,72,78,78,81,81,81,81,84,84,87,90,100,100,103,112,115,115,115,118,124,124,124,124,124,124,136,136,136,136,136,136,136,136],"card_choices":[{"not_picked":["Slimebound:LeechingTouch","Slimebound:Prepare"],"picked":"Slimebound:SpikyOuterGoop","floor":2.0},{"not_picked":["Slimebound:Schlurp","Slimebound:SlimeBarrage"],"picked":"Slimebound:ItLooksTasty","floor":3.0},{"not_picked":["Slimebound:LeechingTouch","Slimebound:ItLooksTasty"],"picked":"Slimebound:SplitMire","floor":4.0},{"not_picked":["Slimebound:MassRepurpose","Slimebound:SplitBruiser"],"picked":"Slimebound:SlimeSlap","floor":5.0},{"not_picked":["Slimebound:SplitMire","Slimebound:FinishingTackle"],"picked":"Slimebound:GoopSpray","floor":6.0},{"not_picked":["Slimebound:LeechEnergy","Slimebound:Schlurp+1"],"picked":"Slimebound:Gluttony","floor":10.0},{"not_picked":["Slimebound:GoopSpray+1","Slimebound:SplitMire+1"],"picked":"Slimebound:MassRepurpose+1","floor":11.0},{"not_picked":["Slimebound:FinishingTackle","Slimebound:ForwardTackle"],"picked":"Slimebound:Dissolve+1","floor":12.0},{"not_picked":["Slimebound:LeechingTouch","Slimebound:SplitMire+1"],"picked":"Slimebound:Schlurp+1","floor":13.0},{"not_picked":["Slimebound:SplitLeeching+1","Slimebound:SlimeSpikes+1"],"picked":"Slimebound:DisruptingSlam","floor":14.0},{"not_picked":["Slimebound:FinishingTackle","Slimebound:SplitMire+1","Slimebound:LivingWall+1"],"picked":"SKIP","floor":15.0},{"not_picked":["Slimebound:SlimeSlap","Slimebound:WasteNot+1"],"picked":"Slimebound:MassFeed","floor":16.0},{"not_picked":["Slimebound:SplitBruiser+1","Slimebound:SplitLeeching+1"],"picked":"Slimebound:ComboTackle","floor":19.0},{"not_picked":["Slimebound:SlimeSpikes+1","Slimebound:BestDefense+1","Slimebound:Grow"],"picked":"SKIP","floor":20.0},{"not_picked":["Slimebound:FirmFortitude+1","Slimebound:ProtectTheBoss","Slimebound:BestDefense"],"picked":"SKIP","floor":21.0},{"not_picked":["Slimebound:PressTheAttack","Slimebound:SplitAcid+1","Slimebound:SelfFormingGoo"],"picked":"SKIP","floor":25.0},{"not_picked":["Slimebound:ComboTackle","Slimebound:BestDefense+1","Slimebound:LevelUp"],"picked":"SKIP","floor":27.0},{"not_picked":["Slimebound:RollThrough","Slimebound:PressTheAttack+1","Slimebound:ProtectTheBoss+1"],"picked":"SKIP","floor":28.0},{"not_picked":["Slimebound:SlimeBrawl+1","Slimebound:SlimeSlap"],"picked":"Slimebound:LeechingTouch","floor":31.0},{"not_picked":["Slimebound:SplitMire+1","Slimebound:SplitAcid+1"],"picked":"Slimebound:GoopSpray+1","floor":32.0},{"not_picked":["Slimebound:DuplicatedForm","Slimebound:Overexert"],"picked":"Slimebound:OozeBath+1","floor":33.0},{"not_picked":["Slimebound:GrowthPunch+1","Slimebound:RollThrough"],"picked":"Slimebound:LeadByExample","floor":36.0},{"not_picked":["Slimebound:Schlurp+1","Slimebound:Nibble+1"],"picked":"Slimebound:LivingWall+1","floor":37},{"not_picked":["Slimebound:GoopSpray+1","Slimebound:ComboTackle+1"],"picked":"Slimebound:HauntingLick+1","floor":38},{"not_picked":["Slimebound:SlimeBrawl+1","Slimebound:SpikyOuterGoop+1"],"picked":"Slimebound:GoopSpray+1","floor":39},{"not_picked":["Slimebound:ProtectTheBoss","Slimebound:ComboTackle+1"],"picked":"Slimebound:SamplingLick+1","floor":43},{"not_picked":["Slimebound:Dissolve+1","Slimebound:SplitLeeching+1"],"picked":"Slimebound:PrepareCrush+1","floor":44},{"not_picked":["Slimebound:GoopSpray+1","Slimebound:Schlurp+1"],"picked":"Slimebound:ViciousTackle+1","floor":48},{"not_picked":["Slimebound:SplitAcid+1","Slimebound:FlameTackle+1"],"picked":"Slimebound:GrowthPunch+1","floor":49}],"player_experience":42005,"relics_obtained":[{"floor":7.0,"key":"Toxic Egg 2"},{"floor":12.0,"key":"Shovel"},{"floor":23.0,"key":"Pocketwatch"},{"floor":29.0,"key":"Turnip"},{"floor":35.0,"key":"Ornamental Fan"},{"floor":41,"key":"Molten Egg 2"},{"floor":42,"key":"Eternal Feather"},{"floor":44,"key":"War Paint"},{"floor":45,"key":"Akabeko"}],"event_choices":[{"damage_healed":0.0,"max_hp_gain":0.0,"max_hp_loss":0.0,"gold_gain":0.0,"event_name":"Duplicator","player_choice":"Copied","floor":30.0,"gold_loss":0.0,"damage_taken":0.0,"cards_obtained":["Slimebound:DuplicatedForm"]},{"cards_removed":["Slimebound:ComboTackle"],"damage_healed":0,"gold_gain":0,"player_choice":"Removed Attack","damage_taken":0,"max_hp_gain":0,"max_hp_loss":0,"event_name":"Falling","floor":40,"gold_loss":0},{"damage_healed":0,"gold_gain":0,"cards_transformed":["Slimebound:ItLooksTasty"],"player_choice":"Transformed","damage_taken":0,"max_hp_gain":0,"max_hp_loss":0,"event_name":"Transmorgrifier","floor":46,"gold_loss":0,"cards_obtained":["Slimebound:ForwardTackle"]}],"is_beta":false,"boss_relics":[{"not_picked":["Runic Dome","Velvet Choker"],"picked":"Slimebound:TarBlob"},{"not_picked":["Busted Crown","Black Star"],"picked":"Fusion Hammer"}],"items_purged_floors":[11,39],"is_endless":false,"potions_floor_spawned":[3,4,10,12,15,21,25,27,33,43,44,48],"ascension_level":0}}