{"host":"26mrfot5w7uj2ebc","time":1610016844,"event":{"mods":["AchievementEnabler","BaseMod","Colored Map","Curses Come First","Minty Spire (QoL Compilation)","StSLib"],"gold_per_floor":[112,128,141,141,159,200,200,218,218,218,262,262,262,289,289,289,289],"floor_reached":16,"playtime":676,"items_purged":[],"score":112,"play_id":"0fda6b47-f1f1-4388-96eb-3e4da16639c2","local_time":"20210107195404","is_ascension_mode":false,"campfire_choices":[{"floor":7.0,"key":"REST"},{"floor":10.0,"key":"REST"},{"floor":15,"key":"REST"}],"circlet_count":0,"master_deck":["Strike_G","Strike_G","Strike_G","Strike_G","Strike_G","Defend_G","Defend_G","Defend_G","Defend_G","Survivor","Neutralize","Cloak And Dagger","Dagger Spray","Blade Dance","Backflip","Poisoned Stab","Bane","PiercingWail"],"relics":["Black Star","Blood Vial","CeramicFish","StoneCalendar","Frozen Egg 2"],"acts_visited":["Exordium"],"potions_floor_usage":[],"damage_taken":[{"damage":0.0,"enemies":"Small Slimes","floor":1.0,"turns":3.0},{"damage":2.0,"enemies":"Cultist","floor":2.0,"turns":5.0},{"damage":0.0,"enemies":"2 Louse","floor":3.0,"turns":2.0},{"damage":30.0,"enemies":"Exordium Thugs","floor":5.0,"turns":5.0},{"damage":13.0,"enemies":"3 Sentries","floor":6.0,"turns":5.0},{"damage":25.0,"enemies":"Exordium Wildlife","floor":8.0,"turns":6.0},{"damage":30.0,"enemies":"Lagavulin","floor":11.0,"turns":6.0},{"damage":4,"enemies":"2 Fungi Beasts","floor":14,"turns":3},{"damage":40,"enemies":"Hexaghost","floor":16,"turns":7}],"seed_played":"-598006236992000121","potions_obtained":[{"floor":1.0,"key":"PowerPotion"},{"floor":2.0,"key":"AttackPotion"},{"floor":8.0,"key":"SkillPotion"}],"is_trial":false,"path_per_floor":["M","M","M","?","M","E","R","M","T","R","E","?","?","M","R","B"],"character_chosen":"THE_SILENT","items_purchased":[],"campfire_rested":3,"item_purchase_floors":[],"current_hp_per_floor":[70,68,68,68,38,25,46,23,23,44,16,16,16,14,35,0,0],"gold":289,"neow_bonus":"BOSS_RELIC","is_daily":false,"chose_seed":false,"campfire_upgraded":0,"win_rate":0.0,"timestamp":1610016844,"path_taken":["M","M","M","?","M","E","R","?","T","R","E","?","?","?","R","BOSS"],"items_purchased_type":[],"build_version":"2020-12-22","purchased_purges":0,"victory":false,"max_hp_per_floor":[70,70,70,70,70,70,70,70,70,70,70,70,70,70,70,70,70],"card_choices":[{"not_picked":["Flying Knee","Distraction"],"picked":"Cloak And Dagger","floor":1.0},{"not_picked":["Outmaneuver","PiercingWail"],"picked":"Dagger Spray","floor":2.0},{"not_picked":["Underhanded Strike","Dagger Spray"],"picked":"Blade Dance","floor":3.0},{"not_picked":["Terror","Tactician"],"picked":"Backflip","floor":5.0},{"not_picked":["Expertise","Endless Agony"],"picked":"Poisoned Stab","floor":6.0},{"not_picked":["Outmaneuver","Caltrops","Concentrate"],"picked":"SKIP","floor":8.0},{"not_picked":["Acrobatics","Outmaneuver"],"picked":"Bane","floor":11.0},{"not_picked":["All Out Attack","Storm of Steel"],"picked":"PiercingWail","floor":14}],"player_experience":225830,"relics_obtained":[{"floor":6.0,"key":"Blood Vial"},{"floor":6.0,"key":"CeramicFish"},{"floor":11.0,"key":"StoneCalendar"},{"floor":11.0,"key":"Frozen Egg 2"}],"event_choices":[{"damage_healed":0.0,"max_hp_gain":0.0,"max_hp_loss":0.0,"gold_gain":0.0,"event_name":"The Woman in Blue","player_choice":"Bought 0 Potions","floor":4.0,"gold_loss":0.0,"damage_taken":0.0},{"cards_removed":["Defend_G"],"damage_healed":0.0,"max_hp_gain":0.0,"max_hp_loss":0.0,"gold_gain":0.0,"event_name":"Living Wall","player_choice":"Forget","floor":12.0,"gold_loss":0.0,"damage_taken":0.0},{"damage_healed":0,"gold_gain":0,"player_choice":"Searched \u00270\u0027 times","damage_taken":0,"max_hp_gain":0,"max_hp_loss":0,"event_name":"Dead Adventurer","floor":13,"gold_loss":0}],"is_beta":false,"boss_relics":[],"items_purged_floors":[],"is_endless":false,"potions_floor_spawned":[1,2,8],"killed_by":"Hexaghost","ascension_level":0}}