{"host":"j0d4nq897em8strr","time":1610059542,"event":{"mods":["AchievementEnabler","BaseMod","Colored Map","Colored Powertips","Hero for Fun","Highlight Path","Marisa????????","Minty Spire (QoL Compilation)","StSLib","SuperFastMode","The Runesmith","slay the spire mod where everything is the same but ironclad has a cowboy hat"],"gold_per_floor":[112,112,112,112,128,155,3,78,78,78,78,97,127,144,144,245,245,256,266,266,266,29,58,58,75,75,108,140,158,158,172,172,276,276,294,294,294,13,24,35,47,57,57,57,12,12,12,12,12,12],"floor_reached":51,"playtime":3228,"items_purged":["DoubleSpark"],"score":818,"play_id":"ff8cfefa-e4f1-40fd-8067-f02bbd75ab6d","local_time":"20210107224542","daily_mods":["SealedDeck","Heirloom"],"is_ascension_mode":false,"campfire_choices":[{"floor":11.0,"key":"REST"},{"floor":15.0,"key":"REST"},{"floor":24.0,"key":"REST"},{"floor":30.0,"key":"REST"},{"data":"Apotheosis","floor":32.0,"key":"SMITH"},{"floor":47,"key":"REST"},{"data":"MillisecondPulsars","floor":49,"key":"SMITH"}],"circlet_count":0,"master_deck":["OrrerysSun","OrrerysSun","MysteriousBeam","MysteriousBeam+1","MysteriousBeam","GrandCross","EnergyRecoil+1","EnergyFlow+1","EnergyFlow","EarthLightRay","FairyDestructionRay","MysteriousBeam","MillisecondPulsars+1","MaximisePower","Apotheosis+1","PowerUp","SporeBomb","GalacticHalo+1","SporeBomb","CasketOfStar","Acceleration","MysteriousBeam+1","Singularity","GalacticHalo+1","GrandCross","Madness","Madness","PowerUp","EnergyFlow+1"],"relics":["MiniHakkero","Peace Pipe","Darkstone Periapt","Mango","Ginger","ExperimentalFamiliar","Lantern","Omamori","Red Mask","Mummified Hand","Calling Bell","Nunchaku","Kunai","Unceasing Top","Ornamental Fan","HornCleat"],"acts_visited":["Exordium","TheCity","TheBeyond"],"potions_floor_usage":[50,50],"damage_taken":[{"damage":0.0,"enemies":"Jaw Worm","floor":1.0,"turns":1.0},{"damage":0.0,"enemies":"Small Slimes","floor":5.0,"turns":3.0},{"damage":6.0,"enemies":"Lagavulin","floor":6.0,"turns":3.0},{"damage":0.0,"enemies":"2 Louse","floor":12.0,"turns":1.0},{"damage":12.0,"enemies":"3 Sentries","floor":13.0,"turns":4.0},{"damage":17.0,"enemies":"Exordium Thugs","floor":14.0,"turns":3.0},{"damage":0.0,"enemies":"Slime Boss","floor":16.0,"turns":3.0},{"damage":0.0,"enemies":"Spheric Guardian","floor":18.0,"turns":1.0},{"damage":4.0,"enemies":"Chosen","floor":19.0,"turns":3.0},{"damage":23.0,"enemies":"Gremlin Leader","floor":23.0,"turns":5.0},{"damage":14.0,"enemies":"Centurion and Healer","floor":25.0,"turns":4.0},{"damage":10.0,"enemies":"Masked Bandits","floor":27.0,"turns":2.0},{"damage":18.0,"enemies":"Book of Stabbing","floor":28.0,"turns":4.0},{"damage":4.0,"enemies":"Cultist and Chosen","floor":29.0,"turns":3.0},{"damage":0.0,"enemies":"Snake Plant","floor":31.0,"turns":2.0},{"damage":34.0,"enemies":"Automaton","floor":33.0,"turns":5.0},{"damage":0.0,"enemies":"3 Shapes","floor":35.0,"turns":3.0},{"damage":0.0,"enemies":"Orb Walker","floor":39.0,"turns":2.0},{"damage":1.0,"enemies":"Jaw Worm Horde","floor":40.0,"turns":3.0},{"damage":0.0,"enemies":"Spire Growth","floor":41.0,"turns":1.0},{"damage":8,"enemies":"Transient","floor":42,"turns":5},{"damage":10,"enemies":"Time Eater","floor":50,"turns":7}],"seed_played":"19537493955591537","potions_obtained":[{"floor":5.0,"key":"Strength Potion"},{"floor":6.0,"key":"GamblersBrew"},{"floor":13.0,"key":"Swift Potion"},{"floor":33.0,"key":"Regen Potion"},{"floor":42,"key":"SpeedPotion"}],"is_trial":true,"path_per_floor":["M","?","?","?","M","E","$","?","T","?","R","M","E","M","R","B",null,"M","M","?","?","$","E","R","M","T","?","E","M","R","M","R","B",null,"M","?","?","$","M","M","M","M","T","?","$","?","R","?","R","B",null],"character_chosen":"MARISA","items_purchased":["EarthLightRay","Apotheosis","PowerUp","Ornamental Fan","Acceleration","PowerUp"],"campfire_rested":5,"item_purchase_floors":[7,22,22,38,38,45],"current_hp_per_floor":[75,80,64,64,64,58,58,47,61,61,89,89,81,68,94,94,94,94,94,94,94,94,71,94,84,84,78,66,68,94,94,94,60,94,94,94,94,94,94,93,94,86,86,74,74,74,94,94,94,94],"gold":12,"neow_bonus":"","is_daily":false,"chose_seed":false,"campfire_upgraded":2,"win_rate":0.0,"timestamp":1610059542,"path_taken":["M","?","?","?","?","E","$","?","T","?","R","M","E","M","R","BOSS","M","?","?","?","$","E","R","M","T","?","E","M","R","M","R","BOSS","M","?","?","$","?","M","M","M","T","?","$","?","R","?","R","BOSS"],"items_purchased_type":["Card","Card","Card","Relic","Card","Card"],"build_version":"2020-12-22","purchased_purges":1,"victory":true,"max_hp_per_floor":[75,80,80,80,80,80,80,80,94,94,94,94,94,94,94,94,94,94,94,94,94,94,94,94,94,94,94,94,94,94,94,94,94,94,94,94,94,94,94,94,94,94,94,94,94,94,94,94,94,94],"card_choices":[{"not_picked":["Singularity","GrandCross"],"picked":"AlicesGift","floor":1.0},{"not_picked":["DoubleSpark","6A","UnstableBomb"],"picked":"SKIP","floor":5.0},{"not_picked":["ShootingEcho","AsteroidBelt","EscapeVelocity"],"picked":"SKIP","floor":6.0},{"not_picked":["6A","StarlightTyphoon"],"picked":"FairyDestructionRay","floor":12.0},{"not_picked":["WitchLeyline","AlicesGift"],"picked":"SprinkleStarSeal","floor":13.0},{"not_picked":["RefractionSpark","UnstableBomb"],"picked":"MysteriousBeam","floor":14.0},{"not_picked":["BinaryStars","MaximisePower"],"picked":"MillisecondPulsars","floor":16.0},{"not_picked":["UnstableBomb","AsteroidBelt","WitchLeyline"],"picked":"SKIP","floor":18.0},{"not_picked":["DoubleSpark","IllusionStar","Acceleration"],"picked":"SKIP","floor":19.0},{"not_picked":["DeepEcoloBomb","ManaConvection"],"picked":"SporeBomb","floor":23.0},{"not_picked":["DoubleSpark","Orbital","SprinkleStarSeal"],"picked":"SKIP","floor":25.0},{"not_picked":["AsteroidBelt","MilkyWay","MaximisePower"],"picked":"SKIP","floor":28.0},{"not_picked":["UnstableBomb","PowerUp"],"picked":"GalacticHalo+1","floor":29.0},{"not_picked":["IllusionStar","DarkSpark"],"picked":"SporeBomb","floor":31.0},{"not_picked":["BigCrunch","BlazingStar"],"picked":"CasketOfStar","floor":33.0},{"not_picked":["ShootingEcho+1","Acceleration","LuminesStrike"],"picked":"SKIP","floor":35.0},{"not_picked":["AlicesGift+1","GalacticHalo+1"],"picked":"MysteriousBeam+1","floor":39.0},{"not_picked":["UnstableBomb","SporeBomb+1"],"picked":"Singularity","floor":40.0},{"not_picked":["DeepEcoloBomb+1","WitchLeyline+1"],"picked":"GalacticHalo+1","floor":41.0},{"not_picked":["SprinkleStarSeal","StarDustReverie"],"picked":"GrandCross","floor":42}],"player_experience":170566,"relics_obtained":[{"floor":6.0,"key":"Darkstone Periapt"},{"floor":9.0,"key":"Mango"},{"floor":13.0,"key":"Ginger"},{"floor":23.0,"key":"Lantern"},{"floor":26.0,"key":"Omamori"},{"floor":27.0,"key":"Red Mask"},{"floor":28.0,"key":"Mummified Hand"},{"floor":34.0,"key":"Nunchaku"},{"floor":34.0,"key":"Kunai"},{"floor":34.0,"key":"Unceasing Top"},{"floor":43,"key":"HornCleat"}],"event_choices":[{"damage_healed":0.0,"max_hp_gain":5.0,"max_hp_loss":0.0,"gold_gain":0.0,"event_name":"Big Fish","player_choice":"Donut","floor":2.0,"gold_loss":0.0,"damage_taken":0.0},{"damage_healed":0.0,"max_hp_gain":0.0,"max_hp_loss":0.0,"gold_gain":0.0,"event_name":"Shining Light","player_choice":"Entered Light","floor":3.0,"gold_loss":0.0,"damage_taken":16.0,"cards_upgraded":["EnergyRecoil","MysteriousBeam"]},{"damage_healed":0.0,"max_hp_gain":0.0,"max_hp_loss":0.0,"gold_gain":0.0,"event_name":"Upgrade Shrine","player_choice":"Upgraded","floor":4.0,"gold_loss":0.0,"damage_taken":0.0,"cards_upgraded":["EnergyFlow"]},{"damage_healed":0.0,"max_hp_gain":0.0,"max_hp_loss":0.0,"gold_gain":75.0,"event_name":"World of Goop","player_choice":"Gather Gold","floor":8.0,"gold_loss":0.0,"damage_taken":11.0},{"damage_healed":0.0,"max_hp_gain":0.0,"max_hp_loss":0.0,"gold_gain":0.0,"event_name":"Purifier","player_choice":"Ignored","floor":10.0,"gold_loss":0.0,"damage_taken":0.0},{"damage_healed":0.0,"max_hp_gain":0.0,"max_hp_loss":0.0,"gold_gain":0.0,"event_name":"Vampires","player_choice":"Ignored","floor":20.0,"gold_loss":0.0,"damage_taken":0.0},{"damage_healed":0.0,"max_hp_gain":0.0,"max_hp_loss":0.0,"gold_gain":0.0,"cards_transformed":["AlicesGift","SprinkleStarSeal"],"event_name":"Drug Dealer","player_choice":"Became Test Subject","floor":21.0,"gold_loss":0.0,"damage_taken":0.0,"cards_obtained":["MaximisePower","GravityBeat"]},{"damage_healed":0.0,"max_hp_gain":0.0,"max_hp_loss":0.0,"gold_gain":0.0,"event_name":"Masked Bandits","player_choice":"Fought Bandits","floor":27.0,"gold_loss":0.0,"damage_taken":0.0},{"cards_removed":["GravityBeat"],"damage_healed":0.0,"max_hp_gain":0.0,"max_hp_loss":0.0,"gold_gain":0.0,"event_name":"Falling","player_choice":"Removed Attack","floor":36.0,"gold_loss":0.0,"damage_taken":0.0},{"damage_healed":0.0,"max_hp_gain":0.0,"max_hp_loss":0.0,"gold_gain":0.0,"event_name":"Purifier","player_choice":"Ignored","floor":37.0,"gold_loss":0.0,"damage_taken":0.0},{"damage_healed":0,"gold_gain":0,"player_choice":"Embrace Madness","damage_taken":12,"max_hp_gain":0,"max_hp_loss":0,"event_name":"Winding Halls","floor":44,"gold_loss":0,"cards_obtained":["Madness","Madness"]},{"damage_healed":0,"gold_gain":0,"player_choice":"Ignored","damage_taken":0,"max_hp_gain":0,"max_hp_loss":0,"event_name":"OrinTheCat","floor":46,"gold_loss":0},{"damage_healed":0,"gold_gain":0,"player_choice":"Copied","damage_taken":0,"max_hp_gain":0,"max_hp_loss":0,"event_name":"Duplicator","floor":48,"gold_loss":0,"cards_obtained":["EnergyFlow"]}],"is_beta":false,"boss_relics":[{"not_picked":["RampagingMagicTools","Runic Dome"],"picked":"ExperimentalFamiliar"},{"not_picked":["Philosopher\u0027s Stone","SlaversCollar"],"picked":"Calling Bell"}],"items_purged_floors":[7],"is_endless":false,"potions_floor_spawned":[5,6,13,18,23,27,33,39,40,42],"ascension_level":0}}