{"host":"ly20tmf9be7b85hl","time":1610031869,"event":{"mods":["BaseMod","Colored Map","Keyboard Shortcuts","Minty Spire (QoL Compilation)","Permanent Neow","Quick Restart","SuperFastMode"],"gold_per_floor":[109,109,109,136,147,147,175,189,189,216,216,276,182,214,214,288,288,299,90,102,112,125,125,125,125],"floor_reached":24,"playtime":558,"items_purged":["Strike_B"],"score":412,"play_id":"0224c6f3-fa69-4aa2-8de6-10c9826fd2ef","local_time":"20210108000429","is_ascension_mode":true,"campfire_choices":[{"data":"Hyperbeam","floor":6.0,"key":"SMITH"},{"data":"Defragment","floor":11.0,"key":"SMITH"},{"data":"Zap","floor":15.0,"key":"SMITH"},{"data":"Coolheaded","floor":23.0,"key":"SMITH"}],"circlet_count":0,"master_deck":["AscendersBane","Strike_B","Strike_B","Defend_B","Defend_B","Defend_B","Defend_B","Zap+1","Dualcast","Hyperbeam+1","Defragment+1","Capacitor","Coolheaded+1","Redo","Reboot","Steam Power"],"relics":["Cracked Core","CaptainsWheel","Centennial Puzzle","DataDisk","Gambling Chip","Odd Mushroom","Torii","Calipers","Philosopher\u0027s Stone","Membership Card"],"acts_visited":["Exordium","TheCity"],"potions_floor_usage":[],"damage_taken":[{"damage":2.0,"enemies":"Jaw Worm","floor":1.0,"turns":2.0},{"damage":0.0,"enemies":"Small Slimes","floor":5.0,"turns":2.0},{"damage":20.0,"enemies":"Lagavulin","floor":7.0,"turns":7.0},{"damage":0.0,"enemies":"Cultist","floor":8.0,"turns":5.0},{"damage":0.0,"enemies":"The Mushroom Lair","floor":10.0,"turns":1.0},{"damage":3.0,"enemies":"Exordium Wildlife","floor":12.0,"turns":3.0},{"damage":8.0,"enemies":"Gremlin Nob","floor":14.0,"turns":3.0},{"damage":1.0,"enemies":"The Guardian","floor":16.0,"turns":10.0},{"damage":1.0,"enemies":"Spheric Guardian","floor":18.0,"turns":5.0},{"damage":12.0,"enemies":"Shell Parasite","floor":20.0,"turns":6.0},{"damage":0.0,"enemies":"Snecko","floor":21.0,"turns":6.0},{"damage":7.0,"enemies":"Centurion and Healer","floor":22.0,"turns":11.0},{"damage":18,"enemies":"Book of Stabbing","floor":24,"turns":2}],"seed_played":"2351625094704004210","potions_obtained":[{"floor":5.0,"key":"Fire Potion"},{"floor":8.0,"key":"EssenceOfDarkness"},{"floor":10.0,"key":"ColorlessPotion"},{"floor":14.0,"key":"EntropicBrew"},{"floor":20.0,"key":"DuplicationPotion"}],"is_trial":false,"path_per_floor":["M","?","?","T","M","R","E","M","T","?","R","M","?","E","R","B",null,"M","$","M","M","M","R","E"],"character_chosen":"DEFECT","items_purchased":["Membership Card"],"campfire_rested":0,"item_purchase_floors":[19],"current_hp_per_floor":[62,51,44,44,44,44,24,24,24,24,24,21,21,13,13,12,56,55,55,43,43,36,36,18,18],"gold":125,"neow_bonus":"ONE_RANDOM_RARE_CARD","is_daily":false,"chose_seed":false,"campfire_upgraded":4,"win_rate":0.0,"timestamp":1610031869,"path_taken":["M","?","?","?","M","R","E","M","T","?","R","?","?","E","R","BOSS","M","$","M","M","?","R","E"],"items_purchased_type":["Relic"],"build_version":"2020-12-22","purchased_purges":1,"victory":false,"max_hp_per_floor":[71,71,71,71,71,71,71,71,71,71,71,71,71,71,71,71,71,71,71,71,71,71,71,71,71],"card_choices":[{"not_picked":["Rebound","Steam"],"picked":"Defragment","floor":1.0},{"not_picked":["White Noise","Sweeping Beam"],"picked":"Capacitor","floor":5.0},{"not_picked":["Reprogram","Sweeping Beam"],"picked":"Coolheaded","floor":7.0},{"not_picked":["Undo","Conserve Battery","Streamline"],"picked":"SKIP","floor":8.0},{"not_picked":["Gash","Doom and Gloom"],"picked":"Redo","floor":12.0},{"not_picked":["Sweeping Beam","Hello World","Barrage"],"picked":"SKIP","floor":14.0},{"not_picked":["Creative AI","All For One"],"picked":"Reboot","floor":16.0},{"not_picked":["Redo","Leap","Steam"],"picked":"SKIP","floor":18.0},{"not_picked":["Beam Cell","Leap","Rebound"],"picked":"SKIP","floor":20.0},{"not_picked":["Redo","Consume","Beam Cell"],"picked":"SKIP","floor":21.0},{"not_picked":["Lockon","Go for the Eyes"],"picked":"Steam Power","floor":22.0}],"player_experience":846836,"relics_obtained":[{"floor":4.0,"key":"Centennial Puzzle"},{"floor":7.0,"key":"DataDisk"},{"floor":9.0,"key":"Gambling Chip"},{"floor":10.0,"key":"Odd Mushroom"},{"floor":14.0,"key":"Calipers"}],"event_choices":[{"damage_healed":0.0,"max_hp_gain":0.0,"max_hp_loss":0.0,"gold_gain":0.0,"event_name":"Scrap Ooze","player_choice":"Success","floor":2.0,"gold_loss":0.0,"damage_taken":11.0,"relics_obtained":["CaptainsWheel"]},{"cards_removed":["Strike_B"],"damage_healed":0.0,"max_hp_gain":0.0,"max_hp_loss":0.0,"gold_gain":0.0,"event_name":"Golden Wing","player_choice":"Card Removal","floor":3.0,"gold_loss":0.0,"damage_taken":7.0},{"damage_healed":0.0,"max_hp_gain":0.0,"max_hp_loss":0.0,"gold_gain":0.0,"event_name":"Mushrooms","player_choice":"Fought Mushrooms","floor":10.0,"gold_loss":0.0,"damage_taken":0.0},{"damage_healed":0.0,"max_hp_gain":0.0,"max_hp_loss":0.0,"gold_gain":0.0,"event_name":"WeMeetAgain","player_choice":"Paid Gold","floor":13.0,"gold_loss":94.0,"damage_taken":0.0,"relics_obtained":["Torii"]}],"is_beta":false,"boss_relics":[{"not_picked":["SlaversCollar","Runic Pyramid"],"picked":"Philosopher\u0027s Stone"}],"items_purged_floors":[19],"is_endless":false,"potions_floor_spawned":[5,8,10,14,20],"killed_by":"Book of Stabbing","ascension_level":20}}