{"host":"p6s16n2sj7zvsuor","time":1610049416,"event":{"mods":["BaseMod","Minty Spire (QoL Compilation)"],"gold_per_floor":[109,109,209,222,147,147,147,182,207,207,28,52,67,100,100,202,202,220,70,70,70,89,89,89],"floor_reached":23,"playtime":941,"items_purged":["Strike_G","Strike_G","Strike_G"],"score":289,"play_id":"67b00bb2-1f31-4d42-8780-376c3a134d96","local_time":"20210107215656","is_ascension_mode":true,"campfire_choices":[{"data":"Bouncing Flask","floor":6,"key":"SMITH"},{"data":"Leg Sweep","floor":10,"key":"SMITH"},{"data":"Neutralize","floor":15,"key":"SMITH"}],"circlet_count":0,"master_deck":["Defend_G+1","Defend_G+1","Defend_G+1","Defend_G+1","Defend_G+1","Survivor","Neutralize+1","Bouncing Flask+1","Backflip","Leg Sweep+1","Footwork","Noxious Fumes","Night Terror","Dagger Throw+1","Backflip","Deflect"],"relics":["Ring of the Snake","NeowsBlessing","Toy Ornithopter","Blood Vial","Centennial Puzzle","HoveringKite"],"acts_visited":["Exordium","TheCity"],"potions_floor_usage":[14,18,21],"damage_taken":[{"damage":0,"enemies":"Small Slimes","floor":1,"turns":1},{"damage":0,"enemies":"Cultist","floor":4,"turns":1},{"damage":0,"enemies":"Lagavulin","floor":8,"turns":1},{"damage":7,"enemies":"Jaw Worm","floor":13,"turns":2},{"damage":12,"enemies":"3 Sentries","floor":14,"turns":12},{"damage":16,"enemies":"The Guardian","floor":16,"turns":8},{"damage":11,"enemies":"3 Byrds","floor":18,"turns":5},{"damage":0,"enemies":"2 Thieves","floor":21,"turns":1},{"damage":8,"enemies":"Centurion and Healer","floor":22,"turns":9},{"damage":63,"enemies":"Gremlin Leader","floor":23,"turns":4}],"seed_played":"-3094977360889487297","potions_obtained":[{"floor":4,"key":"LiquidMemories"},{"floor":14,"key":"SmokeBomb"},{"floor":16,"key":"SteroidPotion"}],"is_trial":false,"path_per_floor":["M","?","?","M","$","R","?","E","T","R","$","T","M","E","R","B",null,"M","$","?","M","M","E"],"character_chosen":"THE_SILENT","items_purchased":["Footwork","Backflip"],"campfire_rested":0,"item_purchase_floors":[11,19],"current_hp_per_floor":[63,63,63,63,63,63,63,63,63,63,63,63,58,53,53,39,62,58,58,58,65,59,0,0],"gold":89,"neow_bonus":"THREE_ENEMY_KILL","is_daily":false,"chose_seed":false,"campfire_upgraded":3,"win_rate":0.0,"timestamp":1610049416,"path_taken":["M","?","?","?","$","R","?","E","T","R","?","?","M","E","R","BOSS","M","$","?","M","M","E"],"items_purchased_type":["Card","Card"],"build_version":"2020-12-22","purchased_purges":3,"victory":false,"max_hp_per_floor":[70,70,70,70,70,70,70,70,70,70,70,70,70,70,70,70,70,70,70,70,70,70,70,70],"card_choices":[{"not_picked":["PiercingWail","Slice"],"picked":"Bouncing Flask","floor":1},{"not_picked":["Dagger Spray","Deflect"],"picked":"Backflip","floor":4},{"not_picked":["Accuracy","Terror"],"picked":"Leg Sweep","floor":8},{"not_picked":["Blade Dance","Glass Knife","Underhanded Strike"],"picked":"SKIP","floor":13},{"not_picked":["Finisher","Calculated Gamble"],"picked":"Noxious Fumes","floor":14},{"not_picked":["A Thousand Cuts","Grand Finale"],"picked":"Night Terror","floor":16},{"not_picked":["Dash","Bane"],"picked":"Dagger Throw+1","floor":18},{"not_picked":["Leg Sweep","Dodge and Roll"],"picked":"Deflect","floor":22}],"player_experience":783198,"relics_obtained":[{"floor":8,"key":"Toy Ornithopter"},{"floor":9,"key":"Blood Vial"},{"floor":14,"key":"Centennial Puzzle"}],"event_choices":[{"cards_removed":["Strike_G"],"damage_healed":0,"gold_gain":0,"player_choice":"Forget","damage_taken":0,"max_hp_gain":0,"max_hp_loss":0,"event_name":"Living Wall","floor":2,"gold_loss":0},{"damage_healed":0,"gold_gain":100,"player_choice":"Pray","damage_taken":0,"max_hp_gain":0,"max_hp_loss":0,"event_name":"Golden Shrine","floor":3,"gold_loss":0},{"cards_removed":["Strike_G"],"damage_healed":0,"gold_gain":0,"player_choice":"Purged","damage_taken":0,"max_hp_gain":0,"max_hp_loss":0,"event_name":"Purifier","floor":7,"gold_loss":0},{"damage_healed":0,"gold_gain":0,"player_choice":"Simplicity","damage_taken":0,"max_hp_gain":0,"max_hp_loss":0,"event_name":"Back to Basics","floor":20,"gold_loss":0,"cards_upgraded":["Defend_G","Defend_G","Defend_G","Defend_G","Defend_G"]}],"is_beta":false,"boss_relics":[{"not_picked":["Snecko Eye","Empty Cage"],"picked":"HoveringKite"}],"items_purged_floors":[5,11,19],"is_endless":false,"potions_floor_spawned":[4,14,16,21],"killed_by":"Gremlin Leader","ascension_level":6}}