{"host":"j4g6ia6asvpyu2b0","time":1610019553,"event":{"mods":["BaseMod","Colored Map","Minty Spire (QoL Compilation)","Permanent Neow","Quick Restart","Relic Stats","StSLib","Unceasing Turn Reminder"],"gold_per_floor":[114,128,138,138,158,198,198,216,216,291,325,325,61,61,61,190,190,211,234,253,273,289,289,41,41,67,67,98,98,134,134,134],"floor_reached":31,"playtime":1061,"items_purged":["Strike_G","Strike_G"],"score":385,"play_id":"6c8d3c4c-ecf7-4837-acab-8e3b40c3239e","local_time":"20210107043913","is_ascension_mode":true,"campfire_choices":[{"data":"Apotheosis","floor":7,"key":"SMITH"},{"floor":12,"key":"RECALL"},{"data":"Footwork","floor":15,"key":"SMITH"},{"floor":23,"key":"REST"},{"data":"After Image","floor":25,"key":"SMITH"}],"circlet_count":0,"master_deck":["Strike_G","Strike_G","Strike_G","Defend_G","Defend_G","Defend_G","Defend_G","Defend_G","Survivor","Neutralize","Apotheosis+1","Caltrops","Dagger Throw","Backstab","Blade Dance","Flying Knee","Footwork+1","Deadly Poison","After Image+1","Crippling Poison","A Thousand Cuts","PiercingWail+1","Deadly Poison+1","Infinite Blades+1","After Image+1","Catalyst","Well Laid Plans","Blur","PiercingWail+1","Dagger Spray"],"relics":["Ring of the Snake","Golden Idol","Gremlin Horn","Letter Opener","Tiny Chest","Philosopher\u0027s Stone","Nunchaku","Sundial","Blue Candle","Matryoshka","Bag of Marbles"],"acts_visited":["Exordium","TheCity"],"potions_floor_usage":[6,19,28],"damage_taken":[{"damage":0.0,"enemies":"Small Slimes","floor":1.0,"turns":3.0},{"damage":0.0,"enemies":"2 Louse","floor":2.0,"turns":3.0},{"damage":2.0,"enemies":"Cultist","floor":3.0,"turns":4.0},{"damage":4.0,"enemies":"Blue Slaver","floor":5.0,"turns":3.0},{"damage":6,"enemies":"Gremlin Nob","floor":6,"turns":3},{"damage":0,"enemies":"Lots of Slimes","floor":8,"turns":2},{"damage":10,"enemies":"Lagavulin","floor":11,"turns":6},{"damage":6,"enemies":"Hexaghost","floor":16,"turns":8},{"damage":7,"enemies":"Shell Parasite","floor":18,"turns":4},{"damage":0,"enemies":"3 Byrds","floor":19,"turns":3},{"damage":8,"enemies":"Sentry and Sphere","floor":20,"turns":5},{"damage":0,"enemies":"Chosen and Byrds","floor":21,"turns":6},{"damage":8,"enemies":"3 Cultists","floor":22,"turns":5},{"damage":39,"enemies":"Slavers","floor":28,"turns":7},{"damage":2,"enemies":"Book of Stabbing","floor":30,"turns":5},{"damage":2,"enemies":"Cultist and Chosen","floor":31,"turns":1}],"seed_played":"-3953684732775104978","potions_obtained":[{"floor":2.0,"key":"Explosive Potion"},{"floor":6,"key":"DistilledChaos"},{"floor":8,"key":"Weak Potion"},{"floor":21,"key":"Ancient Potion"},{"floor":28,"key":"SmokeBomb"}],"is_trial":false,"path_per_floor":["M","M","M","?","M","E","R","M","T","?","E","R","$","?","R","B",null,"M","M","M","M","M","R","$","R","T","?","E","T","E","M"],"character_chosen":"THE_SILENT","items_purchased":["After Image","Crippling Poison","Well Laid Plans","Blur"],"campfire_rested":1,"item_purchase_floors":[13,13,24,24],"current_hp_per_floor":[63,63,61,58,54,48,48,48,48,37,27,27,27,27,27,21,49,42,42,34,34,26,43,43,43,43,43,4,4,2,0,0],"gold":134,"neow_bonus":"RANDOM_COLORLESS_2","is_daily":false,"chose_seed":false,"campfire_upgraded":3,"win_rate":0.0,"timestamp":1610019553,"path_taken":["M","M","M","?","M","E","R","M","T","?","E","R","$","?","R","BOSS","M","M","?","M","M","R","$","R","T","?","E","?","E","?"],"items_purchased_type":["Card","Card","Card","Card"],"build_version":"2020-12-22","purchased_purges":2,"victory":false,"max_hp_per_floor":[63,63,63,58,58,58,58,58,58,58,58,58,58,58,58,58,58,58,58,58,58,58,58,58,58,58,58,58,58,58,58,58],"relic_stats":{"Nunchaku":[2],"Gremlin Horn":[12,12],"counters":[16,68],"Golden Idol":86,"Sundial":[0],"Blue Candle":[0],"Tiny Chest":1,"Letter Opener":[75],"obtain_stats":[{"Nunchaku":26,"Matryoshka":29,"Gremlin Horn":6,"Golden Idol":4,"Sundial":27,"Blue Candle":28,"Tiny Chest":11,"Philosopher\u0027s Stone":17,"Bag of Marbles":30,"Letter Opener":9,"Ring of the Snake":0},{"Nunchaku":13,"Matryoshka":14,"Gremlin Horn":5,"Golden Idol":3,"Sundial":13,"Blue Candle":14,"Tiny Chest":7,"Philosopher\u0027s Stone":8,"Bag of Marbles":15,"Letter Opener":6,"Ring of the Snake":0},{"Nunchaku":55,"Matryoshka":62,"Gremlin Horn":16,"Golden Idol":10,"Sundial":55,"Blue Candle":62,"Tiny Chest":24,"Philosopher\u0027s Stone":32,"Bag of Marbles":67,"Letter Opener":18,"Ring of the Snake":0}],"Ring of the Snake":[32]},"card_choices":[{"not_picked":["Sadistic Nature","Secret Technique"],"picked":"Apotheosis","floor":0.0},{"not_picked":["Bane","PiercingWail"],"picked":"Caltrops","floor":1.0},{"not_picked":["Prepared","Dodge and Roll"],"picked":"Dagger Throw","floor":2.0},{"not_picked":["Cloak And Dagger","Dodge and Roll"],"picked":"Backstab","floor":3.0},{"not_picked":["Terror","PiercingWail"],"picked":"Blade Dance","floor":5},{"not_picked":["Dagger Throw","Underhanded Strike"],"picked":"Flying Knee","floor":6},{"not_picked":["Cloak And Dagger","Dagger Spray"],"picked":"Footwork","floor":8},{"not_picked":["Poisoned Stab","Dagger Spray"],"picked":"Deadly Poison","floor":11},{"not_picked":["After Image","Glass Knife"],"picked":"A Thousand Cuts","floor":16},{"not_picked":["Blade Dance","Dagger Throw+1"],"picked":"PiercingWail+1","floor":18},{"not_picked":["Finisher","Flying Knee"],"picked":"Deadly Poison+1","floor":19},{"not_picked":["All Out Attack","Deflect"],"picked":"Infinite Blades+1","floor":20},{"not_picked":["Deflect","Dagger Spray+1"],"picked":"After Image","floor":21},{"not_picked":["Quick Slash+1","Infinite Blades"],"picked":"Catalyst","floor":22},{"not_picked":["Blade Dance","Flying Knee"],"picked":"PiercingWail+1","floor":28},{"not_picked":["Deflect","Slice"],"picked":"Dagger Spray","floor":30}],"player_experience":742359,"relics_obtained":[{"floor":6,"key":"Gremlin Horn"},{"floor":9,"key":"Letter Opener"},{"floor":11,"key":"Tiny Chest"},{"floor":26,"key":"Nunchaku"},{"floor":28,"key":"Blue Candle"},{"floor":29,"key":"Matryoshka"},{"floor":30,"key":"Bag of Marbles"}],"event_choices":[{"damage_healed":0.0,"max_hp_gain":0.0,"max_hp_loss":5.0,"gold_gain":0.0,"event_name":"Golden Idol","player_choice":"Lose Max HP","floor":4.0,"gold_loss":0.0,"damage_taken":0.0,"relics_obtained":["Golden Idol"]},{"damage_healed":0,"gold_gain":75,"player_choice":"Gather Gold","damage_taken":11,"max_hp_gain":0,"max_hp_loss":0,"event_name":"World of Goop","floor":10,"gold_loss":0},{"damage_healed":0,"gold_gain":0,"player_choice":"Upgraded","damage_taken":0,"max_hp_gain":0,"max_hp_loss":0,"event_name":"Upgrade Shrine","floor":14,"gold_loss":0,"cards_upgraded":["After Image"]},{"damage_healed":0,"gold_gain":0,"player_choice":"Gave Potion","damage_taken":0,"relics_obtained":["Sundial"],"max_hp_gain":0,"max_hp_loss":0,"event_name":"WeMeetAgain","floor":27,"gold_loss":0}],"is_beta":false,"boss_relics":[{"not_picked":["Busted Crown","HoveringKite"],"picked":"Philosopher\u0027s Stone"}],"items_purged_floors":[13,24],"is_endless":false,"potions_floor_spawned":[2,6,8,21,28],"killed_by":"Cultist and Chosen","ascension_level":7}}