{"host":"6706kntd0vtj8hnw","time":1610025797,"event":{"mods":["Bard","BaseMod","Colored Powertips","Downfall","Hermit","HololiveMod","Hubris","Infinite Spire","KinomotoSakuraMod(????)","Mad Scientist","Marisa????????","Minty Spire (QoL Compilation)","Quick Restart","StSLib","The Blackbeard","The Bladedancer","The Cursed","The Forsaken","The Hierophant","The IronCluck","The Mystic","The Necromancer","The Runesmith","The Senshi","The Wild Card","Waifu the Spire","WarShipGirlsR/????R mod"],"gold_per_floor":[99,116,116,116,135,135,135,150,150,170,170,195,211,228,242,338,338,338,349,360,376,390,390,416,432,432,446,466,466,495,445,460,555,555,555,569,586,586,600,611,611,623,633,33,33,33,33,52,52,52,52],"floor_reached":49,"playtime":3927,"items_purged":["hubris:Sloth"],"score":544,"play_id":"e10069e0-efb5-4182-9867-56aaf02f8c44","local_time":"20210107052317","is_ascension_mode":false,"campfire_choices":[{"data":"Slimebound:CorrosiveSpit","floor":1,"key":"SMITH"},{"data":"Slimebound:SplitBruiser","floor":6,"key":"SMITH"},{"data":"Slimebound:FirmFortitude","floor":9,"key":"SMITH"},{"floor":11,"key":"REST"},{"data":"Slimebound:MassRepurpose","floor":18,"key":"SMITH"},{"data":"Slimebound:SpikyOuterGoop","floor":29,"key":"SMITH"},{"data":"Slimebound:SelfFormingGoo","floor":35,"key":"SMITH"},{"floor":47,"key":"RECALL"}],"circlet_count":0,"master_deck":["Slimebound:Strike_Slimebound+1","Slimebound:Strike_Slimebound+1","Slimebound:Tackle","Slimebound:Defend_Slimebound","Slimebound:Defend_Slimebound","Slimebound:Defend_Slimebound","Slimebound:Defend_Slimebound","Slimebound:Split","Slimebound:CorrosiveSpit+1","Slimebound:SamplingLick+1","Slimebound:SplitBruiser+1","Slimebound:FirmFortitude+1","Slimebound:GoopSpray","Slimebound:LeechEnergy","Slimebound:AcidTongue","Slimebound:RollThrough","Slimebound:LivingWall","Slimebound:MassRepurpose+1","Slimebound:AcidTongue","Slimebound:SlimeSpikes","Slimebound:SpikyOuterGoop+1","Slimebound:Prepare+1","infinitespire:NeuralNetwork","infinitespire:Collect","Slimebound:LeechingTouch","infinitespire:Starlight","Slimebound:SplitMire","Slimebound:LevelUp","Slimebound:Equalize","Slimebound:SelfFormingGoo+1","Slimebound:MassFeed","Slimebound:ViciousTackle","Slimebound:HauntingLick","Slimebound:BestDefense+1","Slimebound:ViciousTackle","Slimebound:RejuvenatingLick","Slimebound:LeadByExample+1","Slimebound:SlimeSpikes","Panache","Slimebound:SelfFormingGoo","Decay","Slimebound:ProtectTheBoss","Slimebound:Gluttony+1"],"relics":["Slimebound:AbsorbEndCombat","Letter Opener","Lizard Tail","Coffee Dripper","TungstenRod","Orichalcum","theForsaken:PaleLantern","StoneCalendar","Centennial Puzzle","infinitespire:Lucky Rock","hubris:DeckOfHolding"],"acts_visited":["Exordium","TheCity","TheBeyond"],"potions_floor_usage":[5,16,16,16,22,25,27,39,44,48,48,49],"damage_taken":[{"damage":11,"enemies":"Cultist","floor":2,"turns":3},{"damage":4,"enemies":"Jaw Worm","floor":5,"turns":2},{"damage":21,"enemies":"infinitespire:Voidling","floor":8,"turns":3},{"damage":20,"enemies":"Large Slime","floor":10,"turns":5},{"damage":38,"enemies":"Gremlin Nob","floor":12,"turns":4},{"damage":12,"enemies":"Blue Slaver","floor":13,"turns":2},{"damage":32,"enemies":"Exordium Thugs","floor":14,"turns":3},{"damage":10,"enemies":"3 Louse","floor":15,"turns":2},{"damage":35,"enemies":"downfall:Watcher","floor":16,"turns":8},{"damage":20,"enemies":"Chosen","floor":19,"turns":5},{"damage":14,"enemies":"Spheric Guardian","floor":20,"turns":4},{"damage":68,"enemies":"Centurion and Healer","floor":21,"turns":9},{"damage":3,"enemies":"3 Cultists","floor":22,"turns":5},{"damage":12,"enemies":"Snake Plant","floor":25,"turns":4},{"damage":11,"enemies":"Cultist and Chosen","floor":27,"turns":5},{"damage":22,"enemies":"Shelled Parasite and Fungi","floor":28,"turns":5},{"damage":38,"enemies":"Book of Stabbing","floor":30,"turns":5},{"damage":13,"enemies":"Centurion and Healer","floor":32,"turns":6},{"damage":22,"enemies":"downfall:Ironclad","floor":33,"turns":8},{"damage":39,"enemies":"3 Darklings","floor":36,"turns":5},{"damage":21,"enemies":"Orb Walker","floor":37,"turns":4},{"damage":12,"enemies":"Sphere and 2 Shapes","floor":39,"turns":4},{"damage":62,"enemies":"Spire Growth","floor":40,"turns":6},{"damage":10,"enemies":"4 Shapes","floor":42,"turns":5},{"damage":45,"enemies":"Transient","floor":43,"turns":5},{"damage":0,"enemies":"downfall:FleeingMerchant","floor":44,"turns":4},{"damage":36,"enemies":"Jaw Worm Horde","floor":48,"turns":5},{"damage":22,"enemies":"Writhing Mass","floor":49,"turns":3}],"seed_played":"4465475499741680765","potions_obtained":[{"floor":2,"key":"Slimebound:ThreeZeroPotion"},{"floor":13,"key":"BlessingOfTheForge"},{"floor":14,"key":"sneckomod:MuddlingPotion"},{"floor":15,"key":"champ:CounterPotion"},{"floor":21,"key":"Guardian:BlockOnCardUsePotion"},{"floor":22,"key":"Slimebound:SpawnSlimePotion"},{"floor":25,"key":"AttackPotion"},{"floor":33,"key":"SkillPotion"},{"floor":36,"key":"sneckomod:MuddlingPotion"},{"floor":43,"key":"Dexterity Potion"},{"floor":48,"key":"Slimebound:SlimedPotion"}],"is_trial":false,"path_per_floor":["R","M","?","?","M","R","T","M","R","M","R","E","M","M","M","B",null,"R","M","M","M","M","AVR","T","M","?","M","M","R","E","?","M","B",null,"R","M","M","?","M","M","T","M","M","$","?","AVR","R","M","M"],"character_chosen":"SLIMEBOUND","items_purchased":["Panache","Centennial Puzzle","infinitespire:Lucky Rock","Slimebound:SlimedPotion","Fire Potion"],"campfire_rested":1,"item_purchase_floors":[44,44,44,44,44],"current_hp_per_floor":[66,61,61,61,65,65,65,52,52,44,63,30,22,61,59,44,66,66,52,48,6,21,21,21,35,20,40,50,50,45,66,66,66,66,66,42,55,55,61,23,23,42,33,41,41,41,41,15,0,0,0],"gold":52,"neow_bonus":"TEN_PERCENT_HP_BONUS","is_daily":false,"chose_seed":false,"campfire_upgraded":6,"win_rate":0.0,"timestamp":1610025797,"path_taken":["R","M","?","?","?","R","T","?","R","M","R","E","M","M","M","BOSS","R","M","M","M","M","AVR","T","M","?","M","M","R","E","?","M","BOSS","R","M","M","?","M","M","T","M","M","?","?","AVR","R","?","M"],"items_purchased_type":["Card","Relic","Relic","Potion","Potion"],"build_version":"2020-12-22","purchased_purges":1,"victory":false,"max_hp_per_floor":[66,66,66,66,66,66,66,66,66,66,66,66,66,66,66,66,66,66,66,66,66,66,66,66,66,66,66,66,66,66,66,66,66,66,66,66,70,70,73,73,73,76,76,76,76,76,76,76,76,76,76],"card_choices":[{"not_picked":["Slimebound:RollThrough","Slimebound:GoopSpray"],"picked":"Slimebound:SamplingLick","floor":2},{"not_picked":["Slimebound:Equalize","Slimebound:TongueLash"],"picked":"Slimebound:SplitBruiser","floor":5},{"not_picked":["Slimebound:SplitLeeching","Slimebound:FinishingTackle"],"picked":"Slimebound:FirmFortitude","floor":8},{"not_picked":["Slimebound:FinishingTackle","Slimebound:Prepare"],"picked":"Slimebound:GoopSpray","floor":10},{"not_picked":["Slimebound:LeechingTouch","Slimebound:SplitAcid"],"picked":"Slimebound:LeechEnergy","floor":12},{"not_picked":["Slimebound:LevelUp","Slimebound:SplitBruiser"],"picked":"Slimebound:AcidTongue","floor":13},{"not_picked":["Slimebound:FirmFortitude","Slimebound:Repurpose"],"picked":"Slimebound:RollThrough","floor":14},{"not_picked":["Slimebound:Dissolve","Slimebound:SplitBruiser"],"picked":"Slimebound:LivingWall","floor":15},{"not_picked":["Slimebound:SelfFormingGoo","Slimebound:Overexert"],"picked":"Slimebound:MassRepurpose","floor":16},{"not_picked":["Slimebound:ViciousTackle","Slimebound:RollThrough"],"picked":"Slimebound:AcidTongue","floor":19},{"not_picked":["Slimebound:Prepare","Slimebound:SplitLeeching"],"picked":"Slimebound:SlimeSpikes","floor":20},{"not_picked":["Slimebound:Schlurp","Slimebound:SplitLeeching+1"],"picked":"Slimebound:SpikyOuterGoop","floor":21},{"not_picked":["Slimebound:GoopSpray","Slimebound:SplitMire"],"picked":"Slimebound:Prepare+1","floor":22},{"not_picked":["Slimebound:SlimeSlap","Slimebound:PressTheAttack"],"picked":"Slimebound:LeechingTouch","floor":25},{"not_picked":["infinitespire:UltimateForm","hubris:Fate"],"picked":"infinitespire:Starlight","floor":26},{"not_picked":["Slimebound:RollThrough+1","Slimebound:SplitBruiser"],"picked":"Slimebound:SplitMire","floor":27},{"not_picked":["Slimebound:Prepare","Slimebound:RollThrough"],"picked":"Slimebound:LevelUp","floor":28},{"not_picked":["Slimebound:FinishingTackle","Slimebound:RollThrough"],"picked":"Slimebound:Equalize","floor":30},{"not_picked":["Slimebound:LeechingTouch+1","Slimebound:GrowthPunch"],"picked":"Slimebound:SelfFormingGoo","floor":32},{"not_picked":["Slimebound:SelfFormingGoo","Slimebound:Teamwork"],"picked":"Slimebound:MassFeed","floor":33},{"not_picked":["Slimebound:LeechingTouch+1","Slimebound:SplitBruiser"],"picked":"Slimebound:ViciousTackle","floor":36},{"not_picked":["Slimebound:GoopSpray+1","Slimebound:SplitLeeching"],"picked":"Slimebound:HauntingLick","floor":37},{"not_picked":["Slimebound:SlimeSpikes","Slimebound:FirmFortitude+1"],"picked":"Slimebound:BestDefense+1","floor":39},{"not_picked":["Slimebound:LivingWall+1","Slimebound:Equalize+1"],"picked":"Slimebound:ViciousTackle","floor":40},{"not_picked":["Slimebound:PressTheAttack+1","Slimebound:LeechEnergy"],"picked":"Slimebound:RejuvenatingLick","floor":42},{"not_picked":["Slimebound:PressTheAttack+1","Slimebound:SplitMire+1"],"picked":"Slimebound:LeadByExample+1","floor":43},{"not_picked":["Slimebound:MassRepurpose","Slimebound:PressTheAttack+1"],"picked":"Slimebound:SlimeSpikes","floor":44},{"not_picked":["Slimebound:Equalize+1","Slimebound:SamplingLick+1"],"picked":"Slimebound:Gluttony+1","floor":48}],"player_experience":252934,"relics_obtained":[{"floor":7,"key":"Letter Opener"},{"floor":12,"key":"Lizard Tail"},{"floor":30,"key":"Orichalcum"},{"floor":41,"key":"StoneCalendar"}],"event_choices":[{"damage_healed":0,"gold_gain":0,"cards_transformed":["Regret"],"player_choice":"Transformed","damage_taken":0,"max_hp_gain":0,"max_hp_loss":0,"event_name":"Transmorgrifier","floor":4,"gold_loss":0,"cards_obtained":["hubris:Sloth"]},{"cards_removed":["Slimebound:Strike_Slimebound"],"damage_healed":0,"gold_gain":0,"player_choice":"Card Removal","damage_taken":0,"max_hp_gain":0,"max_hp_loss":0,"event_name":"Wheel of Change","floor":38,"gold_loss":0}],"is_beta":false,"boss_relics":[{"not_picked":["hubris:BlackHole","infinitespire:Cupcake"],"picked":"Coffee Dripper"},{"not_picked":["Hololive_TopUpMoneyS","hubris:GrandSneckoEye"],"picked":"theForsaken:PaleLantern"}],"items_purged_floors":[23],"is_endless":false,"potions_floor_spawned":[2,13,14,15,21,22,25,33,36,43,48],"killed_by":"Writhing Mass","ascension_level":0}}