{"host":"kabf61oc9jgfwufg","time":1610037887,"event":{"mods":["AchievementEnabler","Act Like it!","Aspiration","BaseMod","Conspire","GifTheSpireLib","Halation","HexUI Lib","Hubris","Infinite Spire","Minty Spire (QoL Compilation)","Quick Restart","Rare Cards Sparkle","Replay The Spire","Shop Mod","StSLib","Waifu the Spire"],"gold_per_floor":[115,115,190,207,53,53,85,98,98,110,125,144,94,94,94,198,198,215,235,235,249,259,284,284,284,284,284,209,209,222,235,235,235,235],"floor_reached":33,"playtime":1121,"items_purged":["Regret","Defend_B"],"score":269,"play_id":"d73d6dbe-e338-4b83-96e7-fd933aa99fc7","local_time":"20210107164447","is_ascension_mode":false,"campfire_choices":[{"data":"Replay:Dark Deal","floor":6,"key":"SMITH"},{"data":"Scrape","floor":15,"key":"SMITH"},{"data":"Gash","floor":24,"key":"SMITH"},{"data":"Gash","floor":29,"key":"SMITH"},{"data":"Beam Cell","floor":32,"key":"SMITH"}],"circlet_count":0,"master_deck":["Strike_B","Strike_B","Defend_B","Defend_B","Zap","Dualcast","Replay:Dark Deal+1","Gash+1","Reinforced Body+1","Beam Cell+1","Gash+1","Scrape+1","Double Energy+1","CurseOfTheBell","Beam Cell+1"],"relics":["Cracked Core","ReplayTheSpireMod:CursedCoin","Chemical X","Incense Burner","Snack Pack","Empty Cage","Guide Book","Calling Bell","infinitespire:Lychee Nut","hubris:Reverence","Replay:Mystery Machine","Oddly Smooth Stone","aspiration:FrozenJewel"],"acts_visited":["Exordium","TheCity"],"potions_floor_usage":[16,16,33,33,33],"damage_taken":[{"damage":0,"enemies":"2 Louse","floor":1,"turns":2},{"damage":2,"enemies":"Cultist","floor":4,"turns":5},{"damage":14,"enemies":"Gremlin Nob","floor":7,"turns":4},{"damage":2,"enemies":"Jaw Worm","floor":8,"turns":3},{"damage":7,"enemies":"Gremlin Gang","floor":10,"turns":4},{"damage":0,"enemies":"2 Fungi Beasts","floor":11,"turns":3},{"damage":0,"enemies":"Blue Slaver","floor":12,"turns":2},{"damage":40,"enemies":"The Guardian","floor":16,"turns":9},{"damage":0,"enemies":"Shell Parasite","floor":18,"turns":1},{"damage":9,"enemies":"2 Thieves","floor":19,"turns":5},{"damage":0,"enemies":"Snecko","floor":21,"turns":1},{"damage":9,"enemies":"Centurion and Healer","floor":22,"turns":7},{"damage":25,"enemies":"Nightmare","floor":23,"turns":10},{"damage":18,"enemies":"Sentry and Sphere","floor":30,"turns":6},{"damage":14,"enemies":"Snake Plant","floor":31,"turns":4},{"damage":61,"enemies":"Champ","floor":33,"turns":8}],"seed_played":"-949568303905287427","potions_obtained":[{"floor":1,"key":"BlessingOfTheForge"},{"floor":7,"key":"SteroidPotion"},{"floor":12,"key":"Toxic Potion"},{"floor":16,"key":"Dexterity Potion"},{"floor":21,"key":"SteroidPotion"}],"is_trial":false,"path_per_floor":["M","?","$","M","$","R","E","M","T","M","M","M","?","?","R","B",null,"M","M","AVR","M","M","NM","R","?","T","?","?","R","M","M","R","B"],"character_chosen":"DEFECT","items_purchased":["ReplayTheSpireMod:CursedCoin","Chemical X"],"campfire_rested":0,"item_purchase_floors":[3,5],"current_hp_per_floor":[75,75,75,73,73,73,59,57,57,52,54,58,58,66,66,36,75,75,68,56,56,51,40,40,40,40,40,40,40,32,28,28,0,0],"gold":235,"neow_bonus":"RANDOM_COLORLESS_2","is_daily":false,"chose_seed":false,"campfire_upgraded":5,"win_rate":0.0,"timestamp":1610037887,"path_taken":["M","?","$","M","?","R","E","M","T","M","?","M","?","?","R","BOSS","M","M","AVR","M","M","NM","R","?","T","?","?","R","M","M","R","BOSS"],"items_purchased_type":["Relic","Relic"],"build_version":"2020-12-22","purchased_purges":2,"victory":false,"max_hp_per_floor":[75,75,75,75,75,75,75,75,75,75,75,75,75,75,75,75,75,75,75,56,56,56,56,56,56,56,56,56,56,56,56,56,56,56],"card_choices":[{"not_picked":["Sadistic Nature","ReplayUltimateDefense"],"picked":"Replay:Dark Deal","floor":0},{"not_picked":["Streamline","Steam"],"picked":"Gash","floor":1},{"not_picked":["Hologram","conspire:Rain","Compile Driver"],"picked":"SKIP","floor":4},{"not_picked":["Reboot","Hello World"],"picked":"Beam Cell","floor":7},{"not_picked":["Streamline","ReplayTheSpireMod:Dual Polarity"],"picked":"Gash","floor":8},{"not_picked":["Compile Driver","Sweeping Beam","White Noise"],"picked":"SKIP","floor":10},{"not_picked":["Beam Cell","Auto Shields"],"picked":"Scrape","floor":11},{"not_picked":["Sweeping Beam","Compile Driver"],"picked":"Double Energy","floor":12},{"not_picked":["Darkness+1","Steam Power","Conserve Battery"],"picked":"SKIP","floor":18},{"not_picked":["Doom and Gloom+1","Lockon+1","Auto Shields"],"picked":"SKIP","floor":19},{"not_picked":["Doom and Gloom","Leap","conspire:Rain"],"picked":"SKIP","floor":21},{"not_picked":["White Noise","Crystallizer","Conserve Battery"],"picked":"SKIP","floor":22},{"not_picked":["Panic Button+1","hubris:Prefetch","Stack+1"],"picked":"SKIP","floor":23},{"not_picked":["Sweeping Beam+1","Cold Snap","Compile Driver"],"picked":"SKIP","floor":30},{"not_picked":["Leap+1","Crystallizer"],"picked":"Beam Cell","floor":31}],"player_experience":65584,"relics_obtained":[{"floor":7,"key":"Incense Burner"},{"floor":9,"key":"Snack Pack"},{"floor":20,"key":"infinitespire:Lychee Nut"},{"floor":20,"key":"hubris:Reverence"},{"floor":20,"key":"Replay:Mystery Machine"},{"floor":23,"key":"Oddly Smooth Stone"},{"floor":26,"key":"aspiration:FrozenJewel"}],"event_choices":[{"damage_healed":0,"gold_gain":0,"cards_transformed":["Strike_P"],"player_choice":"Transformed","damage_taken":0,"max_hp_gain":0,"max_hp_loss":0,"event_name":"Transmorgrifier","floor":2,"gold_loss":0,"cards_obtained":["Reinforced Body"]},{"cards_removed":["Strike_B"],"damage_healed":0,"gold_gain":0,"player_choice":"Card Removal","damage_taken":0,"max_hp_gain":0,"max_hp_loss":0,"event_name":"The Cleric","floor":13,"gold_loss":50},{"cards_removed":["Defend_B"],"damage_healed":0,"gold_gain":0,"player_choice":"Gave Gold","damage_taken":0,"max_hp_gain":0,"max_hp_loss":0,"event_name":"Beggar","floor":28,"gold_loss":75}],"is_beta":false,"boss_relics":[{"not_picked":["Busted Crown","FrozenCore"],"picked":"Empty Cage"}],"items_purged_floors":[3,20],"is_endless":true,"potions_floor_spawned":[1,7,12,16,21,23,30],"killed_by":"Champ","ascension_level":0}}