{"host":"ig7tc0uedzltt2sr","time":1610005741,"event":{"mods":["BaseMod","Better Twitch Integration","Block Reminder","Colored Map","Colored Powertips","Communication Mod","Current Relic Mod","GifTheSpireLib","HexUI Lib","Minty Spire (QoL Compilation)","Quick Restart","Random Character Button","Rare Cards Sparkle","Relic Sorter","Relic Stats","Slay the Relics Exporter","StSLib","SuperFastMode","Synergy Search","Twitch Decklist","Twitch Utils","everything is the same but u backflip on backflip","slay the spire mod where everything is the same but ironclad has a cowboy hat"],"gold_per_floor":[114,114,124,134,89,89,89,89],"floor_reached":7,"playtime":109,"items_purged":[],"score":41,"play_id":"32af8a2d-5968-49d1-8451-3422f69b2f92","local_time":"20210106234901","is_ascension_mode":false,"campfire_choices":[{"floor":6,"key":"REST"}],"circlet_count":0,"master_deck":["Strike_R","Strike_R","Strike_R","Strike_R","Strike_R","Defend_R","Defend_R","Defend_R","Defend_R","Bash","Body Slam","Offering","Pommel Strike","Dual Wield"],"relics":["Burning Blood"],"acts_visited":["Exordium"],"potions_floor_usage":[],"damage_taken":[{"damage":5,"enemies":"Small Slimes","floor":1,"turns":7},{"damage":22,"enemies":"Jaw Worm","floor":3,"turns":12},{"damage":10,"enemies":"2 Louse","floor":4,"turns":4},{"damage":8,"enemies":"Looter","floor":5,"turns":5},{"damage":91,"enemies":"3 Sentries","floor":7,"turns":12}],"seed_played":"-2749964781062260034","potions_obtained":[{"floor":1,"key":"ElixirPotion"}],"is_trial":false,"path_per_floor":["M","$","M","M","M","R","E"],"character_chosen":"IRONCLAD","items_purchased":[],"campfire_rested":1,"item_purchase_floors":[],"current_hp_per_floor":[88,88,72,68,66,88,0,0],"gold":89,"neow_bonus":"TEN_PERCENT_HP_BONUS","is_daily":false,"chose_seed":false,"campfire_upgraded":0,"win_rate":0.0,"timestamp":1610005741,"path_taken":["M","$","M","M","M","R","E"],"items_purchased_type":[],"build_version":"2020-12-22","purchased_purges":0,"victory":false,"max_hp_per_floor":[88,88,88,88,88,88,88,88],"relic_stats":{"counters":[5,40],"obtain_stats":[{"Burning Blood":0},{"Burning Blood":0},{"Burning Blood":0}],"Burning Blood":23},"card_choices":[{"not_picked":["Perfected Strike","Armaments"],"picked":"Body Slam","floor":1},{"not_picked":["Rupture","Sever Soul"],"picked":"Offering","floor":3},{"not_picked":["Cleave","Clothesline"],"picked":"Pommel Strike","floor":4},{"not_picked":["Uppercut","Second Wind"],"picked":"Dual Wield","floor":5}],"player_experience":1454162,"relics_obtained":[],"event_choices":[],"is_beta":false,"boss_relics":[],"items_purged_floors":[],"is_endless":false,"potions_floor_spawned":[1],"killed_by":"3 Sentries","ascension_level":0}}