{"host":"dowi7cgbhepuzvpj","time":1610038107,"event":{"mods":["AchievementEnabler","BaseMod","Colored Map","Highlight Path","Keyboard Shortcuts","Minty Spire (QoL Compilation)","Permanent Neow","Quick Restart","StSLib","SuperFastMode"],"gold_per_floor":[116,132,132,148,167,193,193,193,193,225,225,237,237,248,248,319,319,339,264,63,74,124,124,151,151,151],"floor_reached":25,"playtime":552,"items_purged":["Strike_G"],"score":448,"play_id":"20027d45-aa27-4ff2-b9ef-2a336045d762","local_time":"20210108014827","is_ascension_mode":true,"campfire_choices":[{"data":"Crippling Poison","floor":8,"key":"SMITH"},{"floor":15,"key":"REST"},{"data":"Burst","floor":23,"key":"SMITH"}],"circlet_count":0,"master_deck":["AscendersBane","Strike_G","Strike_G","Defend_G","Defend_G","Defend_G","Defend_G","Defend_G","Survivor","Neutralize","Crippling Poison+1","Bouncing Flask","Burst","PiercingWail","Bane","Burst+1","Catalyst","Corpse Explosion","Acrobatics","Noxious Fumes","Deadly Poison"],"relics":["Philosopher\u0027s Stone","Pen Nib","Oddly Smooth Stone","Shuriken","HoveringKite","Ninja Scroll"],"acts_visited":["Exordium","TheCity"],"potions_floor_usage":[16,24,24],"damage_taken":[{"damage":0.0,"enemies":"Small Slimes","floor":1.0,"turns":4.0},{"damage":0.0,"enemies":"2 Louse","floor":2.0,"turns":3.0},{"damage":1.0,"enemies":"Jaw Worm","floor":4.0,"turns":4.0},{"damage":9.0,"enemies":"2 Fungi Beasts","floor":5.0,"turns":5.0},{"damage":31.0,"enemies":"Gremlin Nob","floor":6.0,"turns":4.0},{"damage":5,"enemies":"Lagavulin","floor":10,"turns":5},{"damage":9,"enemies":"Exordium Wildlife","floor":12,"turns":3},{"damage":0,"enemies":"3 Louse","floor":14,"turns":3},{"damage":4,"enemies":"Hexaghost","floor":16,"turns":8},{"damage":0,"enemies":"Spheric Guardian","floor":18,"turns":2},{"damage":24,"enemies":"Chosen","floor":21,"turns":6},{"damage":26,"enemies":"Slavers","floor":24,"turns":4},{"damage":17,"enemies":"Shelled Parasite and Fungi","floor":25,"turns":2}],"seed_played":"-3040559453000893982","potions_obtained":[{"floor":1.0,"key":"EssenceOfSteel"},{"floor":2.0,"key":"Fire Potion"},{"floor":6.0,"key":"BlessingOfTheForge"},{"floor":16,"key":"PowerPotion"}],"is_trial":false,"path_per_floor":["M","M","?","M","M","E","?","R","T","E","?","M","?","M","R","B",null,"M","?","$","M","?","R","E","M"],"character_chosen":"THE_SILENT","items_purchased":["Acrobatics","Noxious Fumes"],"campfire_rested":1,"item_purchase_floors":[20,20],"current_hp_per_floor":[59,59,59,58,49,18,18,18,18,13,13,4,4,4,23,19,54,54,54,54,30,30,30,4,0,0],"gold":151,"neow_bonus":"BOSS_RELIC","is_daily":false,"chose_seed":false,"campfire_upgraded":2,"win_rate":0.0,"timestamp":1610038107,"path_taken":["M","M","?","M","M","E","?","R","T","E","?","M","?","M","R","BOSS","M","?","$","M","?","R","E","M"],"items_purchased_type":["Card","Card"],"build_version":"2020-12-22","purchased_purges":1,"victory":false,"max_hp_per_floor":[66,66,66,66,66,66,66,66,66,66,66,66,66,66,66,66,66,66,66,66,66,66,66,66,66,66],"card_choices":[{"not_picked":["Heel Hook","Slice"],"picked":"Crippling Poison","floor":1.0},{"not_picked":["Bane","Flying Knee"],"picked":"Bouncing Flask","floor":2.0},{"not_picked":["Deflect","Cloak And Dagger"],"picked":"PiercingWail","floor":4.0},{"not_picked":["Cloak And Dagger","Backflip"],"picked":"Bane","floor":5.0},{"not_picked":["Outmaneuver","Tactician","Flying Knee"],"picked":"SKIP","floor":6.0},{"not_picked":["Dagger Spray","Blade Dance","Quick Slash"],"picked":"SKIP","floor":10},{"not_picked":["Dagger Spray","Blade Dance","Quick Slash"],"picked":"SKIP","floor":10},{"not_picked":["Slice","Caltrops"],"picked":"Burst","floor":12},{"not_picked":["Flying Knee","Endless Agony"],"picked":"Catalyst","floor":14},{"not_picked":["Envenom","Phantasmal Killer"],"picked":"Corpse Explosion","floor":16},{"not_picked":["Flying Knee","Caltrops","Finisher"],"picked":"SKIP","floor":18},{"not_picked":["Backflip","Leg Sweep"],"picked":"Deadly Poison","floor":21},{"not_picked":["Underhanded Strike","Poisoned Stab","Slice"],"picked":"SKIP","floor":24}],"player_experience":770938,"relics_obtained":[{"floor":6.0,"key":"Pen Nib"},{"floor":9,"key":"Oddly Smooth Stone"},{"floor":10,"key":"Shuriken"},{"floor":24,"key":"Ninja Scroll"}],"event_choices":[{"damage_healed":0.0,"max_hp_gain":0.0,"max_hp_loss":0.0,"gold_gain":0.0,"cards_transformed":["Strike_G"],"event_name":"Living Wall","player_choice":"Change","floor":3.0,"gold_loss":0.0,"damage_taken":0.0,"cards_obtained":["Burst"]},{"damage_healed":0,"gold_gain":0,"player_choice":"Searched \u00270\u0027 times","damage_taken":0,"max_hp_gain":0,"max_hp_loss":0,"event_name":"Dead Adventurer","floor":7,"gold_loss":0},{"damage_healed":0,"gold_gain":0,"player_choice":"Ignored","damage_taken":0,"max_hp_gain":0,"max_hp_loss":0,"event_name":"Shining Light","floor":11,"gold_loss":0},{"damage_healed":0,"gold_gain":0,"player_choice":"Ignored","damage_taken":0,"max_hp_gain":0,"max_hp_loss":0,"event_name":"Liars Game","floor":13,"gold_loss":0},{"cards_removed":["Strike_G"],"damage_healed":0,"gold_gain":0,"player_choice":"Gave Gold","damage_taken":0,"max_hp_gain":0,"max_hp_loss":0,"event_name":"Beggar","floor":19,"gold_loss":75},{"damage_healed":0,"gold_gain":50,"player_choice":"Stole From Cult","damage_taken":0,"max_hp_gain":0,"max_hp_loss":0,"event_name":"Nest","floor":22,"gold_loss":0}],"is_beta":false,"boss_relics":[{"not_picked":["Fusion Hammer","WristBlade"],"picked":"HoveringKite"}],"items_purged_floors":[20],"is_endless":false,"potions_floor_spawned":[1,2,6,12,16],"killed_by":"Shelled Parasite and Fungi","ascension_level":15}}