{"host":"9eiowk8mxro5m2sz","time":1610021878,"event":{"mods":["ATMod(阿瑾Mod)","Act Like it!","Alarm Clock","Arknights The Spire","BaseMod","CapriCore","Decade(王小明)","Friendly Minions","Gensokyo","Kiyohime（清姬）","LagranYue(拉格朗・月)","Luminous","Minty Spire (QoL Compilation)","Prisma Mod","Quick Restart","Reimu（博丽灵梦）","Relic Stats","Replay The Spire","StSLib","The Alterego","The Immortal","The Servant 0.9.4","WarShipGirlsR/战舰少女R mod","Yakumo Yukari mod","Yohane!","Youmu（魂魄妖梦）","Yuri Mod","Yuyuko","【遗物卡牌】REMEMod"],"gold_per_floor":[110,175,175,175,186,221,275,380,380,435,435,435,385,455,455,627,627,663,663,603,603,694,694,794,859,859,260,367,455,510,668,668,840,840,932,295,21,21,61,194,194,309,309,401,458,458,458,101,101,126],"floor_reached":51,"playtime":1986,"items_purged":["ats:Directed Diagnosis+1","ats:Strike G","ats:Defend","ats:Defend"],"score":912,"play_id":"92b390af-0c7d-4e99-8b75-acd5dd6571e5","local_time":"20210107201758","daily_mods":["Heirloom","Time Dilation","Flight"],"is_ascension_mode":false,"campfire_choices":[{"data":"ats:Ambush","floor":11,"key":"SMITH"},{"data":"ats:Encircling Forest","floor":12,"key":"SMITH"},{"data":"ats:Emotion Absorption","floor":15,"key":"SMITH"},{"data":"HeavenSword","floor":23,"key":"SMITH"},{"data":"ats:Flexible Camouflage","floor":32,"key":"SMITH"},{"data":"ats:Neurotoxin","floor":41,"key":"SMITH"},{"data":"ats:Thorns","floor":46,"key":"SMITH"},{"data":"ats:Explosion Area Strengthen","floor":47,"key":"SMITH"}],"circlet_count":0,"master_deck":["ats:Strike S","ats:Armor Crushing Shot","ats:Defend","ats:Defend","ats:Emotion Absorption+1","AT_ShrugMaster+1","HeavenSword+1","ats:Apocalypse","ats:Apocalypse","ats:Apocalypse","ats:Revitalization","ats:Explosion Area Strengthen+1","ats:Explosion Area Strengthen","ats:Encircling Forest+1","ats:Blood Oath","ats:Assault Order","ats:Curse Doll","ats:Ambush+1","ats:Curse Doll","ats:Flexible Camouflage+1","ats:Soul Rend+1","ats:Thorns+1","ats:Apocalypse+1","ats:Neurotoxin+1","ats:Healing Drone+1","ats:Part Time Job+1","ats:Defend Order+1","AT_ShrugMaster+1"],"relics":["ats:Sanity","REME_ComplimentaryCards","AT_ATBox","Replay:Towering Pillar of Hats","AT_SunfireAegis","ats:Originium","AT_MibuBalloonWealth","Bottled Flame","Pen Nib","Ancient Tea Set","Unceasing Top","ats:Omniscience","Replay:WaspNest","AT_ImmortalShieldbow","ats:Ability Aura","ats:Defend","Bottled Lightning","ReplayTheSpireMod:TigerMarble","AT_ChloranthyRing","LagranYue:WskJewelryRelic","Pantograph","AT_BladeRuinedKing","Iron Hammer","Tea:ReiMu","ats:Military Tradition","DollysMirror"],"acts_visited":["Exordium","TheCity","TheBeyond"],"potions_floor_usage":[50,50],"damage_taken":[{"damage":2,"enemies":"Cultist","floor":1,"turns":5},{"damage":9,"enemies":"Small Slimes","floor":5,"turns":4},{"damage":15,"enemies":"3 Sentries","floor":6,"turns":5},{"damage":9,"enemies":"Gremlin Nob","floor":7,"turns":4},{"damage":10,"enemies":"3 Sentries","floor":8,"turns":4},{"damage":5,"enemies":"Gremlin Nob","floor":10,"turns":4},{"damage":0,"enemies":"2 Louse","floor":14,"turns":2},{"damage":0,"enemies":"Slime Boss","floor":16,"turns":6},{"damage":0,"enemies":"Spheric Guardian","floor":18,"turns":4},{"damage":11,"enemies":"3 Byrds","floor":22,"turns":5},{"damage":10,"enemies":"Shelled Parasite and Fungi","floor":25,"turns":4},{"damage":24,"enemies":"Slavers","floor":28,"turns":4},{"damage":4,"enemies":"3 Cultists","floor":29,"turns":4},{"damage":4,"enemies":"Replay:Snechameleon","floor":30,"turns":5},{"damage":0,"enemies":"Gremlin Leader","floor":31,"turns":5},{"damage":0,"enemies":"Collector","floor":33,"turns":5},{"damage":0,"enemies":"3 Shapes","floor":35,"turns":4},{"damage":0,"enemies":"Orb Walker","floor":39,"turns":4},{"damage":74,"enemies":"Reptomancer","floor":40,"turns":4},{"damage":8,"enemies":"4 Shapes","floor":42,"turns":3},{"damage":7,"enemies":"Sphere and 2 Shapes","floor":44,"turns":5},{"damage":0,"enemies":"Giant Head","floor":45,"turns":7},{"damage":3,"enemies":"Replay:Hell Engine","floor":50,"turns":7}],"seed_played":"-7021030191362677416","potions_obtained":[{"floor":2,"key":"LiquidBronze"},{"floor":5,"key":"ZuzhouPotion:ReiMu"},{"floor":6,"key":"Ancient Potion"},{"floor":10,"key":"Strength Potion"}],"is_trial":true,"path_per_floor":["M","?","?","?","M","E","E","E","T","E","R","R","?","M","R","B",null,"M","?","?","?","M","R","?","M","T","$","E","M","E","E","R","B",null,"M","$","$","?","M","E","R","M","T","M","E","R","R","$","R","B",null],"character_chosen":"DOCTOR_CLASS","items_purchased":["AT_ImmortalShieldbow","ats:Ability Aura","ats:Defend","LagranYue:WskJewelryRelic","Pantograph","AT_BladeRuinedKing","ats:Defend Order+1","DollysMirror"],"campfire_rested":0,"item_purchase_floors":[27,27,27,36,36,37,48,48],"current_hp_per_floor":[70,52,52,52,65,71,68,71,71,72,72,72,72,72,72,72,72,72,69,69,69,68,68,68,69,69,69,60,69,69,69,69,69,69,69,69,69,69,69,23,23,29,29,64,69,69,69,69,69,69],"gold":126,"neow_bonus":"","is_daily":false,"chose_seed":false,"campfire_upgraded":8,"win_rate":0.0,"timestamp":1610021878,"path_taken":["M","?","?","?","?","E","E","E","T","E","R","R","?","M","R","BOSS","M","?","?","?","M","R","?","M","T","$","E","?","E","E","R","BOSS","M","$","$","?","?","E","R","M","T","?","E","R","R","?","R","BOSS"],"items_purchased_type":["Relic","Relic","Card","Relic","Relic","Relic","Card","Relic"],"build_version":"2020-12-22","purchased_purges":4,"victory":true,"max_hp_per_floor":[72,72,72,72,72,72,72,72,72,72,72,72,72,72,72,72,72,72,69,69,69,69,69,69,69,69,69,69,69,69,69,69,69,69,69,69,69,69,69,69,69,69,69,69,69,69,69,69,69,69],"relic_stats":{"counters":[23,104],"Pantograph":0,"Pen Nib":[9],"obtain_stats":[{"ats:Ability Aura":27,"AT_ATBox":0,"AT_MibuBalloonWealth":6,"Tea:ReiMu":43,"Ancient Tea Set":9,"DollysMirror":48,"Pantograph":36,"Iron Hammer":40,"ats:Sanity":0,"ats:Omniscience":17,"ats:Defend":27,"AT_ChloranthyRing":31,"Replay:Towering Pillar of Hats":0,"Pen Nib":8,"Replay:WaspNest":26,"AT_BladeRuinedKing":37,"AT_ImmortalShieldbow":27,"Bottled Flame":7,"LagranYue:WskJewelryRelic":36,"ats:Originium":6,"ReplayTheSpireMod:TigerMarble":30,"Bottled Lightning":28,"AT_SunfireAegis":2,"ats:Military Tradition":45,"Unceasing Top":10,"REME_ComplimentaryCards":0},{"ats:Ability Aura":11,"AT_ATBox":0,"AT_MibuBalloonWealth":3,"Tea:ReiMu":20,"Ancient Tea Set":5,"DollysMirror":22,"Pantograph":17,"Iron Hammer":19,"ats:Sanity":0,"ats:Omniscience":8,"ats:Defend":11,"AT_ChloranthyRing":15,"Replay:Towering Pillar of Hats":0,"Pen Nib":5,"Replay:WaspNest":11,"AT_BladeRuinedKing":17,"AT_ImmortalShieldbow":11,"Bottled Flame":4,"LagranYue:WskJewelryRelic":17,"ats:Originium":3,"ReplayTheSpireMod:TigerMarble":14,"Bottled Lightning":12,"AT_SunfireAegis":1,"ats:Military Tradition":22,"Unceasing Top":6,"REME_ComplimentaryCards":0},{"ats:Ability Aura":47,"AT_ATBox":0,"AT_MibuBalloonWealth":14,"Tea:ReiMu":85,"Ancient Tea Set":22,"DollysMirror":97,"Pantograph":74,"Iron Hammer":82,"ats:Sanity":0,"ats:Omniscience":34,"ats:Defend":47,"AT_ChloranthyRing":65,"Replay:Towering Pillar of Hats":0,"Pen Nib":22,"Replay:WaspNest":47,"AT_BladeRuinedKing":74,"AT_ImmortalShieldbow":47,"Bottled Flame":18,"LagranYue:WskJewelryRelic":74,"ats:Originium":14,"ReplayTheSpireMod:TigerMarble":60,"Bottled Lightning":51,"AT_SunfireAegis":5,"ats:Military Tradition":97,"Unceasing Top":26,"REME_ComplimentaryCards":0}],"Unceasing Top":[10]},"card_choices":[{"not_picked":["ats:Hammer On","ats:Revitalization"],"picked":"ats:Apocalypse","floor":1},{"not_picked":["ats:Ignite","ats:Soul Absorption"],"picked":"ats:Apocalypse","floor":2},{"not_picked":["ats:Part Time Job","ats:Curse Doll"],"picked":"ats:Apocalypse","floor":2},{"not_picked":["ats:Ignite","ats:Thorns"],"picked":"ats:Assault Order","floor":5},{"not_picked":["ats:Consecutive Shot Auto","ats:Leaping Hammer"],"picked":"ats:Curse Doll","floor":6},{"not_picked":["ats:Powerful Strike","ats:Part Time Job"],"picked":"ats:Ambush","floor":7},{"not_picked":["ats:LN2 Cannon","ats:Cat Scratch","ats:Chain Hook"],"picked":"SKIP","floor":8},{"not_picked":["ats:Blood Oath","ats:Powerful Strike"],"picked":"ats:Curse Doll","floor":10},{"not_picked":["ats:Shell Defense","ats:Rat Pack"],"picked":"ats:Flexible Camouflage","floor":14},{"not_picked":["ats:Rat Pack","ats:Nebulous Foxfire"],"picked":"ats:Soul Rend","floor":16},{"not_picked":["ats:Support Order","ats:Hook Shot"],"picked":"ats:Directed Diagnosis+1","floor":18},{"not_picked":["ats:Explosion Area Strengthen","ats:Powerful Strike+1","ats:Revitalization"],"picked":"SKIP","floor":22},{"not_picked":["ats:Support Order","ats:Hammer On"],"picked":"ats:Thorns","floor":25},{"not_picked":["ats:Revitalization+1","ats:Powerful Strike+1","ats:Poison Spread"],"picked":"SKIP","floor":28},{"not_picked":["ats:Cat Scratch","ats:Mental Burst","ats:Shell Defense"],"picked":"SKIP","floor":29},{"not_picked":["ats:Revitalization","ats:Wolf Pack"],"picked":"ats:Apocalypse+1","floor":30},{"not_picked":["ats:Powerful Strike","ats:Poison Spread","ats:Shell Defense+1"],"picked":"SKIP","floor":31},{"not_picked":["ats:Automatic Cover+1","ats:Beaten Up","ats:Cat Scratch"],"picked":"SKIP","floor":35},{"not_picked":["ats:Beaten Up+1","ats:Childhood Dance","ats:Apocalypse+1"],"picked":"SKIP","floor":39},{"not_picked":["ats:Red Shift","ats:Explosion Area Strengthen+1"],"picked":"ats:Neurotoxin","floor":40},{"not_picked":["ats:Powerful Strike","ats:Revitalization+1"],"picked":"ats:Healing Drone+1","floor":42},{"not_picked":["ats:Ignite","ats:Red Shift","ats:Explosion Area Strengthen"],"picked":"SKIP","floor":44},{"not_picked":["ats:Closed Bolt Burst Fire+1","ats:Consecutive Shot Auto"],"picked":"ats:Part Time Job+1","floor":45}],"player_experience":595716,"relics_obtained":[{"floor":2,"key":"AT_SunfireAegis"},{"floor":6,"key":"ats:Originium"},{"floor":6,"key":"AT_MibuBalloonWealth"},{"floor":7,"key":"ats:Originium"},{"floor":7,"key":"Bottled Flame"},{"floor":8,"key":"ats:Originium"},{"floor":8,"key":"Pen Nib"},{"floor":9,"key":"Ancient Tea Set"},{"floor":10,"key":"Unceasing Top"},{"floor":26,"key":"Replay:WaspNest"},{"floor":28,"key":"Bottled Lightning"},{"floor":30,"key":"ReplayTheSpireMod:TigerMarble"},{"floor":31,"key":"AT_ChloranthyRing"},{"floor":40,"key":"Iron Hammer"},{"floor":43,"key":"Tea:ReiMu"},{"floor":45,"key":"ats:Military Tradition"}],"event_choices":[{"damage_healed":0,"gold_gain":0,"player_choice":"Forge","damage_taken":0,"max_hp_gain":0,"max_hp_loss":0,"event_name":"Accursed Blacksmith","floor":4,"gold_loss":0,"cards_upgraded":["AT_ShrugMaster"]},{"cards_removed":["ats:Strike V"],"damage_healed":0,"gold_gain":0,"player_choice":"Card Removal","damage_taken":0,"max_hp_gain":0,"max_hp_loss":0,"event_name":"The Cleric","floor":13,"gold_loss":50},{"damage_healed":0,"gold_gain":0,"player_choice":"Ignored","damage_taken":0,"max_hp_gain":0,"max_hp_loss":0,"event_name":"Ghosts","floor":21,"gold_loss":0},{"damage_healed":0,"gold_gain":100,"player_choice":"Pray","damage_taken":0,"max_hp_gain":0,"max_hp_loss":0,"event_name":"Golden Shrine","floor":24,"gold_loss":0},{"damage_healed":0,"gold_gain":0,"player_choice":"Upgraded","damage_taken":0,"max_hp_gain":0,"max_hp_loss":0,"event_name":"Upgrade Shrine","floor":38,"gold_loss":0,"cards_upgraded":["ats:Soul Rend"]}],"is_beta":false,"boss_relics":[{"not_picked":["Empty Cage","Snecko Eye"],"picked":"ats:Omniscience"},{"not_picked":["ChewingGum","Runic Pyramid","Astrolabe"]}],"items_purged_floors":[27,36,37,48],"is_endless":false,"potions_floor_spawned":[5,6,10,25,30,39,42],"ascension_level":0}}