{"host":"kabf61oc9jgfwufg","time":1610057434,"event":{"mods":["AchievementEnabler","Act Like it!","Aspiration","BaseMod","Conspire","GifTheSpireLib","Halation","HexUI Lib","Hubris","Infinite Spire","Melee Mod","Minty Spire (QoL Compilation)","Quick Restart","Rare Cards Sparkle","Replay The Spire","Shop Mod","StSLib","Waifu the Spire"],"gold_per_floor":[115,145,145,160,180,206,281,281,281,306,306,318,330,330,330,432,432,446,545,545,560,560,560,560,586,641,641,661,48,48,58,58,160,160,179,179,204,204,222,222,238,265,335,335,346,409,419,444,444,444,444],"floor_reached":50,"playtime":1874,"items_purged":["Fire Breathing+1"],"score":607,"play_id":"daedb839-9c46-4e6e-b7fe-a7b684d3b057","local_time":"20210107221034","is_ascension_mode":true,"campfire_choices":[{"data":"Fire Breathing","floor":8,"key":"SMITH"},{"data":"Infernal Blade","floor":11,"key":"SMITH"},{"data":"hubris:DuctTapeCard","floor":15,"key":"SMITH"},{"data":"Demon Form","floor":23,"key":"SMITH"},{"data":"conspire:ExplosiveBarrier","floor":27,"key":"SMITH"},{"data":"Combust","floor":32,"key":"SMITH"},{"data":"infinitespire:FinalStrike","floor":40,"key":"SMITH"},{"floor":44,"key":"REST"},{"data":"Uppercut","floor":49,"key":"SMITH"}],"circlet_count":0,"master_deck":["Strike_R+1","Strike_R+1","Strike_R+1","Strike_R+1","Defend_R","Defend_R","Defend_R","Defend_R","Bash+1","Infernal Blade+1","hubris:DuctTapeCard+2","Demon Form+1","conspire:ExplosiveBarrier+1","Combust+1","PanicButton","Dark Embrace+1","infinitespire:FinalStrike+1","Evolve+1","Berserk+1","Uppercut+1"],"relics":["halation:PapillonHeart","Ring of Hypnosis","Basket Of Snakes","ClockworkSouvenir","hubris:AstralHammer","conspire:SpecialSausage","Strange Spoon","Membership Card","Replay:Blank Codex","Nuclear Battery","Replay:Bottled Eggs","TungstenRod","infinitespire:DarkRift","Tough Bandages","Golden Egg","hubris:Zylophone","infinitespire:Chaos","Replay:Wax Seal","Spirit Poop","Du-Vu Doll","ReplayTheSpireMod:Shallot","hubris:Metronome","hubris:ToyBattleship"],"acts_visited":["Exordium","TheCity","TheBeyond"],"potions_floor_usage":[10,16,16,16,16,25,31,33,33,33,42,47,48],"damage_taken":[{"damage":2,"enemies":"Small Slimes","floor":1,"turns":4},{"damage":21,"enemies":"conspire:MimicChest","floor":2,"turns":4},{"damage":1,"enemies":"2 Louse","floor":4,"turns":2},{"damage":2,"enemies":"Jaw Worm","floor":5,"turns":2},{"damage":16,"enemies":"Gremlin Nob","floor":6,"turns":3},{"damage":35,"enemies":"Lagavulin","floor":10,"turns":6},{"damage":0,"enemies":"Exordium Wildlife","floor":12,"turns":2},{"damage":0,"enemies":"3 Louse","floor":13,"turns":3},{"damage":42,"enemies":"The Guardian","floor":16,"turns":11},{"damage":14,"enemies":"Chosen","floor":18,"turns":3},{"damage":3,"enemies":"Spheric Guardian","floor":21,"turns":3},{"damage":30,"enemies":"Replay:Snechameleon","floor":25,"turns":5},{"damage":6,"enemies":"Snecko","floor":28,"turns":3},{"damage":22,"enemies":"Snake Plant","floor":31,"turns":1},{"damage":22,"enemies":"Collector","floor":33,"turns":5},{"damage":12,"enemies":"Orb Walker","floor":35,"turns":2},{"damage":23,"enemies":"3 Shapes","floor":39,"turns":3},{"damage":0,"enemies":"Jaw Worm Horde","floor":41,"turns":2},{"damage":34,"enemies":"Nightmare","floor":42,"turns":7},{"damage":1,"enemies":"3 Darklings","floor":45,"turns":5},{"damage":17,"enemies":"4 Shapes","floor":47,"turns":5},{"damage":0,"enemies":"Reptomancer","floor":48,"turns":2},{"damage":15,"enemies":"infinitespire:MassOfShapes","floor":50,"turns":4}],"seed_played":"-3968430962023384107","potions_obtained":[{"floor":2,"key":"Regen Potion"},{"floor":12,"key":"SpeedPotion"},{"floor":13,"key":"ColorlessPotion"},{"floor":16,"key":"Fire Potion"},{"floor":16,"key":"FearPotion"},{"floor":18,"key":"Adrenaline Potion"},{"floor":25,"key":"SkillPotion"},{"floor":31,"key":"AttackPotion"},{"floor":45,"key":"Elixir"}],"is_trial":false,"path_per_floor":["M","?","?","M","M","E","?","R","T","E","R","M","M","T","R","B",null,"M","?","?","M","AVR","R","?","E","T","R","M","$","?","M","R","B",null,"M","AVR","T","?","M","R","M","NM","T","R","M","?","M","E","R","B"],"character_chosen":"IRONCLAD","items_purchased":["Another Sword","infinitespire:EmpoweringShard","Combust"],"campfire_rested":1,"item_purchase_floors":[29,29,29],"current_hp_per_floor":[80,65,65,70,74,64,53,53,53,39,39,45,51,51,51,15,80,72,72,72,75,75,75,80,56,56,56,56,56,56,40,40,24,80,74,74,74,74,51,51,51,17,17,41,40,21,18,18,18,3,3],"gold":444,"neow_bonus":"UPGRADE_CARD","is_daily":false,"chose_seed":false,"campfire_upgraded":8,"win_rate":0.0,"timestamp":1610057434,"path_taken":["M","?","?","M","M","E","?","R","T","E","R","?","M","?","R","BOSS","M","?","?","M","AVR","R","?","E","T","R","M","$","?","M","R","BOSS","M","AVR","?","?","?","R","M","NM","T","R","M","?","M","E","R","BOSS"],"items_purchased_type":["Relic","Relic","Card"],"build_version":"2020-12-22","purchased_purges":1,"victory":false,"max_hp_per_floor":[80,80,80,80,80,80,80,80,80,80,80,80,80,80,80,80,80,80,80,80,80,80,80,80,80,80,80,80,80,80,80,80,80,80,80,80,80,80,80,80,80,80,80,80,80,80,80,80,80,80,80],"card_choices":[{"not_picked":["Second Wind","Shockwave","hubris:SharpeningStone"],"picked":"SKIP","floor":1},{"not_picked":["Uppercut","Clash"],"picked":"Infernal Blade","floor":2},{"not_picked":["ReplayTheSpireMod:Corrosion Curse","Warcry"],"picked":"Sword Boomerang","floor":4},{"not_picked":["Hemogenesis","Flex"],"picked":"Rage","floor":5},{"not_picked":["Feel No Pain","True Grit"],"picked":"Fire Breathing","floor":6},{"not_picked":["True Grit","hubris:ReadiedAction","Inflame"],"picked":"SKIP","floor":10},{"not_picked":["Havoc","Perfected Strike","Anger"],"picked":"SKIP","floor":12},{"not_picked":["Heavy Blade","Run Through","True Grit"],"picked":"SKIP","floor":13},{"not_picked":["Eclipse","hubris:StunningStrike"],"picked":"Demon Form","floor":16},{"not_picked":["Replay:Undeath\u0027s Touch+1","hubris:CleavingFinish"],"picked":"conspire:ExplosiveBarrier","floor":18},{"not_picked":["Fire Breathing","Berserk","Dual Wield"],"picked":"SKIP","floor":21},{"not_picked":["Body Slam","Clash","Combust"],"picked":"SKIP","floor":25},{"not_picked":["Headbutt+1","Blood for Blood","Armaments"],"picked":"SKIP","floor":28},{"not_picked":["Run Through+1","Reckless Charge","Warcry"],"picked":"SKIP","floor":31},{"not_picked":["True Grit+1","Pommel Strike+1"],"picked":"Dark Embrace+1","floor":35},{"not_picked":["Thunderclap+1","Disarm","Spot Weakness+1"],"picked":"SKIP","floor":39},{"not_picked":["Warcry+1","Rampage","Shrug It Off"],"picked":"SKIP","floor":41},{"not_picked":["Perfected Strike","Life Link+1"],"picked":"Evolve+1","floor":42},{"not_picked":["Inflame+1","Headbutt","Twin Strike+1"],"picked":"SKIP","floor":45},{"not_picked":["Clothesline+1","Whirlwind+1"],"picked":"Berserk","floor":46},{"not_picked":["Spot Weakness","Run Through+1","Twin Strike"],"picked":"SKIP","floor":47},{"not_picked":["Warcry","Anger+1"],"picked":"Uppercut","floor":48}],"player_experience":79763,"relics_obtained":[{"floor":2,"key":"Replay:Bottled Snecko"},{"floor":6,"key":"aspiration:ChemicalBlood"},{"floor":9,"key":"Iron Hammer"},{"floor":10,"key":"Gambling Chip"},{"floor":14,"key":"hubris:DuctTape"},{"floor":25,"key":"TungstenRod"},{"floor":26,"key":"Gremlin Food"},{"floor":37,"key":"Replay:Wax Seal"},{"floor":42,"key":"Du-Vu Doll"},{"floor":43,"key":"ReplayTheSpireMod:Shallot"},{"floor":46,"key":"hubris:Metronome"},{"floor":48,"key":"hubris:ToyBattleship"}],"event_choices":[{"damage_healed":0,"gold_gain":75,"player_choice":"Gather Gold","damage_taken":11,"max_hp_gain":0,"max_hp_loss":0,"event_name":"World of Goop","floor":7,"gold_loss":0},{"damage_healed":0,"gold_gain":99,"player_choice":"Stole From Cult","damage_taken":0,"max_hp_gain":0,"max_hp_loss":0,"event_name":"Nest","floor":19,"gold_loss":0},{"damage_healed":26,"gold_gain":0,"player_choice":"Heal","damage_taken":0,"max_hp_gain":0,"max_hp_loss":0,"event_name":"The Library","floor":24,"gold_loss":0},{"damage_healed":0,"gold_gain":0,"player_choice":"1 cards matched","damage_taken":0,"max_hp_gain":0,"max_hp_loss":0,"event_name":"Match and Keep!","floor":30,"gold_loss":0,"cards_obtained":["PanicButton"]},{"cards_removed":["hubris:Wrath"],"damage_healed":0,"gold_gain":0,"player_choice":"Offered Curse","damage_taken":0,"relics_obtained":["Spirit Poop"],"max_hp_gain":0,"max_hp_loss":0,"event_name":"Bonfire Elementals","floor":38,"gold_loss":0}],"is_beta":false,"boss_relics":[{"not_picked":["halation:MonkeysPaw","aspiration:DefectSkillbook"],"picked":"infinitespire:Burning Sword"},{"not_picked":["aspiration:RunicSpoon","Snecko Eye"],"picked":"Ooze Armor"}],"items_purged_floors":[22],"is_endless":true,"potions_floor_spawned":[2,12,13,16,28,31,39,41,45],"killed_by":"infinitespire:MassOfShapes","ascension_level":2}}