{"host":"6h0diz2ap0m56grs","time":1610053306,"event":{"mods":["2.2 Compatiblity","BaseMod","Colored Map","Marisa????????","Minty Spire (QoL Compilation)","Quick Restart","Replay The Spire","Shop Mod","StSLib","The Servant 0.9.4"],"gold_per_floor":[119,129,179,66,85,85,119,146,173,199,215,256,265,265,265,265,265],"floor_reached":16,"playtime":535,"items_purged":[],"score":161,"play_id":"17780c4a-1c1b-4620-b6b7-c82fecb15858","local_time":"20210107150146","daily_mods":["SealedDeck","Heirloom","Time Dilation","Flight"],"is_ascension_mode":true,"campfire_choices":[{"data":"Leap","floor":6,"key":"PURGE"},{"data":"Defragment","floor":13,"key":"SMITH"},{"data":"Scrape","floor":15,"key":"SMITH"}],"circlet_count":0,"master_deck":["Leap","Go for the Eyes","Reinforced Body","Beam Cell","Scrape+1","ReplayGash","Gash","Conserve Battery","Gash","Streamline","FTL","Defragment+1","Chill"],"relics":["Cracked Core","replay:Trail_Library","Peace Pipe","ReplayFunnel","MerchantsRug","Orichalcum","CeramicFish","DataDisk","Carrot","Replay:Mystery Machine"],"acts_visited":["Exordium"],"potions_floor_usage":[],"damage_taken":[{"damage":0,"enemies":"2 Louse","floor":1,"turns":2},{"damage":0,"enemies":"Cultist","floor":2,"turns":2},{"damage":0,"enemies":"Jaw Worm","floor":5,"turns":2},{"damage":0,"enemies":"Replay:BlueRogue","floor":7,"turns":3},{"damage":2,"enemies":"3 Sentries","floor":8,"turns":5},{"damage":5,"enemies":"Replay:BlueRogue","floor":10,"turns":3},{"damage":0,"enemies":"2 Fungi Beasts","floor":11,"turns":2},{"damage":2,"enemies":"Gremlin Nob","floor":12,"turns":3},{"damage":0,"enemies":"The Guardian","floor":16,"turns":2}],"seed_played":"-7724123509001969936","potions_obtained":[{"floor":1,"key":"LiquidBronze"},{"floor":3,"key":"SneckoOil"},{"floor":3,"key":"PotionOfCapacity"},{"floor":7,"key":"LifebloodPotion"},{"floor":8,"key":"Adrenaline Potion"}],"is_trial":true,"path_per_floor":["M","M","?","$","M","R","E","E","T","E","M","E","R","?","R","B"],"character_chosen":"DEFECT","items_purchased":["MerchantsRug"],"campfire_rested":0,"item_purchase_floors":[4],"current_hp_per_floor":[75,75,57,57,57,57,57,55,55,50,50,48,48,48,48,48,48],"gold":265,"neow_bonus":"","is_daily":false,"chose_seed":false,"campfire_upgraded":2,"win_rate":0.0,"timestamp":1610053306,"path_taken":["M","M","?","$","M","R","E","E","T","E","M","E","R","?","R","BOSS"],"items_purchased_type":["Relic"],"build_version":"2020-12-22","purchased_purges":0,"victory":false,"max_hp_per_floor":[75,75,75,75,75,75,75,75,75,75,75,75,75,75,75,75,75],"card_choices":[{"not_picked":["Ball Lightning","Recycle"],"picked":"Streamline","floor":1},{"not_picked":["ReplaySort","Leap","Ball Lightning"],"picked":"SKIP","floor":2},{"not_picked":["Go for the Eyes","Steam","Time Bomb"],"picked":"SKIP","floor":5},{"not_picked":["Panic Button","Creative AI"],"picked":"FTL","floor":7},{"not_picked":["Stack","FIFO Queue","Hello World"],"picked":"SKIP","floor":8},{"not_picked":["Go for the Eyes","Hologram","Redo"],"picked":"SKIP","floor":10},{"not_picked":["Barrage","Reprogram","Turbo"],"picked":"SKIP","floor":11},{"not_picked":["Hologram","Sweeping Beam"],"picked":"Defragment","floor":12}],"player_experience":145793,"relics_obtained":[{"floor":3,"key":"ReplayFunnel"},{"floor":7,"key":"Orichalcum"},{"floor":8,"key":"CeramicFish"},{"floor":9,"key":"DataDisk"},{"floor":10,"key":"Carrot"},{"floor":12,"key":"Replay:Mystery Machine"}],"event_choices":[{"damage_healed":0,"gold_gain":0,"player_choice":"Ignored","damage_taken":0,"max_hp_gain":0,"max_hp_loss":0,"event_name":"Transmorgrifier","floor":14,"gold_loss":0}],"is_beta":false,"boss_relics":[],"items_purged_floors":[],"is_endless":false,"potions_floor_spawned":[1,7,8,10,12],"killed_by":"The Guardian","ascension_level":1}}