{"host":"qm4rv4rkpk76sbxu","time":1610031452,"event":{"mods":["BaseMod","Bestiary","Block Reminder","Dark Map","DeckTracker","Filter the Spire","Keyboard Shortcuts","Minty Spire (QoL Compilation)","MonsterHotkey","Potion Indicator Mod","Quick Restart","Relic Stats","Slay-I","StSLib","ojb\u0027s Better Paths Mod"],"gold_per_floor":[110,37,54,71,82,82,114,114,139,476,488,542,574,13,13,100,100,129,129,148,168,188,188,230,253,253,281,281,318,333,371,371,455,455,476,476,504,34,52,78,104,135,135,164,177,221,236,236,236,236,236,236,236,49,90,90,90],"floor_reached":56,"playtime":5485,"items_purged":["Strike_G","Strike_G"],"score":2473,"play_id":"a1f82fef-4e89-4351-8ce0-0dd2420c717a","local_time":"20210107155732","is_ascension_mode":true,"campfire_choices":[{"data":"Bouncing Flask","floor":6.0,"key":"SMITH"},{"data":"Venomology","floor":15.0,"key":"SMITH"},{"floor":23.0,"key":"REST"},{"data":"Die Die Die","floor":32.0,"key":"SMITH"},{"floor":49.0,"key":"RECALL"},{"data":"Backflip","floor":53.0,"key":"SMITH"}],"circlet_count":0,"master_deck":["AscendersBane","Strike_G","Strike_G","Strike_G","Defend_G","Defend_G","Defend_G","Defend_G","Defend_G","Survivor","Neutralize","Bouncing Flask+1","Backstab","Dagger Spray","Glass Knife+1","Venomology+1","Die Die Die+1","Backflip+1","Leg Sweep+1","Phantasmal Killer+1","Backflip+1","Backflip+1","Deflect+1","Backflip+1","Well Laid Plans+1","Leg Sweep+1","Deflect+1","Acrobatics+1","Venomology+1","Burst+1","Outmaneuver+1","Bouncing Flask+1","Night Terror+1","Bullet Time+1","Good Instincts+1","Madness+1","Madness+1","Leg Sweep+1","Crippling Poison+1","Footwork","Finesse+1","Concentrate+1","Infinite Blades+1"],"relics":["Ring of the Snake","Blood Vial","Smiling Mask","Pen Nib","MawBank","Old Coin","CeramicFish","Toxic Egg 2","Vajra","SlaversCollar","Enchiridion","Centennial Puzzle","Gremlin Horn","Letter Opener","Oddly Smooth Stone","Coffee Dripper","Art of War","Tingsha","Lantern","Thread and Needle","Shuriken"],"acts_visited":["Exordium","TheCity","TheBeyond","TheEnding"],"potions_floor_usage":[56,56,56],"damage_taken":[{"damage":3.0,"enemies":"Cultist","floor":1.0,"turns":4.0},{"damage":6.0,"enemies":"Jaw Worm","floor":3.0,"turns":5.0},{"damage":0.0,"enemies":"Small Slimes","floor":4.0,"turns":2.0},{"damage":0.0,"enemies":"3 Louse","floor":5.0,"turns":2.0},{"damage":20.0,"enemies":"3 Sentries","floor":7.0,"turns":9.0},{"damage":10.0,"enemies":"Gremlin Nob","floor":10.0,"turns":3.0},{"damage":10.0,"enemies":"Lagavulin","floor":12.0,"turns":6.0},{"damage":0.0,"enemies":"Large Slime","floor":13.0,"turns":2.0},{"damage":0.0,"enemies":"The Guardian","floor":16.0,"turns":10.0},{"damage":8.0,"enemies":"2 Thieves","floor":18.0,"turns":4.0},{"damage":0.0,"enemies":"Spheric Guardian","floor":20.0,"turns":2.0},{"damage":3.0,"enemies":"3 Cultists","floor":21.0,"turns":4.0},{"damage":0.0,"enemies":"Chosen and Byrds","floor":22.0,"turns":5.0},{"damage":0.0,"enemies":"Slavers","floor":24.0,"turns":6.0},{"damage":15.0,"enemies":"Snake Plant","floor":25.0,"turns":2.0},{"damage":0.0,"enemies":"Cultist and Chosen","floor":27.0,"turns":4.0},{"damage":4.0,"enemies":"Book of Stabbing","floor":29.0,"turns":4.0},{"damage":8.0,"enemies":"Centurion and Healer","floor":30.0,"turns":4.0},{"damage":0.0,"enemies":"Slavers","floor":31.0,"turns":3.0},{"damage":7.0,"enemies":"Champ","floor":33.0,"turns":10.0},{"damage":0.0,"enemies":"3 Darklings","floor":35.0,"turns":3.0},{"damage":0.0,"enemies":"3 Shapes","floor":37.0,"turns":3.0},{"damage":16.0,"enemies":"Nemesis","floor":40.0,"turns":3.0},{"damage":14.0,"enemies":"Maw","floor":41.0,"turns":5.0},{"damage":7.0,"enemies":"Giant Head","floor":42.0,"turns":6.0},{"damage":0.0,"enemies":"Nemesis","floor":44.0,"turns":7.0},{"damage":0.0,"enemies":"Transient","floor":45.0,"turns":6.0},{"damage":5.0,"enemies":"Giant Head","floor":46.0,"turns":9.0},{"damage":0.0,"enemies":"4 Shapes","floor":47.0,"turns":3.0},{"damage":1.0,"enemies":"Awakened One","floor":50.0,"turns":16.0},{"damage":15.0,"enemies":"Time Eater","floor":51.0,"turns":14.0},{"damage":31.0,"enemies":"Shield and Spear","floor":55.0,"turns":8.0},{"damage":27,"enemies":"The Heart","floor":56,"turns":5}],"seed_played":"4888128240245743064","potions_obtained":[{"floor":4.0,"key":"Fire Potion"},{"floor":5.0,"key":"Poison Potion"},{"floor":7.0,"key":"EssenceOfSteel"},{"floor":33.0,"key":"Dexterity Potion"},{"floor":37.0,"key":"Fire Potion"},{"floor":42.0,"key":"LiquidBronze"},{"floor":46.0,"key":"GhostInAJar"}],"is_trial":false,"path_per_floor":["M","?","M","M","M","R","E","?","T","E","?","E","M","$","R","B",null,"M","?","M","M","M","R","E","M","T","M","?","E","M","E","R","B",null,"M","?","M","$","?","E","M","E","T","E","M","E","M","?","R","B","B",null,"R","$","E","B"],"character_chosen":"THE_SILENT","items_purchased":["Toxic Egg 2","Vajra","Leg Sweep+1","Night Terror+1","Bullet Time+1","Good Instincts+1","Footwork","Finesse+1","Concentrate+1"],"campfire_rested":1,"item_purchase_floors":[14,14,14,38,38,38,54,54,54],"current_hp_per_floor":[58,58,54,56,58,58,40,40,40,32,54,46,48,48,48,50,62,56,35,37,36,38,57,59,46,46,60,60,58,52,54,54,49,62,64,64,66,66,54,40,28,23,23,25,27,24,26,26,26,27,14,53,53,53,24,0,0],"gold":90,"neow_bonus":"RANDOM_COMMON_RELIC","is_daily":false,"chose_seed":false,"campfire_upgraded":4,"win_rate":0.0,"timestamp":1610031452,"path_taken":["M","?","?","M","M","R","E","?","T","E","?","E","M","$","R","BOSS","M","?","M","M","M","R","E","M","T","M","?","E","?","E","R","BOSS","M","?","M","$","?","E","M","E","T","E","M","E","M","?","R","BOSS","BOSS","R","$","E","BOSS"],"items_purchased_type":["Relic","Relic","Card","Card","Card","Card","Card","Card","Card"],"build_version":"2020-12-22","purchased_purges":2,"victory":false,"max_hp_per_floor":[66,66,66,66,66,66,66,66,66,66,66,66,66,66,66,66,66,66,66,66,66,66,66,66,66,66,66,66,66,66,66,66,66,66,66,66,66,66,66,66,66,66,66,66,66,66,66,66,66,66,66,66,66,66,66,66,66],"relic_stats":{"Gremlin Horn":[13,14],"counters":[33,179],"CeramicFish":243,"Tingsha":[64],"Pen Nib":[25],"Letter Opener":[744],"Smiling Mask":75,"MawBank":60,"Blood Vial":66,"Centennial Puzzle":[36],"Shuriken":[0],"Art of War":[24],"obtain_stats":[{"Lantern":44,"Gremlin Horn":26,"CeramicFish":12,"Vajra":14,"Enchiridion":19,"Oddly Smooth Stone":31,"Tingsha":42,"Thread and Needle":46,"Pen Nib":7,"Letter Opener":29,"Smiling Mask":2,"MawBank":9,"Old Coin":10,"Blood Vial":0,"SlaversCollar":17,"Centennial Puzzle":24,"Shuriken":55,"Coffee Dripper":34,"Art of War":40,"Toxic Egg 2":14,"Ring of the Snake":0},{"Lantern":26,"Gremlin Horn":15,"CeramicFish":7,"Vajra":8,"Enchiridion":10,"Oddly Smooth Stone":19,"Tingsha":25,"Thread and Needle":28,"Pen Nib":5,"Letter Opener":17,"Smiling Mask":1,"MawBank":5,"Old Coin":6,"Blood Vial":0,"SlaversCollar":9,"Centennial Puzzle":14,"Shuriken":32,"Coffee Dripper":20,"Art of War":23,"Toxic Egg 2":8,"Ring of the Snake":0},{"Lantern":118,"Gremlin Horn":66,"CeramicFish":31,"Vajra":33,"Enchiridion":47,"Oddly Smooth Stone":81,"Tingsha":111,"Thread and Needle":133,"Pen Nib":22,"Letter Opener":74,"Smiling Mask":4,"MawBank":22,"Old Coin":25,"Blood Vial":0,"SlaversCollar":43,"Centennial Puzzle":64,"Shuriken":174,"Coffee Dripper":91,"Art of War":100,"Toxic Egg 2":33,"Ring of the Snake":0}],"Ring of the Snake":[66]},"card_choices":[{"not_picked":["Prepared","Calculated Gamble"],"picked":"Bouncing Flask","floor":1.0},{"not_picked":["Skewer","Quick Slash"],"picked":"Backstab","floor":3.0},{"not_picked":["PiercingWail","Deflect"],"picked":"Dagger Spray","floor":4.0},{"not_picked":["Calculated Gamble","Deflect"],"picked":"Poisoned Stab","floor":5.0},{"not_picked":["Expertise","Reflex"],"picked":"Glass Knife","floor":7.0},{"not_picked":["Flying Knee","Expertise"],"picked":"Venomology","floor":10.0},{"not_picked":["Unload","Setup"],"picked":"Die Die Die","floor":12.0},{"not_picked":["Dagger Throw","Deadly Poison"],"picked":"Backflip","floor":13.0},{"not_picked":["Die Die Die","Wraith Form v2"],"picked":"Phantasmal Killer+1","floor":16.0},{"not_picked":["All Out Attack","Poisoned Stab"],"picked":"Backflip+1","floor":18.0},{"not_picked":["Expertise+1","Dagger Spray+1"],"picked":"Backflip+1","floor":20.0},{"not_picked":["Dodge and Roll+1","Slice+1"],"picked":"Deflect+1","floor":21.0},{"not_picked":["PiercingWail+1","Endless Agony"],"picked":"Backflip+1","floor":22.0},{"not_picked":["Skewer","Backflip+1"],"picked":"Well Laid Plans+1","floor":24.0},{"not_picked":["Tactician+1","Noxious Fumes"],"picked":"Leg Sweep+1","floor":25.0},{"not_picked":["Backflip+1","Tactician+1"],"picked":"Deflect+1","floor":27.0},{"not_picked":["Finisher","Underhanded Strike"],"picked":"Acrobatics+1","floor":29.0},{"not_picked":["Dagger Spray","Masterful Stab","Distraction+1"],"picked":"SKIP","floor":30.0},{"not_picked":["Deadly Poison+1","Caltrops+1"],"picked":"Venomology+1","floor":31.0},{"not_picked":["Die Die Die","Malaise+1"],"picked":"Burst+1","floor":33.0},{"not_picked":["Noxious Fumes","Quick Slash"],"picked":"Outmaneuver+1","floor":35.0},{"not_picked":["Quick Slash+1","Skewer"],"picked":"Bouncing Flask+1","floor":37.0},{"not_picked":["Cloak And Dagger+1","Sucker Punch","Prepared+1"],"picked":"SKIP","floor":40.0},{"not_picked":["Bouncing Flask+1","Heel Hook"],"picked":"Leg Sweep+1","floor":41.0},{"not_picked":["Leg Sweep+1","Bane+1","Flying Knee"],"picked":"SKIP","floor":42.0},{"not_picked":["Eviscerate","Slice+1","Dagger Spray+1"],"picked":"SKIP","floor":44.0},{"not_picked":["Finisher","Underhanded Strike","Slice"],"picked":"SKIP","floor":45.0},{"not_picked":["Finisher","Flying Knee+1"],"picked":"Crippling Poison+1","floor":46.0},{"not_picked":["Heel Hook","Caltrops","All Out Attack+1"],"picked":"SKIP","floor":47.0},{"not_picked":["Deflect+1","Concentrate+1"],"picked":"Infinite Blades+1","floor":55.0}],"player_experience":1228591,"relics_obtained":[{"floor":7.0,"key":"Pen Nib"},{"floor":9.0,"key":"MawBank"},{"floor":10.0,"key":"Old Coin"},{"floor":12.0,"key":"CeramicFish"},{"floor":19.0,"key":"Enchiridion"},{"floor":24.0,"key":"Centennial Puzzle"},{"floor":26.0,"key":"Gremlin Horn"},{"floor":29.0,"key":"Letter Opener"},{"floor":31.0,"key":"Oddly Smooth Stone"},{"floor":40.0,"key":"Art of War"},{"floor":42.0,"key":"Tingsha"},{"floor":44.0,"key":"Lantern"},{"floor":46.0,"key":"Thread and Needle"},{"floor":55.0,"key":"Shuriken"}],"event_choices":[{"damage_healed":0.0,"max_hp_gain":0.0,"max_hp_loss":0.0,"gold_gain":0.0,"event_name":"WeMeetAgain","player_choice":"Paid Gold","floor":2.0,"gold_loss":73.0,"damage_taken":0.0,"relics_obtained":["Smiling Mask"]},{"damage_healed":0.0,"max_hp_gain":0.0,"max_hp_loss":0.0,"gold_gain":0.0,"event_name":"Living Wall","player_choice":"Grow","floor":8.0,"gold_loss":0.0,"damage_taken":0.0,"cards_upgraded":["Glass Knife"]},{"damage_healed":22.0,"max_hp_gain":0.0,"max_hp_loss":0.0,"gold_gain":0.0,"event_name":"Big Fish","player_choice":"Banana","floor":11.0,"gold_loss":0.0,"damage_taken":0.0},{"damage_healed":0.0,"max_hp_gain":0.0,"max_hp_loss":0.0,"gold_gain":0.0,"event_name":"Cursed Tome","player_choice":"Obtained Book","floor":19.0,"gold_loss":0.0,"damage_taken":21.0},{"damage_healed":0.0,"max_hp_gain":0.0,"max_hp_loss":0.0,"gold_gain":0.0,"event_name":"N\u0027loth","player_choice":"Ignored","floor":28.0,"gold_loss":0.0,"damage_taken":0.0},{"damage_healed":0.0,"max_hp_gain":0.0,"max_hp_loss":0.0,"gold_gain":0.0,"event_name":"Tomb of Lord Red Mask","player_choice":"Ignored","floor":36.0,"gold_loss":0.0,"damage_taken":0.0},{"damage_healed":0.0,"max_hp_gain":0.0,"max_hp_loss":0.0,"gold_gain":0.0,"event_name":"Winding Halls","player_choice":"Embrace Madness","floor":39.0,"gold_loss":0.0,"damage_taken":12.0,"cards_obtained":["Madness","Madness"]},{"cards_removed":["Poisoned Stab"],"damage_healed":0.0,"max_hp_gain":0.0,"max_hp_loss":0.0,"gold_gain":0.0,"event_name":"Falling","player_choice":"Removed Attack","floor":48.0,"gold_loss":0.0,"damage_taken":0.0}],"is_beta":false,"boss_relics":[{"not_picked":["WristBlade","Tiny House"],"picked":"SlaversCollar"},{"not_picked":["Velvet Choker","Sozu"],"picked":"Coffee Dripper"}],"items_purged_floors":[14,38],"is_endless":false,"potions_floor_spawned":[4,5,7,10,18,20,22,33,37,42,46],"killed_by":"The Heart","ascension_level":20}}