{"host":"4hhgf71pxvqwkagf","time":1610027452,"event":{"mods":["2.2 Compatiblity","AchievementEnabler","BaseMod","Minty Spire (QoL Compilation)","Permanent Neow","Quick Restart","StSLib","SuperFastMode","The Bug Knight","everything is the same but u backflip on backflip"],"gold_per_floor":[10,10,26,44,63,96,96,121,197,235,200,241,34,34,34,164,164,178,202,202,223,238,276,1,49,49,49,77,77,27,36,36,36,36],"floor_reached":33,"playtime":1914,"items_purged":["Defend_R","Strike_R"],"score":473,"play_id":"64944156-6a6c-4e90-9ac2-2b49c9100b3c","local_time":"20210107225052","is_ascension_mode":true,"campfire_choices":[{"data":"Shockwave","floor":15.0,"key":"SMITH"},{"floor":29,"key":"REST"},{"data":"Limit Break","floor":32,"key":"SMITH"}],"circlet_count":0,"master_deck":["AscendersBane","Strike_R","Defend_R","Defend_R","Defend_R","Bash","Shrug It Off","Flex","Whirlwind","Pummel","Heavy Blade","Shockwave+1","Disarm","Uppercut","Disarm","Limit Break+1","True Grit","J.A.X.","Power Through","Double Tap","Immolate","Flame Barrier","Second Wind","Spot Weakness"],"relics":["Burning Blood","Golden Idol","The Courier","Eternal Feather","Unceasing Top","MealTicket","Orrery","Cursed Key","Turnip","HornCleat","CeramicFish"],"acts_visited":["Exordium","TheCity"],"potions_floor_usage":[],"damage_taken":[{"damage":9.0,"enemies":"Jaw Worm","floor":1.0,"turns":6.0},{"damage":6.0,"enemies":"2 Louse","floor":3.0,"turns":5.0},{"damage":0.0,"enemies":"Small Slimes","floor":4.0,"turns":3.0},{"damage":12.0,"enemies":"3 Louse","floor":5.0,"turns":3.0},{"damage":31.0,"enemies":"Gremlin Nob","floor":6.0,"turns":4.0},{"damage":9.0,"enemies":"Looter","floor":8.0,"turns":3.0},{"damage":22.0,"enemies":"3 Sentries","floor":10.0,"turns":5.0},{"damage":7.0,"enemies":"Gremlin Nob","floor":12.0,"turns":3.0},{"damage":53.0,"enemies":"The Guardian","floor":16.0,"turns":13.0},{"damage":1.0,"enemies":"Chosen","floor":18.0,"turns":4.0},{"damage":0.0,"enemies":"Shell Parasite","floor":19.0,"turns":4.0},{"damage":20.0,"enemies":"Snake Plant","floor":21.0,"turns":5.0},{"damage":29.0,"enemies":"Snecko","floor":22.0,"turns":4.0},{"damage":22.0,"enemies":"HollowMod:Nosk","floor":23.0,"turns":7.0},{"damage":21.0,"enemies":"Gremlin Leader","floor":25.0,"turns":5.0},{"damage":22,"enemies":"Colosseum Slavers","floor":27,"turns":3},{"damage":14,"enemies":"3 Cultists","floor":28,"turns":4},{"damage":80,"enemies":"Automaton","floor":33,"turns":6}],"seed_played":"-4105911709166026106","potions_obtained":[{"floor":1.0,"key":"SneckoOil"},{"floor":3.0,"key":"Regen Potion"},{"floor":5.0,"key":"LiquidMemories"},{"floor":10.0,"key":"SteroidPotion"},{"floor":18.0,"key":"Swift Potion"},{"floor":19.0,"key":"LiquidMemories"},{"floor":21.0,"key":"BloodPotion"},{"floor":23.0,"key":"FearPotion"}],"is_trial":false,"path_per_floor":["M","?","M","M","M","E","?","M","T","E","?","E","$","?","R","B",null,"M","M","?","M","M","E","$","E","T","?","M","R","$","?","R","B"],"character_chosen":"IRONCLAD","items_purchased":["Uppercut","Orrery","HornCleat","Second Wind"],"campfire_rested":1,"item_purchase_floors":[13,13,24,30],"current_hp_per_floor":[69,69,69,74,68,43,43,40,40,38,56,55,70,63,72,25,62,67,73,73,59,36,34,49,34,34,18,10,44,59,59,71,0,0],"gold":36,"neow_bonus":"REMOVE_TWO","is_daily":false,"chose_seed":false,"campfire_upgraded":2,"win_rate":0.0,"timestamp":1610027452,"path_taken":["M","?","M","M","M","E","?","?","T","E","?","E","$","?","R","BOSS","M","M","?","M","M","E","$","E","T","?","M","R","$","?","R","BOSS"],"items_purchased_type":["Card","Relic","Relic","Card"],"build_version":"2020-12-22","purchased_purges":2,"victory":false,"max_hp_per_floor":[80,74,74,74,74,74,74,74,74,74,74,74,74,74,74,74,74,74,74,74,74,74,74,74,74,74,74,74,74,74,74,74,74,74],"card_choices":[{"not_picked":["Combust","Thunderclap"],"picked":"Shrug It Off","floor":1.0},{"not_picked":["Metallicize","Blood for Blood"],"picked":"Flex","floor":3.0},{"not_picked":["Headbutt","Searing Blow"],"picked":"Whirlwind","floor":4.0},{"not_picked":["Body Slam","Burning Pact"],"picked":"Pummel","floor":5.0},{"not_picked":["Sword Boomerang","Uppercut"],"picked":"Heavy Blade","floor":6.0},{"not_picked":["Dual Wield","Anger","Perfected Strike"],"picked":"SKIP","floor":8.0},{"not_picked":["Armaments","Pummel"],"picked":"Shockwave","floor":10.0},{"not_picked":["Wild Strike","Whirlwind"],"picked":"Disarm","floor":12.0},{"not_picked":["Immolate","Battle Trance"],"picked":"Disarm","floor":13.0},{"not_picked":["Corruption","Berserk"],"picked":"Limit Break","floor":16.0},{"not_picked":["Dark Embrace","Twin Strike"],"picked":"True Grit","floor":18.0},{"not_picked":["Shrug It Off","Fire Breathing","Feel No Pain"],"picked":"SKIP","floor":19.0},{"not_picked":["Clothesline","Thunderclap+1","Havoc"],"picked":"SKIP","floor":21.0},{"not_picked":["Hemokinesis","Anger+1"],"picked":"Power Through","floor":22.0},{"not_picked":["Cleave","Fire Breathing"],"picked":"Double Tap","floor":23.0},{"not_picked":["Sentinel+1","Sword Boomerang"],"picked":"Immolate","floor":25.0},{"not_picked":["Power Through","Perfected Strike"],"picked":"Flame Barrier","floor":28}],"player_experience":383119,"relics_obtained":[{"floor":6.0,"key":"The Courier"},{"floor":9.0,"key":"Eternal Feather"},{"floor":10.0,"key":"Unceasing Top"},{"floor":12.0,"key":"MealTicket"},{"floor":23.0,"key":"Turnip"},{"floor":25.0,"key":"CeramicFish"}],"event_choices":[{"damage_healed":0.0,"max_hp_gain":0.0,"max_hp_loss":6.0,"gold_gain":0.0,"event_name":"Golden Idol","player_choice":"Lose Max HP","floor":2.0,"gold_loss":0.0,"damage_taken":0.0,"relics_obtained":["Golden Idol"]},{"damage_healed":0.0,"max_hp_gain":0.0,"max_hp_loss":0.0,"gold_gain":0.0,"event_name":"Liars Game","player_choice":"Ignored","floor":7.0,"gold_loss":0.0,"damage_taken":0.0},{"damage_healed":18.0,"max_hp_gain":0.0,"max_hp_loss":0.0,"gold_gain":0.0,"event_name":"The Cleric","player_choice":"Healed","floor":11.0,"gold_loss":35.0,"damage_taken":0.0},{"cards_removed":["Strike_R"],"damage_healed":0.0,"max_hp_gain":0.0,"max_hp_loss":0.0,"gold_gain":0.0,"event_name":"Golden Wing","player_choice":"Card Removal","floor":14.0,"gold_loss":0.0,"damage_taken":7.0},{"damage_healed":0.0,"max_hp_gain":0.0,"max_hp_loss":0.0,"gold_gain":0.0,"event_name":"Drug Dealer","player_choice":"Obtain J.A.X.","floor":20.0,"gold_loss":0.0,"damage_taken":0.0,"cards_obtained":["J.A.X."]},{"damage_healed":0,"gold_gain":0,"player_choice":"Fight","damage_taken":0,"max_hp_gain":0,"max_hp_loss":0,"event_name":"Colosseum","floor":27,"gold_loss":0},{"damage_healed":0,"gold_gain":0,"player_choice":"Fled From Nobs","damage_taken":0,"max_hp_gain":0,"max_hp_loss":0,"event_name":"Colosseum","floor":27,"gold_loss":0},{"damage_healed":0,"gold_gain":0,"player_choice":"Read","damage_taken":0,"max_hp_gain":0,"max_hp_loss":0,"event_name":"The Library","floor":31,"gold_loss":0,"cards_obtained":["Spot Weakness"]}],"is_beta":false,"boss_relics":[{"not_picked":["Busted Crown","Runic Dome"],"picked":"Cursed Key"}],"items_purged_floors":[13,24],"is_endless":false,"potions_floor_spawned":[1,3,5,10,18,19,21,23,27],"killed_by":"Automaton","ascension_level":11}}