{"host":"b0l902yh1rk3g5bq","time":1610000280,"event":{"mods":["AchievementEnabler","Act Like it!","Aspiration","BaseMod","Better Match","Better Sensory Stone","Better Skull","Better Third Choice","BetterRewards","Challenge The Spire","Colored Map","Colored Powertips","Conspire","Downfall","Energized Spire","GifTheSpireLib","Halation","Hubris","Infinite Spire","Minty Spire (QoL Compilation)","Quick Restart","Rare Cards Sparkle","Replay The Spire","StSLib","Stuff the Spire","Trackpad","Virulent Crown","Wandering Minibosses","egg","everything is the same but u backflip on backflip","vexMod"],"gold_per_floor":[115,115,115,115,115,144,164,196,219,105,135,168,211,258,270,392,404,404,404,404,404,60,60,60,60,60,60,60,60,60,60,60,60,60,60,60,60,60,60,60,60,60,60,60,60,60,60,60,60,60],"floor_reached":51,"playtime":2570,"items_purged":["StuffTheSpire:Ambrosia","Flying Knee","Dagger Spray","Poisoned Stab"],"score":1504,"play_id":"5659fce1-e657-4b3b-8564-80be1a122a0f","local_time":"20210107071800","daily_mods":["Draft","Heirloom","Flight","DeadlyEvents","Elite Swarm"],"is_ascension_mode":false,"campfire_choices":[{"floor":15,"key":"REST"},{"data":"Noxious Fumes","floor":15,"key":"SMITH"},{"data":"infinitespire:NeuralNetwork","floor":28,"key":"SMITH"},{"floor":30,"key":"REST"},{"data":"After Image","floor":30,"key":"SMITH"},{"data":"Dodge and Roll","floor":32,"key":"SMITH"},{"data":"infinitespire:UltimateForm","floor":41,"key":"SMITH"},{"floor":49,"key":"REST"},{"data":"ReplayTheSpireMod:Brewmster","floor":49,"key":"SMITH"}],"circlet_count":0,"master_deck":["Footwork","Blade Dance","Escape Plan","Deflect","Backflip","Caltrops","Dodge and Roll+1","Replay:Poison Smokescreen","Deflect","Poisoned Stab","Backflip","Noxious Fumes+1","Deadly Poison","After Image+1","Blur","Accuracy","Die Die Die+1","Corpse Explosion","infinitespire:Neurotoxin","infinitespire:NeuralNetwork+1","infinitespire:Neurotoxin","ReplayTheSpireMod:Brewmster+1","expansioncontent:Collect","infinitespire:UltimateForm+1","infinitespire:Fortify","Fluid Movement+1","After Image","Adrenaline+1","Noxious Fumes+1","Adrenaline+1"],"relics":["Ring of the Snake","infinitespire:Magic Flask","hubris:Icosahedron","Meat on the Bone","halation:IllGainedPizza","PreservedInsect","Molten Egg 2","MawBank","Turnip","Thread and Needle","Ectoplasm","hubris:AncientText","Mercury Hourglass","Smiling Mask","HornCleat","hubris:MysteriousPyramids","Pet Ghost","hubris:ToyBattleship","aspiration:FetidBarrel","SlaversCollar","ReplayTheSpireMod:ShopPack","Philosopher\u0027s Stone","Ginger","Quantum Egg","Gremlin Food","Toxic Egg 2","champ:DeflectingBracers","infinitespire:CheckeredPen"],"acts_visited":["Exordium","TheCity","TheBeyond"],"potions_floor_usage":[50,50],"damage_taken":[{"damage":0,"enemies":"Small Slimes","floor":1,"turns":4},{"damage":7,"enemies":"3 Sentries","floor":6,"turns":6},{"damage":0,"enemies":"2 Louse","floor":7,"turns":2},{"damage":0,"enemies":"Lagavulin","floor":8,"turns":7},{"damage":10,"enemies":"Gremlin Nob","floor":11,"turns":4},{"damage":24,"enemies":"3 Sentries","floor":12,"turns":6},{"damage":22,"enemies":"Gremlin Nob","floor":13,"turns":5},{"damage":7,"enemies":"Lagavulin","floor":14,"turns":4},{"damage":0,"enemies":"Hexaghost","floor":16,"turns":8},{"damage":0,"enemies":"3 Byrds","floor":18,"turns":3},{"damage":9,"enemies":"Spheric Guardian","floor":21,"turns":4},{"damage":0,"enemies":"conspire:Head Lice","floor":23,"turns":4},{"damage":5,"enemies":"conspire:SneckoGhost","floor":24,"turns":4},{"damage":0,"enemies":"conspire:Head Lice","floor":25,"turns":4},{"damage":0,"enemies":"conspire:SneckoGhost","floor":27,"turns":4},{"damage":0,"enemies":"Book of Stabbing","floor":29,"turns":4},{"damage":11,"enemies":"Slavers","floor":31,"turns":3},{"damage":21,"enemies":"hubris:MusketHawk","floor":33,"turns":7},{"damage":0,"enemies":"3 Darklings","floor":35,"turns":4},{"damage":0,"enemies":"3 Shapes","floor":37,"turns":3},{"damage":0,"enemies":"R_Hoarder","floor":39,"turns":5},{"damage":0,"enemies":"Reptomancer","floor":40,"turns":4},{"damage":0,"enemies":"R_Hoarder","floor":42,"turns":5},{"damage":4,"enemies":"Reptomancer","floor":44,"turns":4},{"damage":0,"enemies":"Writhing Mass","floor":45,"turns":4},{"damage":0,"enemies":"R_Hoarder","floor":46,"turns":4},{"damage":0,"enemies":"Reptomancer","floor":47,"turns":3},{"damage":0,"enemies":"Time Eater","floor":50,"turns":6}],"seed_played":"-1230449778169098418","potions_obtained":[{"floor":1,"key":"BlessingOfTheForge"},{"floor":8,"key":"BlessingOfTheForge"},{"floor":13,"key":"Death Potion"},{"floor":39,"key":"Dexterity Potion"}],"is_trial":true,"path_per_floor":["M","?","?","$","?","E","M","E","T","$","E","E","E","E","R","B",null,"M","?","AVR","M","$","E","E","E","T","E","R","E","R","E","R","B",null,"M","AVR","M","?","E","E","R","E","T","E","M","E","E","$","R","B",null],"character_chosen":"THE_SILENT","items_purchased":["Accuracy","Mercury Hourglass"],"campfire_rested":3,"item_purchase_floors":[10,22],"current_hp_per_floor":[70,67,67,67,67,61,62,63,63,63,53,41,31,36,57,57,73,73,73,73,64,64,64,59,59,59,59,59,59,73,62,62,41,73,73,73,73,73,73,73,73,73,73,69,69,73,73,73,73,73],"gold":60,"neow_bonus":"","is_daily":false,"chose_seed":false,"campfire_upgraded":6,"win_rate":0.0,"timestamp":1610000280,"path_taken":["M","?","?","$","?","E","?","E","T","$","E","E","E","E","R","BOSS","M","?","AVR","?","$","E","E","E","T","E","R","E","R","E","R","BOSS","M","AVR","?","?","?","E","R","E","T","E","?","E","E","?","R","BOSS"],"items_purchased_type":["Card","Relic"],"build_version":"2020-12-22","purchased_purges":4,"victory":true,"max_hp_per_floor":[70,70,70,70,70,71,72,73,73,73,73,73,73,73,73,73,73,73,73,73,73,73,73,73,73,73,73,73,73,73,73,73,73,73,73,73,73,73,73,73,73,73,73,73,73,73,73,73,73,73],"card_choices":[{"not_picked":["Outmaneuver","Skewer"],"picked":"Footwork","floor":0},{"not_picked":["Dagger Spray","Sucker Punch"],"picked":"Blade Dance","floor":0},{"not_picked":["Prepared","Underhanded Strike"],"picked":"Poisoned Stab","floor":0},{"not_picked":["Backstab","PiercingWail"],"picked":"Escape Plan","floor":0},{"not_picked":["All Out Attack","Slice"],"picked":"Deflect","floor":0},{"not_picked":["Heel Hook","Sucker Punch"],"picked":"Flying Knee","floor":0},{"not_picked":["StuffTheSpire:BumpUp","Bane"],"picked":"Backflip","floor":0},{"not_picked":["Slice","Dagger Throw"],"picked":"Caltrops","floor":0},{"not_picked":["StuffTheSpire:ClusterCrunch","Deadly Poison"],"picked":"Dagger Spray","floor":0},{"not_picked":["Blade Dance","ReplayTheSpireMod:Tripwire"],"picked":"Dodge and Roll","floor":0},{"not_picked":["Poisoned Stab","Deflect"],"picked":"Replay:Poison Smokescreen","floor":0},{"not_picked":["Deadly Poison","Slice"],"picked":"Deflect","floor":0},{"not_picked":["Heel Hook","Underhanded Strike"],"picked":"Poisoned Stab","floor":0},{"not_picked":["StuffTheSpire:ClusterCrunch","Flying Knee"],"picked":"Backflip","floor":0},{"not_picked":["ReplayTheSpireMod:Scrap Shanks","Distraction"],"picked":"Noxious Fumes","floor":0},{"not_picked":["Skewer","Hidden Blade"],"picked":"Deadly Poison","floor":1},{"not_picked":["StuffTheSpire:BrainWave","StuffTheSpire:Brawn"],"picked":"StuffTheSpire:Ambrosia","floor":5},{"not_picked":["ReplayTheSpireMod:Necrosis","Doppelganger"],"picked":"After Image","floor":6},{"not_picked":["StuffTheSpire:ReptileScales","ReplayTheSpireMod:The Works"],"picked":"Blur","floor":7},{"not_picked":["Wraith Form v2","StuffTheSpire:FinalStruggle","Doppelganger"],"picked":"SKIP","floor":8},{"not_picked":["A Thousand Cuts","Venomology","ReplayTheSpireMod:From All Sides+1"],"picked":"SKIP","floor":11},{"not_picked":["aspiration:Lunge+1","Malaise"],"picked":"Die Die Die+1","floor":12},{"not_picked":["Doppelganger","Venomology"],"picked":"Corpse Explosion","floor":13},{"not_picked":["ReplayTheSpireMod:From All Sides+1","Bullet Time"],"picked":"infinitespire:Neurotoxin","floor":14},{"not_picked":["Backflip","hubris:SlightOfHand","Slice+1"],"picked":"SKIP","floor":18},{"not_picked":["StuffTheSpire:Repulse+1","Dagger Throw+1","Predator+1"],"picked":"SKIP","floor":21},{"not_picked":["Wraith Form v2","ReplayTheSpireMod:Necrosis"],"picked":"infinitespire:Neurotoxin","floor":23},{"not_picked":["Poison Darts","Doppelganger","infinitespire:Neurotoxin"],"picked":"SKIP","floor":24},{"not_picked":["Grand Finale+1","Replay:Bag of Tricks","Night Terror"],"picked":"SKIP","floor":25},{"not_picked":["Venomology","Storm of Steel","Wraith Form v2"],"picked":"SKIP","floor":27},{"not_picked":["ReplayTheSpireMod:Necrosis","Corpse Explosion","Tools of the Trade"],"picked":"SKIP","floor":29},{"not_picked":["Storm of Steel","Corpse Explosion","Envenom"],"picked":"SKIP","floor":31},{"not_picked":["Outmaneuver+1","hubris:Counter+1","conspire:PoisonWeapons"],"picked":"SKIP","floor":35},{"not_picked":["vexMod:StairwayStrike","hubris:EnhanceAbility"],"picked":"ReplayTheSpireMod:Brewmster","floor":36},{"not_picked":["Replay:Bootleg Shield Generator","Transmutation"],"picked":"expansioncontent:Collect","floor":36},{"not_picked":["Replay:Poison Smokescreen","Dagger Spray+1"],"picked":"Fluid Movement+1","floor":37},{"not_picked":["infinitespire:Neurotoxin","Unload+1","Corpse Explosion"],"picked":"SKIP","floor":39},{"not_picked":["Malaise","Tools of the Trade","Envenom"],"picked":"SKIP","floor":40},{"not_picked":["A Thousand Cuts","StuffTheSpire:FinalStruggle+1"],"picked":"After Image","floor":42},{"not_picked":["Night Terror+1","After Image"],"picked":"Adrenaline+1","floor":44},{"not_picked":["Dagger Spray+1","StuffTheSpire:Sprint+1"],"picked":"Noxious Fumes+1","floor":45},{"not_picked":["Bullet Time+1","Unload+1"],"picked":"Adrenaline+1","floor":46},{"not_picked":["Bullet Time+1","Phantasmal Killer+1","Tools of the Trade"],"picked":"SKIP","floor":47}],"player_experience":627133,"relics_obtained":[{"floor":6,"key":"Meat on the Bone"},{"floor":8,"key":"halation:IllGainedPizza"},{"floor":9,"key":"PreservedInsect"},{"floor":11,"key":"Molten Egg 2"},{"floor":12,"key":"MawBank"},{"floor":13,"key":"Turnip"},{"floor":14,"key":"Thread and Needle"},{"floor":23,"key":"Smiling Mask"},{"floor":25,"key":"HornCleat"},{"floor":26,"key":"hubris:MysteriousPyramids"},{"floor":27,"key":"Pet Ghost"},{"floor":29,"key":"hubris:ToyBattleship"},{"floor":31,"key":"aspiration:FetidBarrel"},{"floor":40,"key":"Ginger"},{"floor":42,"key":"Quantum Egg"},{"floor":43,"key":"Gremlin Food"},{"floor":44,"key":"Toxic Egg 2"},{"floor":46,"key":"champ:DeflectingBracers"},{"floor":47,"key":"infinitespire:CheckeredPen"}],"event_choices":[{"damage_healed":0,"gold_gain":0,"player_choice":"Relic ","damage_taken":3,"max_hp_gain":0,"max_hp_loss":0,"event_name":"betterThird:BetterScrap","floor":2,"gold_loss":0,"cards_obtained":["hubris:CleavingFinish"]},{"damage_healed":0,"gold_gain":0,"player_choice":"Ignored","damage_taken":0,"max_hp_gain":0,"max_hp_loss":0,"event_name":"Ghosts","floor":19,"gold_loss":0},{"damage_healed":0,"gold_gain":0,"player_choice":"Ignored","damage_taken":0,"max_hp_gain":0,"max_hp_loss":0,"event_name":"betterThird:BetterPortal","floor":38,"gold_loss":0}],"is_beta":false,"boss_relics":[{"not_picked":["vexMod:MysteryBossChallenge","energizedSpire:HugeHouse"],"picked":"Ectoplasm"},{"not_picked":["trackpad:Coffee","SacredBark"],"picked":"SlaversCollar"}],"items_purged_floors":[10,20,22,36],"is_endless":false,"potions_floor_spawned":[1,8,13,14,16,24,31,33,39,42,44,47],"ascension_level":0}}