{"host":"0npau4al1ghjijrr","time":1610047346,"event":{"mods":["ATMod(阿瑾Mod)","Act Like it!","Aspiration","BaseMod","Conspire","Decade(王小明)","Downfall","Hallownest","Lobotomy","LobotomyExtend","Marisa（F雨　魔理沙）","Minty Spire (QoL Compilation)","MostiFishMod","Reimu（博丽灵梦）","Remilia（蕾米莉亚）","Replay The Spire","SOS（斯巴达之子）","Shop Mod","Spicy Shops","StSLib","The Administrix","The Bug Knight","The Construct","Yuri Mod","vexMod","【遗物卡牌】REMEMod"],"gold_per_floor":[111,286,286,30,50,80,92,17,17,30,64,64,85,108,108,231,231,255,255,255,255,255,255,255,274,274,39,80,139,139,153,153,282,282,307,325,325,325,338,363,383,162,162,162,162,175,216,236,236,236],"floor_reached":51,"playtime":1550,"items_purged":["Doubt","construct:DefenseMode","construct:Defend_Gold","construct:Defend_Gold"],"score":1056,"play_id":"fe189f2b-6e4e-48fe-a234-86649085a14a","local_time":"20210108032226","is_ascension_mode":false,"campfire_choices":[{"data":"construct:ShiftStrike","floor":15,"key":"SMITH"},{"data":"construct:ForceCore","floor":24,"key":"SMITH"},{"data":"construct:ClockworkEgg","floor":30,"key":"SMITH"},{"data":"construct:ClockworkEgg+1","floor":32,"key":"SMITH"},{"data":"construct:ClockworkEgg+2","floor":45,"key":"SMITH"},{"data":"construct:MemoryTap","floor":45,"key":"SMITH"},{"data":"construct:HammerDown+1","floor":49,"key":"SMITH"},{"data":"construct:SweepLaser+1","floor":49,"key":"SMITH"}],"circlet_count":0,"master_deck":["construct:Strike_Gold+1","construct:Strike_Gold","construct:Strike_Gold","construct:Strike_Gold","construct:Defend_Gold","construct:AttackMode+1","AT_EssenceShift","AT_MachinaRedman","construct:HeavyBolt","construct:ShiftStrike+1","construct:Analyze+1","construct:HammerDown+2","construct:SweepLaser+2","construct:ForceCore+1","construct:MemoryTap+1","Amnesia"],"relics":["construct:Cogwheel","AT_ATBox","REME_ComplimentaryCards","DaveBox","ExusiaiGun","OriginationStaff","SynthV:TestCard","AT_TimeSand","Dream Catcher","Replay:Accelerometer","conspire:BottledYoYo","Golden Idol","LetterFromLob","Busted Crown","TungstenRod","aspiration:DSix","BargainBundle","Whetstone","Bronze Scales","War Paint","Thread and Needle","Cauldron","Replay:Baseball","ReplayTheSpireMod:DimensionalGlitch","Replay:Arrowhead","ReplayTheSpireMod:Ninjato","ReplayTheSpireMod:Ring of Collecting","ReplayTheSpireMod:Ring of Challenge","Molten Egg 2","Toxic Egg 2","Frozen Egg 2","construct:ClockworkPhoenix","Replay:Rubber Ducky"],"acts_visited":["Exordium","Hallownest:CityofTears","TheBeyond"],"potions_floor_usage":[],"damage_taken":[{"damage":5,"enemies":"conspire:RoseBush","floor":1,"turns":1},{"damage":0,"enemies":"Jaw Worm","floor":5,"turns":1},{"damage":0,"enemies":"HollowMod:MossKnight","floor":6,"turns":2},{"damage":0,"enemies":"Cultist","floor":7,"turns":1},{"damage":0,"enemies":"3 Louse","floor":10,"turns":1},{"damage":9,"enemies":"3 Sentries","floor":11,"turns":2},{"damage":0,"enemies":"2 Fungi Beasts","floor":13,"turns":1},{"damage":0,"enemies":"Exordium Thugs","floor":14,"turns":2},{"damage":0,"enemies":"Fading Forest","floor":16,"turns":6},{"damage":0,"enemies":"Hallownest:2_Mistakes","floor":18,"turns":2},{"damage":0,"enemies":"Hallownest:Flukemon_and_Top","floor":22,"turns":2},{"damage":0,"enemies":"Hallownest:Nosk","floor":23,"turns":1},{"damage":0,"enemies":"Hallownest:monsterShrumalOgre","floor":25,"turns":1},{"damage":0,"enemies":"Hallownest:eliteWatcherKnight","floor":28,"turns":6},{"damage":0,"enemies":"Hallownest:Glutton_and_Coward","floor":29,"turns":2},{"damage":0,"enemies":"Hallownest:Master_and_Novice","floor":31,"turns":1},{"damage":8,"enemies":"Hallownest:BossMantisLord","floor":33,"turns":2},{"damage":20,"enemies":"3 Shapes","floor":35,"turns":3},{"damage":0,"enemies":"Orb Walker","floor":36,"turns":1},{"damage":0,"enemies":"3 Darklings","floor":39,"turns":1},{"damage":0,"enemies":"Jaw Worm Horde","floor":40,"turns":1},{"damage":0,"enemies":"Transient","floor":41,"turns":5},{"damage":0,"enemies":"3 Darklings","floor":46,"turns":2},{"damage":0,"enemies":"Nemesis","floor":47,"turns":1},{"damage":24,"enemies":"4 Shapes","floor":48,"turns":1},{"damage":15,"enemies":"Awakened One","floor":50,"turns":3}],"seed_played":"5516087010475066457","potions_obtained":[{"floor":7,"key":"SteroidPotion"},{"floor":13,"key":"AttackPotion"},{"floor":14,"key":"construct:ShiftPotion"},{"floor":27,"key":"Adrenaline Potion"},{"floor":36,"key":"REME_GoldPotion"}],"is_trial":false,"path_per_floor":["M","?","?","$","M","E","M","$","T","M","E","?","M","M","R","B",null,"M","?","?","?","M","E","R","M","T","$","E","M","R","M","R","B",null,"M","M","?","?","M","M","M","$","T","?","R","M","E","M","R","B",null],"character_chosen":"THE_CONSTRUCT_MOD","items_purchased":["AT_TimeSand","BargainBundle","Whetstone","Bronze Scales","War Paint","Thread and Needle","construct:ClockworkEgg","Cauldron","Replay:Arrowhead"],"campfire_rested":0,"item_purchase_floors":[4,27,27,27,27,27,27,27,42],"current_hp_per_floor":[56,56,56,56,56,56,56,56,56,56,47,26,26,26,26,36,85,85,85,81,85,85,85,85,85,85,85,85,85,85,85,85,77,85,65,65,74,74,74,74,74,74,74,74,74,74,74,50,50,35],"gold":236,"neow_bonus":"ONE_RARE_RELIC","is_daily":false,"chose_seed":false,"campfire_upgraded":8,"win_rate":0.0,"timestamp":1610047346,"path_taken":["M","?","?","$","M","E","?","$","T","M","E","?","M","M","R","BOSS","M","?","?","?","?","E","R","M","T","$","E","M","R","M","R","BOSS","M","M","?","?","M","M","?","$","T","?","R","M","E","M","R","BOSS"],"items_purchased_type":["Relic","Relic","Relic","Relic","Relic","Relic","Card","Relic","Relic"],"build_version":"2020-12-22","purchased_purges":4,"victory":true,"max_hp_per_floor":[85,85,85,85,85,85,85,85,85,85,85,85,85,85,85,85,85,85,85,85,85,85,85,85,85,85,85,85,85,85,85,85,85,85,85,85,85,85,85,85,85,85,85,85,85,85,85,85,85,85],"card_choices":[{"not_picked":["construct:Backup","construct:Backfire"],"picked":"construct:HeavyBolt","floor":1},{"not_picked":["construct:HeavyBolt","construct:VentSteam","construct:ReactiveShield","construct:FocusedBeam"],"picked":"construct:Analyze","floor":5},{"not_picked":["construct:Backfire","construct:SuppressiveFire","construct:ModeShift","construct:Antimatter","construct:Enhance"],"picked":"SKIP","floor":6},{"not_picked":["construct:Antimatter","construct:Disrupt","construct:Analyze","construct:FierceBash","construct:FlameCore"],"picked":"SKIP","floor":7},{"not_picked":["construct:Autoturret","construct:Tumble","construct:ShiftStrike","construct:Boost","construct:VentSteam"],"picked":"SKIP","floor":10},{"not_picked":["construct:Reinforce","construct:ForceCore","construct:SpinDrive","construct:Anticipate","construct:HyperBeam"],"picked":"SKIP","floor":11},{"not_picked":["construct:ModeShift","construct:Accumulate","construct:VentSteam","construct:Antimatter","construct:SaveState"],"picked":"SKIP","floor":13},{"not_picked":["construct:VentSteam","construct:Impenetrable","construct:Backup","construct:Versatility","construct:Backfire"],"picked":"SKIP","floor":14},{"not_picked":["construct:Multistage","construct:MemoryTap","construct:ShiftingStance","construct:MassProduction"],"picked":"construct:HammerDown","floor":16},{"not_picked":["construct:SyphonStrike","construct:Backup"],"picked":"construct:SweepLaser+1","floor":18},{"not_picked":["construct:ElectricArmor+1","construct:Missile","construct:SweepLaser"],"picked":"SKIP","floor":22},{"not_picked":["construct:ShiftingStance","construct:SuppressiveFire"],"picked":"construct:ForceCore","floor":23},{"not_picked":["construct:SweepLaser","construct:Impenetrable","construct:ShiftStrike+1"],"picked":"SKIP","floor":25},{"not_picked":["construct:Analyze","construct:HastyRepair","construct:FocusedBeam"],"picked":"SKIP","floor":28},{"not_picked":["construct:Construct_Overclock+1","construct:Missile","construct:Accumulate"],"picked":"SKIP","floor":29},{"not_picked":["construct:ScrapCannon","construct:CripplingShot+1","construct:SyphonStrike"],"picked":"SKIP","floor":31},{"not_picked":["construct:Bunker","construct:HyperBeam"],"picked":"construct:MemoryTap","floor":33},{"not_picked":["construct:FierceBash+1","construct:CriticalHit+1","construct:GuardCore"],"picked":"SKIP","floor":35},{"not_picked":["construct:SweepLaser+1","construct:ModeShift+1","construct:SyphonStrike+1"],"picked":"SKIP","floor":36},{"not_picked":["construct:SyphonStrike+1","construct:Accumulate+1","construct:Overcharge"],"picked":"SKIP","floor":39},{"not_picked":["construct:ScrapCannon+1","construct:SyphonStrike+1","construct:Chainstrike"],"picked":"SKIP","floor":40},{"not_picked":["construct:Tumble","construct:ScrapCannon+1","construct:HeavyBolt+1"],"picked":"SKIP","floor":41},{"not_picked":["construct:Accumulate+1","construct:ElectricArmor+1","construct:Tumble+1"],"picked":"SKIP","floor":46},{"not_picked":["construct:ShiftStrike+1","construct:Analyze+1","construct:Construct_Overclock+1"],"picked":"SKIP","floor":47},{"not_picked":["construct:HeavyBolt+1","construct:ShiftStrike+1","construct:Boost+1"],"picked":"SKIP","floor":48}],"player_experience":215731,"relics_obtained":[{"floor":1,"key":"SynthV:TestCard"},{"floor":6,"key":"Dream Catcher"},{"floor":9,"key":"Replay:Accelerometer"},{"floor":11,"key":"conspire:BottledYoYo"},{"floor":16,"key":"LetterFromLob"},{"floor":23,"key":"TungstenRod"},{"floor":26,"key":"aspiration:DSix"},{"floor":28,"key":"Replay:Baseball"},{"floor":43,"key":"ReplayTheSpireMod:Ninjato"},{"floor":44,"key":"ReplayTheSpireMod:Ring of Collecting"},{"floor":44,"key":"ReplayTheSpireMod:Ring of Challenge"},{"floor":47,"key":"Replay:Rubber Ducky"}],"event_choices":[{"damage_healed":0,"gold_gain":175,"player_choice":"AGREE","damage_taken":0,"max_hp_gain":0,"max_hp_loss":0,"event_name":"Liars Game","floor":2,"gold_loss":0,"cards_obtained":["Doubt"]},{"damage_healed":0,"gold_gain":0,"cards_transformed":["construct:Strike_Gold"],"player_choice":"Transformed","damage_taken":0,"max_hp_gain":0,"max_hp_loss":0,"event_name":"Transmorgrifier","floor":3,"gold_loss":0,"cards_obtained":["construct:ShiftStrike"]},{"damage_healed":0,"gold_gain":0,"player_choice":"Take Damage","damage_taken":21,"relics_obtained":["Golden Idol"],"max_hp_gain":0,"max_hp_loss":0,"event_name":"Golden Idol","floor":12,"gold_loss":0},{"damage_healed":0,"gold_gain":0,"player_choice":"0 cards matched","damage_taken":0,"max_hp_gain":0,"max_hp_loss":0,"event_name":"Match and Keep!","floor":38,"gold_loss":0,"cards_obtained":[]}],"is_beta":false,"boss_relics":[{"not_picked":["ShadowXiaoBlade","conspire:SpecialSausage"],"picked":"Busted Crown"},{"not_picked":["vexMod:CursedCompass","Velvet Choker"],"picked":"ReplayTheSpireMod:DimensionalGlitch"}],"items_purged_floors":[8,27,27,42],"is_endless":false,"potions_floor_spawned":[7,13,14,18,25,28,36,41,48],"ascension_level":0}}