{"host":"h4lp0eeso8a0ssq0","time":1610016278,"event":{"mods":["2.2 Compatiblity","AchievementEnabler","BaseMod","CapriCore","Colored Map","Minty Spire (QoL Compilation)","StSLib","SuperFastMode"],"gold_per_floor":[114,124,48,48,48,77,77,102,102,114,134,146,172,185,185,285,285,299,299,239,257,273,273,273,286,357,79,93,108,127,141,141,244,244,254,28,73,73,93,93,104,104,130,130,148,65,340,355,355,355,355,355,75,101,101],"floor_reached":56,"playtime":2104,"items_purged":["Strike_P","Strike_P","Strike_P","Defend_P"],"score":1423,"play_id":"0e77101a-54fe-45e4-b505-66ce1f22425e","local_time":"20210107194438","is_ascension_mode":false,"campfire_choices":[{"data":"Eruption","floor":7.0,"key":"SMITH"},{"data":"Study","floor":15.0,"key":"SMITH"},{"data":"Adaptation","floor":23.0,"key":"SMITH"},{"floor":32.0,"key":"REST"},{"data":"Defend_P","floor":40.0,"key":"PURGE"},{"data":"Defend_P","floor":42.0,"key":"PURGE"},{"floor":49.0,"key":"RECALL"},{"data":"Conclude","floor":52.0,"key":"PURGE"}],"circlet_count":0,"master_deck":["Defend_P","Eruption+1","Vigilance","Consecrate","Adaptation+1","FearNoEvil","Study+1","Scrawl","InnerPeace+1"],"relics":["PureWater","NeowsBlessing","The Courier","PreservedInsect","Anchor","TeardropLocket","SacredBark","Pear","Ornamental Fan","VioletLotus","Bronze Scales","Peace Pipe","Omamori","Lee\u0027s Waffle","Mercury Hourglass"],"acts_visited":["Exordium","TheCity","TheBeyond","TheEnding"],"potions_floor_usage":[55],"damage_taken":[{"damage":0.0,"enemies":"Jaw Worm","floor":1.0,"turns":1.0},{"damage":0.0,"enemies":"Cultist","floor":2.0,"turns":1.0},{"damage":0.0,"enemies":"3 Sentries","floor":6.0,"turns":1.0},{"damage":5.0,"enemies":"Lagavulin","floor":8.0,"turns":5.0},{"damage":0.0,"enemies":"Small Slimes","floor":10.0,"turns":1.0},{"damage":0.0,"enemies":"Looter","floor":11.0,"turns":2.0},{"damage":0.0,"enemies":"Gremlin Gang","floor":12.0,"turns":2.0},{"damage":12.0,"enemies":"3 Sentries","floor":13.0,"turns":6.0},{"damage":0.0,"enemies":"Red Slaver","floor":14.0,"turns":3.0},{"damage":31.0,"enemies":"The Guardian","floor":16.0,"turns":11.0},{"damage":26.0,"enemies":"2 Thieves","floor":18.0,"turns":4.0},{"damage":5.0,"enemies":"Spheric Guardian","floor":21.0,"turns":3.0},{"damage":18.0,"enemies":"Shelled Parasite and Fungi","floor":22.0,"turns":5.0},{"damage":19.0,"enemies":"Centurion and Healer","floor":25.0,"turns":4.0},{"damage":0.0,"enemies":"Sentry and Sphere","floor":28.0,"turns":3.0},{"damage":5.0,"enemies":"Shelled Parasite and Fungi","floor":29.0,"turns":4.0},{"damage":0.0,"enemies":"Centurion and Healer","floor":30.0,"turns":3.0},{"damage":1.0,"enemies":"Cultist and Chosen","floor":31.0,"turns":3.0},{"damage":58.0,"enemies":"Champ","floor":33.0,"turns":8.0},{"damage":38.0,"enemies":"Orb Walker","floor":35.0,"turns":5.0},{"damage":0.0,"enemies":"2 Orb Walkers","floor":37.0,"turns":1.0},{"damage":0.0,"enemies":"3 Darklings","floor":39.0,"turns":2.0},{"damage":0.0,"enemies":"Spire Growth","floor":41.0,"turns":2.0},{"damage":0.0,"enemies":"Sphere and 2 Shapes","floor":45.0,"turns":1.0},{"damage":0.0,"enemies":"Transient","floor":48.0,"turns":1.0},{"damage":0.0,"enemies":"Awakened One","floor":50.0,"turns":3.0},{"damage":0.0,"enemies":"Shield and Spear","floor":54.0,"turns":1.0},{"damage":7,"enemies":"The Heart","floor":55,"turns":3}],"seed_played":"8916917400477088606","potions_obtained":[{"floor":8.0,"key":"LiquidMemories"},{"floor":10.0,"key":"SkillPotion"},{"floor":11.0,"key":"Strength Potion"},{"floor":14.0,"key":"Dexterity Potion"},{"floor":18.0,"key":"Regen Potion"},{"floor":25.0,"key":"GamblersBrew"},{"floor":28.0,"key":"Ambrosia"},{"floor":35.0,"key":"LiquidMemories"},{"floor":41.0,"key":"PowerPotion"}],"is_trial":false,"path_per_floor":["M","M","$","?","?","E","R","E","T","M","M","M","E","M","R","B",null,"M","?","$","M","M","R","?","M","T","$","M","M","M","M","R","B",null,"M","$","?","?","M","R","M","R","T","?","M","$","?","M","R","B",null,"R","$","E","B",null],"character_chosen":"WATCHER","items_purchased":["Adaptation","Ornamental Fan","Bronze Scales","FairyPotion","Weak Potion","Lee\u0027s Waffle"],"campfire_rested":1,"item_purchase_floors":[3,27,36,46,53,53],"current_hp_per_floor":[72,72,72,60,60,60,60,55,55,55,55,55,43,43,43,12,72,46,46,46,41,57,57,57,38,48,48,48,43,43,42,66,8,82,44,44,44,44,44,44,44,44,44,65,65,65,65,65,65,65,82,82,89,89,82],"gold":101,"neow_bonus":"THREE_ENEMY_KILL","is_daily":false,"chose_seed":false,"campfire_upgraded":3,"win_rate":0.0,"timestamp":1610016278,"path_taken":["M","M","$","?","?","E","R","E","T","M","M","?","E","M","R","BOSS","M","?","$","M","M","R","?","M","T","$","M","?","M","M","R","BOSS","M","$","?","?","?","R","?","R","T","?","M","$","?","M","R","BOSS","R","$","E","BOSS"],"items_purchased_type":["Card","Relic","Relic","Potion","Potion","Relic"],"build_version":"2020-12-22","purchased_purges":4,"victory":true,"max_hp_per_floor":[72,72,72,72,72,72,72,72,72,72,72,72,72,72,72,72,72,72,72,72,72,72,72,72,72,82,82,82,82,82,82,82,82,82,82,82,82,82,82,82,82,82,82,82,82,82,82,82,82,82,82,82,89,89,89],"card_choices":[{"not_picked":["Crescendo","Protect"],"picked":"Conclude","floor":1.0},{"not_picked":["Prostrate","EmptyFist"],"picked":"Consecrate","floor":2.0},{"not_picked":["WaveOfTheHand","LessonLearned","JustLucky"],"picked":"SKIP","floor":6.0},{"not_picked":["Vengeance","Protect","EmptyMind"],"picked":"SKIP","floor":8.0},{"not_picked":["ReachHeaven","Prostrate","CarveReality"],"picked":"SKIP","floor":10.0},{"not_picked":["BowlingBash","PathToVictory","Crescendo"],"picked":"SKIP","floor":11.0},{"not_picked":["FollowUp","WindmillStrike"],"picked":"FearNoEvil","floor":12.0},{"not_picked":["EmptyFist","PathToVictory","ClearTheMind"],"picked":"SKIP","floor":13.0},{"not_picked":["Ragnarok","Prostrate"],"picked":"Study","floor":14.0},{"not_picked":["Sanctity","EmptyBody+1","PathToVictory"],"picked":"SKIP","floor":18.0},{"not_picked":["SashWhip+1","Swivel","CutThroughFate"],"picked":"SKIP","floor":21.0},{"not_picked":["Protect","Tantrum","JustLucky"],"picked":"SKIP","floor":22.0},{"not_picked":["Protect+1","Prostrate","FlyingSleeves"],"picked":"SKIP","floor":25.0},{"not_picked":["ThirdEye","Wireheading","Evaluate+1"],"picked":"SKIP","floor":28.0},{"not_picked":["Scrawl","EmptyFist","Consecrate"],"picked":"SKIP","floor":29.0},{"not_picked":["Tantrum","Crescendo","FlurryOfBlows"],"picked":"SKIP","floor":30.0},{"not_picked":["Crescendo+1","ReachHeaven"],"picked":"InnerPeace+1","floor":31.0},{"not_picked":["Prostrate+1","Perseverance","Consecrate"],"picked":"SKIP","floor":35.0},{"not_picked":["JustLucky","CrushJoints","Ragnarok"],"picked":"SKIP","floor":39.0},{"not_picked":["Protect","Study+1","FlyingSleeves+1"],"picked":"SKIP","floor":41.0},{"not_picked":["ClearTheMind","BowlingBash","ThirdEye+1"],"picked":"SKIP","floor":45.0},{"not_picked":["ReachHeaven+1","CrushJoints+1","Protect"],"picked":"SKIP","floor":48.0},{"not_picked":["FlyingSleeves+1","Brilliance","JustLucky"],"picked":"SKIP","floor":54.0}],"player_experience":88669,"relics_obtained":[{"floor":6.0,"key":"PreservedInsect"},{"floor":8.0,"key":"Anchor"},{"floor":13.0,"key":"TeardropLocket"},{"floor":26.0,"key":"Pear"},{"floor":37.0,"key":"Peace Pipe"},{"floor":43.0,"key":"Omamori"},{"floor":54.0,"key":"Mercury Hourglass"}],"event_choices":[{"damage_healed":0.0,"max_hp_gain":0.0,"max_hp_loss":0.0,"gold_gain":0.0,"event_name":"Scrap Ooze","player_choice":"Success","floor":4.0,"gold_loss":0.0,"damage_taken":12.0,"relics_obtained":["The Courier"]},{"cards_removed":["Strike_P"],"damage_healed":0.0,"max_hp_gain":0.0,"max_hp_loss":0.0,"gold_gain":0.0,"event_name":"Purifier","player_choice":"Purged","floor":5.0,"gold_loss":0.0,"damage_taken":0.0},{"damage_healed":0.0,"max_hp_gain":0.0,"max_hp_loss":0.0,"gold_gain":0.0,"event_name":"Vampires","player_choice":"Ignored","floor":19.0,"gold_loss":0.0,"damage_taken":0.0},{"damage_healed":0.0,"max_hp_gain":0.0,"max_hp_loss":0.0,"gold_gain":0.0,"event_name":"Match and Keep!","player_choice":"1 cards matched","floor":24.0,"gold_loss":0.0,"damage_taken":0.0,"cards_obtained":["Scrawl"]},{"damage_healed":0.0,"max_hp_gain":0.0,"max_hp_loss":0.0,"gold_gain":0.0,"event_name":"Mysterious Sphere","player_choice":"Fight","floor":37.0,"gold_loss":0.0,"damage_taken":0.0},{"damage_healed":0.0,"max_hp_gain":0.0,"max_hp_loss":0.0,"gold_gain":0.0,"event_name":"Match and Keep!","player_choice":"0 cards matched","floor":38.0,"gold_loss":0.0,"damage_taken":0.0,"cards_obtained":[]},{"damage_healed":21.0,"max_hp_gain":0.0,"max_hp_loss":0.0,"gold_gain":0.0,"event_name":"Winding Halls","player_choice":"Writhe","floor":44.0,"gold_loss":0.0,"damage_taken":0.0,"cards_obtained":["Writhe"]},{"damage_healed":0.0,"max_hp_gain":0.0,"max_hp_loss":0.0,"gold_gain":275.0,"event_name":"Golden Shrine","player_choice":"Desecrate","floor":47.0,"gold_loss":0.0,"damage_taken":0.0,"cards_obtained":["Regret"]}],"is_beta":false,"boss_relics":[{"not_picked":["Snecko Eye","Busted Crown"],"picked":"SacredBark"},{"not_picked":["Pandora\u0027s Box","Calling Bell"],"picked":"VioletLotus"}],"items_purged_floors":[20,27,36,53],"is_endless":false,"potions_floor_spawned":[8,10,11,14,18,25,28,35,41],"ascension_level":0}}