{"host":"j8ly90ps7nkk24ot","time":1610090313,"event":{"mods":["AchievementEnabler","Act Like it!","Arknights The Spire","Aspiration","BaseMod","Better Note","Better Sensory Stone","Better Skull","Block Reminder","Clockwork Mod","Colored Map","Colored Powertips","DeckTracker","Dio Mod","Downfall","Fiend Mod","Googly Eyes","GungeonMod","Halation","Hermit","Highlight Path","Minty Spire (QoL Compilation)","Permanent Neow","Practice Mode","Quick Restart","Rare Cards Sparkle","Relic Sorter","Relic Stats","Replay The Spire","StSLib","SuperFastMode","Synergy Search","The Bladedancer","The Bug Knight","The Construct","The Disciple","The Exalted","The Juggle","The Necromancer","The Saiyan","The Servant 0.9.4","The Showman","The Wild Card","TheBandit","TheHero","Waifu the Spire","everything is the same but u backflip on backflip","slay the spire mod where everything is the same but ironclad has a cowboy hat"],"gold_per_floor":[115,115,115,131,148,179,179,179,179,192,206,219,229,260,260,358,408,427,413,424,424,442,477,58,58,58,58,73,100,119,132,132,132,132],"floor_reached":33,"playtime":5057,"items_purged":[],"score":353,"play_id":"6732946a-fb6d-4ea2-a546-9e3830012adc","local_time":"20210107231833","is_ascension_mode":false,"campfire_choices":[{"floor":15,"key":"REST"},{"data":"HollowMod:LifebloodCore","floor":25,"key":"SMITH"},{"floor":27,"key":"REST"},{"floor":32,"key":"REST"}],"circlet_count":0,"master_deck":["HollowMod:NailStrikeStart","HollowMod:NailStrikeStart","HollowMod:NailStrikeStart+1","HollowMod:NailStrikeStart","HollowMod:QuickDashStart","HollowMod:QuickDashStart","HollowMod:FocusHealStart","HollowMod:PogoStrike+1","Shame","HollowMod:ChannelNail","HollowMod:QuirrelsAssistance","HollowMod:SoulStrike","HollowMod:LifebloodCocoon+1","HollowMod:DoubleDash","HollowMod:Weaversong","HollowMod:DashSlash","HollowMod:DoubleDash","HollowMod:LifebloodCore+1","HollowMod:MidwifesHunger","HollowMod:MantisMark","HollowMod:HowlingWraiths","HollowMod:SoulVessel","HollowMod:SoulShaman","animeID:Hawks","HollowMod:CoiledNail+1","HollowMod:HeavyBlow","DemoMod:Invincible","Good Instincts","HollowMod:MonarchWings","HollowMod:DungDefenderAura+1","HollowMod:DesolateDive","HollowMod:VengefulSpirit+1"],"relics":["HollowMod:VesselMask","DemoMod:PoisonVial","Tiny House","halation:EternalFortune","Question Card","DemoMod:PinkGuonStone","DemoMod:MonsterBlood","halation:Komachan","Bromod:ArcaneAwakening","Pondfish Scales"],"acts_visited":["Exordium","TheCity"],"potions_floor_usage":[14,14,16,16,18,20,23,23,33,33,33],"damage_taken":[{"damage":5.0,"enemies":"2 Louse","floor":1.0,"turns":2.0},{"damage":0.0,"enemies":"Small Slimes","floor":4.0,"turns":3.0},{"damage":5.0,"enemies":"Cultist","floor":5.0,"turns":3.0},{"damage":43.0,"enemies":"Lagavulin","floor":6.0,"turns":10.0},{"damage":3,"enemies":"Exordium Wildlife","floor":10,"turns":3},{"damage":3,"enemies":"Blue Slaver","floor":11,"turns":4},{"damage":2,"enemies":"Red Slaver","floor":12,"turns":4},{"damage":14,"enemies":"Lots of Slimes","floor":13,"turns":5},{"damage":9,"enemies":"3 Sentries","floor":14,"turns":6},{"damage":39,"enemies":"Hexaghost","floor":16,"turns":13},{"damage":0,"enemies":"Spheric Guardian","floor":18,"turns":6},{"damage":21,"enemies":"2 Thieves","floor":19,"turns":4},{"damage":21,"enemies":"Centurion and Healer","floor":20,"turns":7},{"damage":5,"enemies":"Shelled Parasite and Fungi","floor":22,"turns":7},{"damage":21,"enemies":"Replay:Snechameleon","floor":23,"turns":7},{"damage":13,"enemies":"Snake Plant","floor":28,"turns":5},{"damage":40,"enemies":"Gremlin Leader","floor":29,"turns":8},{"damage":4,"enemies":"3 Cultists","floor":30,"turns":7},{"damage":11,"enemies":"Snecko","floor":31,"turns":6},{"damage":49,"enemies":"Champ","floor":33,"turns":11}],"seed_played":"-8376720592683767740","potions_obtained":[{"floor":5.0,"key":"Energy Potion"},{"floor":6,"key":"Dexterity Potion"},{"floor":13,"key":"Languid Potion"},{"floor":14,"key":"Weak Potion"},{"floor":16,"key":"sneckomod:MuddlingPotion"},{"floor":17,"key":"hexamod:EctoCoolerPotion"},{"floor":20,"key":"Adrenaline Potion"},{"floor":22,"key":"GamblersBrew"},{"floor":23,"key":"Death Potion"},{"floor":28,"key":"LiquidMemories"},{"floor":31,"key":"Block Potion"}],"is_trial":false,"path_per_floor":["M","?","?","M","M","E","?","?","T","M","M","M","M","E","R","B",null,"M","M","M","?","M","E","$","R","T","R","M","E","M","M","R","B"],"character_chosen":"THE_BUGKNIGHT","items_purchased":["halation:Komachan","DemoMod:Invincible","Good Instincts"],"campfire_rested":3,"item_purchase_floors":[24,24,24],"current_hp_per_floor":[70,73,73,73,74,44,27,27,27,24,21,19,8,15,44,17,103,103,88,67,67,62,41,41,41,41,71,58,18,14,12,43,0,0],"gold":132,"neow_bonus":"TRANSFORM_TWO_CARDS","is_daily":false,"chose_seed":false,"campfire_upgraded":1,"win_rate":0.0,"timestamp":1610090313,"path_taken":["M","?","?","M","M","E","?","?","T","M","?","M","M","E","R","BOSS","M","M","M","?","M","E","$","R","T","R","?","E","?","M","R","BOSS"],"items_purchased_type":["Relic","Card","Card"],"build_version":"2020-12-22","purchased_purges":0,"victory":false,"max_hp_per_floor":[75,78,78,78,78,85,85,85,85,85,85,85,88,98,98,98,103,103,103,103,103,103,103,103,103,103,103,103,103,103,106,106,106,106],"relic_stats":{"counters":[20,121],"Question Card":30,"obtain_stats":[{"Bromod:ArcaneAwakening":26,"Pondfish Scales":29,"Tiny House":17,"DemoMod:PoisonVial":23,"DemoMod:MonsterBlood":14,"halation:EternalFortune":2,"HollowMod:VesselMask":0,"DemoMod:GlassGuonStoneRelic":4,"DemoMod:PinkGuonStone":6,"halation:Komachan":24,"Question Card":3},{"Bromod:ArcaneAwakening":15,"Pondfish Scales":17,"Tiny House":10,"DemoMod:PoisonVial":15,"DemoMod:MonsterBlood":9,"halation:EternalFortune":1,"HollowMod:VesselMask":0,"DemoMod:GlassGuonStoneRelic":2,"DemoMod:PinkGuonStone":4,"halation:Komachan":15,"Question Card":1},{"Bromod:ArcaneAwakening":84,"Pondfish Scales":97,"Tiny House":53,"DemoMod:PoisonVial":84,"DemoMod:MonsterBlood":40,"halation:EternalFortune":2,"HollowMod:VesselMask":0,"DemoMod:GlassGuonStoneRelic":5,"DemoMod:PinkGuonStone":18,"halation:Komachan":84,"Question Card":2}]},"card_choices":[{"not_picked":["HollowMod:CycloneSlash","HollowMod:AbyssShriek"],"picked":"HollowMod:SoulStrike","floor":1.0},{"not_picked":["HollowMod:NewLittleFool","HollowMod:InfectedAttack","HollowMod:ShadowDash","HollowMod:SharpenedNail"],"picked":"SKIP","floor":4.0},{"not_picked":["HollowMod:DescendingDark","HollowMod:SoulEater","HollowMod:SoulStrike"],"picked":"HollowMod:LifebloodCocoon","floor":5.0},{"not_picked":["HollowMod:NewGlowingWomb","HollowMod:VengefulVoid","HollowMod:ShadowDash","HollowMod:InfectedAttack"],"picked":"SKIP","floor":6},{"not_picked":["HollowMod:ChannelNail","HollowMod:SoulStrike","HollowMod:NewGlowingWomb"],"picked":"HollowMod:DoubleDash","floor":10},{"not_picked":["HollowMod:NewGlowingWomb","HollowMod:SoulStrike","HollowMod:RecoilStrike"],"picked":"HollowMod:Weaversong","floor":11},{"not_picked":["HollowMod:NewLittleFool","HollowMod:SharpenedNail","HollowMod:HeavyBlow"],"picked":"HollowMod:DashSlash","floor":12},{"not_picked":["HollowMod:WraithStrike","HollowMod:ChannelNail","HollowMod:DescendingDark"],"picked":"HollowMod:DoubleDash","floor":13},{"not_picked":["HollowMod:DashSlash","HollowMod:CloakDash","HollowMod:GrimmsGift"],"picked":"HollowMod:LifebloodCore","floor":14},{"not_picked":["HollowMod:LifebloodCore","HollowMod:ElderbugsWisdom","HollowMod:Hiveblood"],"picked":"HollowMod:MidwifesHunger","floor":16},{"not_picked":["HollowMod:InfectedAttack","HollowMod:GoodIntentions","HollowMod:NewGlowingWomb"],"picked":"HollowMod:MantisMark","floor":17},{"not_picked":["HollowMod:CloakDash","HollowMod:MawleksShell","HollowMod:DescendingDark"],"picked":"HollowMod:HowlingWraiths","floor":18},{"not_picked":["HollowMod:HuntersJournal","HollowMod:DescendingDark","HollowMod:CornifersMapStart"],"picked":"HollowMod:SoulVessel","floor":19},{"not_picked":["HollowMod:GoodIntentions","HollowMod:SiblingsShadow","HollowMod:SiblingsSouls"],"picked":"HollowMod:SoulShaman","floor":20},{"not_picked":["HollowMod:SharpenedNail","HollowMod:HeavyBlow+1","HollowMod:DescendingDark"],"picked":"HollowMod:CoiledNail+1","floor":22},{"not_picked":["HollowMod:MonarchWings","HollowMod:ElderbugsWisdom","HollowMod:LifebloodCocoon"],"picked":"HollowMod:HeavyBlow","floor":23},{"not_picked":["HollowMod:HowlingWraiths","HollowMod:InfectionAssault","HollowMod:DreamGate"],"picked":"HollowMod:MonarchWings","floor":28},{"not_picked":["HollowMod:MidwifesHunger","HollowMod:CornifersMapStart+1","HollowMod:DashSlash"],"picked":"HollowMod:DungDefenderAura+1","floor":29},{"not_picked":["HollowMod:ShadowDash+1","HollowMod:SharpenedNail+1","HollowMod:InfectedAttack+1"],"picked":"HollowMod:DesolateDive","floor":30},{"not_picked":["HollowMod:MawleksShell","HollowMod:DreamGate","HollowMod:NewGlowingWomb+1"],"picked":"HollowMod:VengefulSpirit+1","floor":31}],"player_experience":143227,"relics_obtained":[{"floor":6,"key":"DemoMod:PinkGuonStone"},{"floor":13,"key":"halation:EternalFortune"},{"floor":14,"key":"halation:EternalFortune"},{"floor":14,"key":"DemoMod:MonsterBlood"},{"floor":23,"key":"DemoMod:PoisonVial"},{"floor":26,"key":"Bromod:ArcaneAwakening"},{"floor":29,"key":"Pondfish Scales"},{"floor":31,"key":"halation:EternalFortune"}],"event_choices":[{"damage_healed":0.0,"max_hp_gain":0.0,"max_hp_loss":0.0,"gold_gain":0.0,"event_name":"Big Fish","player_choice":"Box","floor":3.0,"gold_loss":0.0,"damage_taken":0.0,"relics_obtained":["Question Card"],"cards_obtained":["Regret"]},{"damage_healed":0,"gold_gain":0,"player_choice":"Entered Light","damage_taken":17,"max_hp_gain":0,"max_hp_loss":0,"event_name":"Shining Light","floor":7,"gold_loss":0,"cards_upgraded":["HollowMod:PogoStrike","HollowMod:NailStrikeStart"]},{"cards_removed":["Regret"],"damage_healed":0,"gold_gain":0,"player_choice":"Purged","damage_taken":0,"max_hp_gain":0,"max_hp_loss":0,"event_name":"Purifier","floor":8,"gold_loss":0},{"cards_removed":["HollowMod:Weaversong"],"damage_healed":0,"gold_gain":0,"player_choice":"Take \u0026 Give","damage_taken":0,"max_hp_gain":0,"max_hp_loss":0,"event_name":"betterNote:BetterNote","floor":21,"gold_loss":0,"cards_obtained":["animeID:Hawks"]}],"is_beta":false,"boss_relics":[{"not_picked":["aspiration:RitualDagger","halation:CatFaceCupcake"],"picked":"Tiny House"}],"items_purged_floors":[],"is_endless":false,"potions_floor_spawned":[5,6,13,14,16,20,22,23,28,31],"killed_by":"Champ","ascension_level":0}}