{"host":"kabf61oc9jgfwufg","time":1610032340,"event":{"mods":["AchievementEnabler","Act Like it!","Aspiration","BaseMod","Conspire","GifTheSpireLib","Halation","HexUI Lib","Hubris","Infinite Spire","Minty Spire (QoL Compilation)","Quick Restart","Rare Cards Sparkle","Replay The Spire","Shop Mod","StSLib","Waifu the Spire"],"gold_per_floor":[118,68,68,68,68,88,101,129,129,141,141,141,152,172,182,200,200,297,297,307,307,307,75,75,106,106,123,146,156,171,171,171,187,187,187,187],"floor_reached":35,"playtime":1108,"items_purged":["Strike_B","Defend_B"],"score":281,"play_id":"e0bbe8ef-b840-45d9-9027-95ef9559b773","local_time":"20210107151220","is_ascension_mode":false,"campfire_choices":[{"data":"Zap","floor":9,"key":"SMITH"},{"data":"Dualcast","floor":12,"key":"SMITH"},{"floor":17,"key":"REST"},{"floor":26,"key":"REST"},{"data":"ReplayGash","floor":31,"key":"SMITH"},{"data":"ReplayGash","floor":34,"key":"SMITH"}],"circlet_count":0,"master_deck":["Strike_B","Strike_B","Defend_B","Defend_B","Defend_B","Zap+1","Dualcast+1","Ball Lightning","Tempest","ReplayTheSpireMod:Reroute Power","ReplayGash+1","Barrage","Fission","Reprogram+1","hubris:PowerSurge+1","Gash","Gash","ReplayGash+1"],"relics":["Cracked Core","NeowsBlessing","HornCleat","aspiration:TomeofQuesting","Inserter","Ancient Tea Set","halation:PrussianBluePaint","infinitespire:Beetle Shell"],"acts_visited":["Exordium","TheCity"],"potions_floor_usage":[18,25,25,35,35],"damage_taken":[{"damage":0,"enemies":"2 Louse","floor":1,"turns":1},{"damage":0,"enemies":"Jaw Worm","floor":6,"turns":1},{"damage":0,"enemies":"Cultist","floor":7,"turns":1},{"damage":26,"enemies":"Lagavulin","floor":8,"turns":6},{"damage":4,"enemies":"2 Fungi Beasts","floor":10,"turns":3},{"damage":0,"enemies":"Exordium Thugs","floor":13,"turns":3},{"damage":0,"enemies":"Looter","floor":14,"turns":3},{"damage":6,"enemies":"3 Louse","floor":15,"turns":2},{"damage":12,"enemies":"Blue Slaver","floor":16,"turns":2},{"damage":27,"enemies":"Hexaghost","floor":18,"turns":6},{"damage":0,"enemies":"Spheric Guardian","floor":20,"turns":3},{"damage":47,"enemies":"Book of Stabbing","floor":25,"turns":5},{"damage":38,"enemies":"Shell Parasite","floor":27,"turns":7},{"damage":0,"enemies":"Snake Plant","floor":29,"turns":3},{"damage":0,"enemies":"Snecko","floor":30,"turns":3},{"damage":0,"enemies":"Sentry and Sphere","floor":33,"turns":3},{"damage":90,"enemies":"Champ","floor":35,"turns":8}],"seed_played":"-3653769895907095075","potions_obtained":[{"floor":7,"key":"Milkshake"},{"floor":8,"key":"SteroidPotion"},{"floor":10,"key":"SkillPotion"},{"floor":13,"key":"AttackPotion"},{"floor":18,"key":"Ancient Potion"},{"floor":22,"key":"FairyPotion"},{"floor":22,"key":"FairyPotion"},{"floor":25,"key":"Strength Potion"},{"floor":30,"key":"FairyPotion"},{"floor":33,"key":"Explosive Potion"}],"is_trial":false,"path_per_floor":["M","?","?","PTL","PTL","M","M","E","R","M","T","R","M","M","M","M","R","B",null,"M","AVR","?","$","?","E","R","M","T","M","M","R","?","M","R","B"],"character_chosen":"DEFECT","items_purchased":["halation:PrussianBluePaint"],"campfire_rested":2,"item_purchase_floors":[23],"current_hp_per_floor":[75,75,75,75,75,75,75,49,49,45,45,45,45,45,39,27,49,22,75,75,75,75,75,63,16,38,22,22,22,22,22,22,22,22,0,0],"gold":187,"neow_bonus":"THREE_ENEMY_KILL","is_daily":false,"chose_seed":false,"campfire_upgraded":4,"win_rate":0.0,"timestamp":1610032340,"path_taken":["M","?","?","PTL","PTL","M","?","E","R","M","T","R","M","M","M","M","R","BOSS","M","AVR","?","?","?","E","R","M","T","M","?","R","?","M","R","BOSS"],"items_purchased_type":["Relic"],"build_version":"2020-12-22","purchased_purges":2,"victory":false,"max_hp_per_floor":[75,75,75,75,75,75,75,75,75,75,75,75,75,75,75,75,75,75,75,75,75,75,75,75,75,75,75,75,75,75,75,75,75,75,75,75],"card_choices":[{"not_picked":["Conserve Battery","Beam Cell"],"picked":"Ball Lightning","floor":1},{"not_picked":["Cold Snap","Leap","ReplayTheSpireMod:GoodbyeWorld"],"picked":"SKIP","floor":6},{"not_picked":["Auto Shields","Hologram","Compile Driver"],"picked":"SKIP","floor":7},{"not_picked":["Aggregate","Streamline"],"picked":"Tempest","floor":8},{"not_picked":["ReplayTheSpireMod:GoodbyeWorld","aspiration:Polymerization"],"picked":"ReplayTheSpireMod:Reroute Power","floor":10},{"not_picked":["Hologram","aspiration:Polymerization","Cold Snap"],"picked":"SKIP","floor":13},{"not_picked":["Rip and Tear","Coolheaded","Gash"],"picked":"SKIP","floor":14},{"not_picked":["Steam","White Noise"],"picked":"ReplayGash","floor":15},{"not_picked":["Compile Driver","Creative AI"],"picked":"Barrage","floor":16},{"not_picked":["hubris:DoWhile","Multi-Cast"],"picked":"Fission","floor":18},{"not_picked":["Stack","FTL","Darkness"],"picked":"SKIP","floor":20},{"not_picked":["Genetic Algorithm","Lockon"],"picked":"Reprogram+1","floor":25},{"not_picked":["Sweeping Beam+1","aspiration:Polymerization+1"],"picked":"hubris:PowerSurge+1","floor":27},{"not_picked":["Steam","Streamline+1"],"picked":"Gash","floor":29},{"not_picked":["Streamline","BasicCrystalCard+1"],"picked":"Gash","floor":30},{"not_picked":["ReplayTheSpireMod:Reroute Power+1","Genetic Algorithm"],"picked":"ReplayGash","floor":33}],"player_experience":65584,"relics_obtained":[{"floor":8,"key":"HornCleat"},{"floor":11,"key":"aspiration:TomeofQuesting"},{"floor":25,"key":"infinitespire:Beetle Shell"}],"event_choices":[{"cards_removed":["Strike_B"],"damage_healed":0,"gold_gain":0,"player_choice":"Card Removal","damage_taken":0,"max_hp_gain":0,"max_hp_loss":0,"event_name":"The Cleric","floor":2,"gold_loss":50},{"damage_healed":0,"gold_gain":0,"player_choice":"Ignored","damage_taken":0,"max_hp_gain":0,"max_hp_loss":0,"event_name":"NoteForYourself","floor":3,"gold_loss":0},{"damage_healed":0,"gold_gain":0,"player_choice":"Got Potions","damage_taken":0,"max_hp_gain":0,"max_hp_loss":0,"event_name":"Lab","floor":22,"gold_loss":0},{"damage_healed":0,"gold_gain":0,"player_choice":"POTION ","damage_taken":12,"max_hp_gain":0,"max_hp_loss":0,"event_name":"Knowing Skull","floor":24,"potions_obtained":["LifebloodPotion"],"gold_loss":0,"cards_obtained":[]}],"is_beta":false,"boss_relics":[{"not_picked":["halation:Risk","Cursed Key"],"picked":"Inserter"}],"items_purged_floors":[21,23],"is_endless":false,"potions_floor_spawned":[7,8,10,13,18,25,30,33],"killed_by":"Champ","ascension_level":0}}