{"host":"n900smz9wr3yo27a","time":1610023310,"event":{"mods":["Arknights The Spire","BaseMod","CapriCore","GungeonMod","Hermit","Koishi","Lobotomy","Marisa£¨Ùöéë¡¡Øª×âÞÞ£©","Minty Spire (QoL Compilation)","Prisma Mod","Replay The Spire","StSLib","Td1madao Mod","The Animator","The Bug Knight","The Cursed","The Dragon Tamer","The Gatherer","The Hierophant","The Immortal","The Jungle","The Necromancer","The Poker Player","The Runesmith","WarShipGirlsR/??á´Ò³R mod"],"gold_per_floor":[109,99,99,24,24,57,57,57,134,159,175,175,200,215,215,316,316,329,428,378,378,378,378,395,412,436,436,386,404,208,227,227,329,429,449,449,122,138,88,113,131,157,157,157,207,207,13,33,33,33,33],"floor_reached":52,"playtime":2081,"items_purged":["HollowMod:SharpenedShadows","HollowMod:InfectedAttack","HollowMod:MonarchWings","HollowMod:TaintedHusks","HollowMod:NewJinnsSoul","HollowMod:LifebloodCocoon"],"score":664,"play_id":"8c9d7090-e9e9-4ef3-a695-f7b0a0ae6718","local_time":"20210107214150","daily_mods":["Draft","Vintage","Heirloom","Time Dilation","Flight","DeadlyEvents","Elite Swarm"],"is_ascension_mode":false,"campfire_choices":[{"data":"HollowMod:SlysStrikes","floor":7,"key":"SMITH"},{"data":"HollowMod:SlysStrikes","floor":8,"key":"SMITH"},{"floor":12,"key":"REST"},{"data":"HollowMod:BlackTendrils","floor":15,"key":"SMITH"},{"floor":23,"key":"DIG"},{"data":"HollowMod:MantisMark","floor":27,"key":"SMITH"},{"data":"HollowMod:WraithStrike","floor":32,"key":"SMITH"},{"floor":44,"key":"DIG"},{"floor":46,"key":"REST"},{"floor":49,"key":"DIG"}],"circlet_count":0,"master_deck":["HollowMod:VengefulVoid","HollowMod:InfectionAssault","HollowMod:FastStrike","HollowMod:BlackTendrils+1","HollowMod:WraithStrike+1","HollowMod:WraithStrike","HollowMod:DescendingDark","HollowMod:NewLittleFool","HollowMod:ShadowDash","HollowMod:SlysStrikes+1","HollowMod:SlysStrikes+1","HollowMod:SlysStrikes+1","HollowMod:DashSlash","HollowMod:DescendingDark","HollowMod:BlackTendrils","HollowMod:MantisMark+1","HollowMod:Weaversong+1","HollowMod:ShadowDash","HollowMod:ShadowDash+1","HollowMod:VengefulVoid+1","HollowMod:CloakDash+1"],"relics":["HollowMod:VesselMask","replay:Trail_Library","Shovel","PreservedInsect","DemoMod:ChaffGrenade","Frozen Egg 2","MealTicket","Runesmith:AutoHammer","Smiling Mask","Blue Doll","Runesmith:UraniumAnvil","DemoMod:LamentConfigurum","Replay:Mystery Machine","ReplayTheSpireMod:TigerMarble","Shuriken","DemoMod:PinkGuonStone","Lantern","Blood Vial","HollowMod:JonisBlessing","DemoMod:MonsterBlood","Replay:Accelerometer","Replay:Wanted Poster","DemoMod:Relodestone","Replay:Wax Seal","DemoMod:MemoryAlloy","DemoMod:OrangeGuonStone","Replay:Ringing Soul","Oddly Smooth Stone","Pondfish Scales","Dream Catcher","DemoMod:JetPack","Mirror","TungstenRod","Orrery","Akabeko","Replay:Baseball"],"acts_visited":["Exordium","TheCity","TheBeyond"],"potions_floor_usage":[6,24,24,24,33,45,50,50],"damage_taken":[{"damage":3,"enemies":"Cultist","floor":1,"turns":2},{"damage":22,"enemies":"Gremlin Nob","floor":6,"turns":4},{"damage":49,"enemies":"HollowMod:MossKnight","floor":10,"turns":5},{"damage":2,"enemies":"2 Louse","floor":11,"turns":2},{"damage":10,"enemies":"Small Slimes","floor":14,"turns":2},{"damage":33,"enemies":"Fading Forest","floor":16,"turns":11},{"damage":7,"enemies":"Chosen","floor":18,"turns":3},{"damage":4,"enemies":"3 Byrds","floor":24,"turns":2},{"damage":13,"enemies":"Snecko","floor":25,"turns":3},{"damage":14,"enemies":"Centurion and Healer","floor":29,"turns":3},{"damage":0,"enemies":"Shelled Parasite and Fungi","floor":31,"turns":3},{"damage":67,"enemies":"Champ","floor":33,"turns":5},{"damage":1,"enemies":"3 Darklings","floor":35,"turns":2},{"damage":0,"enemies":"Orb Walker","floor":38,"turns":2},{"damage":19,"enemies":"Giant Head","floor":40,"turns":6},{"damage":18,"enemies":"Sphere and 2 Shapes","floor":41,"turns":4},{"damage":20,"enemies":"Reptomancer","floor":42,"turns":3},{"damage":0,"enemies":"Mind Bloom Boss Battle","floor":45,"turns":3},{"damage":0,"enemies":"Maw","floor":48,"turns":4},{"damage":6,"enemies":"Replay:Hell Engine","floor":50,"turns":7}],"seed_played":"1585886095198941547","potions_obtained":[{"floor":1,"key":"Strength Potion"},{"floor":6,"key":"Strength Potion"},{"floor":14,"key":"Energy Potion"},{"floor":18,"key":"Explosive Potion"},{"floor":29,"key":"SkillPotion"},{"floor":33,"key":"Elixir"},{"floor":40,"key":"FearPotion"},{"floor":41,"key":"GamblersBrew"},{"floor":48,"key":"BlessingOfTheForge"}],"is_trial":true,"path_per_floor":["M","?","?","?","$","E","R","R","T","E","M","R","T","M","R","B",null,"M","?","$","T","?","R","M","M","T","R","$","M","$","M","R","B",null,"M","?","$","M","$","E","M","E","T","R","?","R","$","M","R","B",null,null],"character_chosen":"THE_BUGKNIGHT","items_purchased":["HollowMod:JonisBlessing","Replay:Wax Seal","DemoMod:MemoryAlloy","Orrery"],"campfire_rested":2,"item_purchase_floors":[30,37,37,47],"current_hp_per_floor":[75,75,75,80,80,58,58,58,58,11,12,36,36,29,29,13,80,78,78,80,80,65,65,61,59,59,59,74,72,87,94,94,27,99,98,98,99,99,99,83,65,45,45,48,48,82,100,100,100,94,94],"gold":33,"neow_bonus":"","is_daily":false,"chose_seed":false,"campfire_upgraded":5,"win_rate":0.0,"timestamp":1610023310,"path_taken":["M","?","?","?","?","E","R","R","T","?","M","R","?","?","R","BOSS","M","?","$","?","?","R","M","M","T","R","$","M","$","M","R","BOSS","M","?","$","M","$","E","M","E","T","R","?","R","$","?","R","BOSS"],"items_purchased_type":["Relic","Relic","Relic","Relic"],"build_version":"2020-12-22","purchased_purges":6,"victory":true,"max_hp_per_floor":[75,75,75,80,80,80,80,80,80,80,80,80,80,80,80,80,80,80,80,80,80,85,85,85,92,92,92,92,92,92,99,99,99,99,99,99,99,99,99,102,102,102,102,105,105,108,111,111,111,111,111],"card_choices":[{"not_picked":["HollowMod:VengefulSpirit","HollowMod:HeavyBlow"],"picked":"HollowMod:VengefulVoid","floor":0},{"not_picked":["HollowMod:GoodIntentions","HollowMod:MothsMistake"],"picked":"HollowMod:InfectionAssault","floor":0},{"not_picked":["HollowMod:GoodIntentions","HollowMod:BaldurShell"],"picked":"HollowMod:FastStrike","floor":0},{"not_picked":["HollowMod:MonomonsArchive","HollowMod:SoulEater"],"picked":"HollowMod:MonarchWings","floor":0},{"not_picked":["HollowMod:GoodIntentions","HollowMod:SoulSplash"],"picked":"HollowMod:BlackTendrils","floor":0},{"not_picked":["HollowMod:VengefulVoid","HollowMod:SoulEater"],"picked":"HollowMod:WraithStrike","floor":0},{"not_picked":["HollowMod:VengefulVoid","HollowMod:NewLittleFool"],"picked":"HollowMod:WraithStrike","floor":0},{"not_picked":["HollowMod:VengefulSpirit","HollowMod:MonarchWings"],"picked":"HollowMod:LifebloodCocoon","floor":0},{"not_picked":["HollowMod:HowlingWraiths","HollowMod:ChannelNail"],"picked":"HollowMod:TaintedHusks","floor":0},{"not_picked":["HollowMod:DungDefenderAura","HollowMod:CrystalDash"],"picked":"HollowMod:DescendingDark","floor":0},{"not_picked":["HollowMod:LifebloodCocoon","HollowMod:DreamGate"],"picked":"HollowMod:NewLittleFool","floor":0},{"not_picked":["HollowMod:CoiledNail","HollowMod:NewLittleFool"],"picked":"HollowMod:NewJinnsSoul","floor":0},{"not_picked":["HollowMod:HuntersJournal","HollowMod:HowlingWraiths"],"picked":"HollowMod:InfectedAttack","floor":0},{"not_picked":["HollowMod:ChannelNail","HollowMod:HowlingWraiths"],"picked":"HollowMod:SharpenedShadows","floor":0},{"not_picked":["HollowMod:SiblingsSouls","HollowMod:CycloneSlash"],"picked":"HollowMod:ShadowDash","floor":0},{"not_picked":[],"picked":"HollowMod:SlysStrikes","floor":2},{"not_picked":["HollowMod:SoulMaster","HollowMod:AwokenDreamNail"],"picked":"HollowMod:SlysStrikes","floor":6},{"not_picked":["HollowMod:LordofShades+1","HollowMod:SoulMaster+1"],"picked":"HollowMod:SlysStrikes+1","floor":10},{"not_picked":["HollowMod:PureVessel+1","HollowMod:VoidDash"],"picked":"HollowMod:Weaversong+1","floor":40},{"not_picked":["HollowMod:Hiveblood","HollowMod:ElderbugsWisdom+1","HollowMod:PureVessel+1"],"picked":"SKIP","floor":42},{"not_picked":["HollowMod:SoulEater+1","HollowMod:MawleksShell"],"picked":"HollowMod:ShadowDash+1","floor":46},{"not_picked":["HollowMod:SharpenedNail+1","HollowMod:DashSlash+1"],"picked":"HollowMod:VengefulVoid+1","floor":47},{"not_picked":["HollowMod:CycloneSlash+1","HollowMod:BaldurShell+1"],"picked":"HollowMod:CloakDash+1","floor":47}],"player_experience":811811,"relics_obtained":[{"floor":1,"key":"PreservedInsect"},{"floor":6,"key":"DemoMod:ChaffGrenade"},{"floor":9,"key":"Frozen Egg 2"},{"floor":10,"key":"MealTicket"},{"floor":11,"key":"Runesmith:AutoHammer"},{"floor":13,"key":"Smiling Mask"},{"floor":14,"key":"Blue Doll"},{"floor":18,"key":"DemoMod:LamentConfigurum"},{"floor":23,"key":"Replay:Mystery Machine"},{"floor":24,"key":"ReplayTheSpireMod:TigerMarble"},{"floor":25,"key":"DemoMod:PinkGuonStone"},{"floor":26,"key":"Lantern"},{"floor":29,"key":"Blood Vial"},{"floor":31,"key":"DemoMod:MonsterBlood"},{"floor":35,"key":"DemoMod:Relodestone"},{"floor":38,"key":"DemoMod:OrangeGuonStone"},{"floor":40,"key":"Replay:Ringing Soul"},{"floor":41,"key":"Oddly Smooth Stone"},{"floor":42,"key":"Dream Catcher"},{"floor":43,"key":"DemoMod:JetPack"},{"floor":44,"key":"Mirror"},{"floor":45,"key":"TungstenRod"},{"floor":48,"key":"Akabeko"},{"floor":49,"key":"Replay:Baseball"}],"event_choices":[{"damage_healed":0,"gold_gain":99,"player_choice":"Stole From Cult","damage_taken":0,"max_hp_gain":0,"max_hp_loss":0,"event_name":"Nest","floor":19,"gold_loss":0},{"damage_healed":0,"gold_gain":0,"player_choice":"Shed Blood","damage_taken":20,"max_hp_gain":5,"max_hp_loss":0,"event_name":"Forgotten Altar","floor":22,"gold_loss":0},{"damage_healed":0,"gold_gain":0,"player_choice":"Memory 1","damage_taken":0,"max_hp_gain":0,"max_hp_loss":0,"event_name":"SensoryStone","floor":36,"gold_loss":0},{"damage_healed":0,"gold_gain":0,"player_choice":"Fight","damage_taken":0,"max_hp_gain":0,"max_hp_loss":0,"event_name":"MindBloom","floor":45,"gold_loss":0}],"is_beta":false,"boss_relics":[{"not_picked":["Replay:Fungal Core","Abe\u0027s Treasure"],"picked":"Runesmith:UraniumAnvil"},{"not_picked":["Kintsugi","SacredBark"],"picked":"Replay:Wanted Poster"}],"items_purged_floors":[20,28,30,37,39,47],"is_endless":false,"potions_floor_spawned":[1,6,14,18,29,33,40,41,42,48],"ascension_level":0}}