{"host":"hxqmxu97ax4h93y4","time":1610044128,"event":{"mods":["BaseMod","Downfall","Hermit","Marisa????????","Minty Spire (QoL Compilation)","StSLib","The Cursed","The Necromancer","The Runesmith"],"gold_per_floor":[109,121,138,138,88,122,122,136,209,222,245,278,238,254,254,254,254],"floor_reached":16,"playtime":984,"items_purged":[],"score":137,"play_id":"3adf6554-be1f-471e-8927-021332269662","local_time":"20210107102848","is_ascension_mode":false,"campfire_choices":[{"data":"Finger_Of_Death","floor":7,"key":"SMITH"},{"floor":15,"key":"REST"}],"circlet_count":0,"master_deck":["Strike_W","Strike_W","Strike_W","Defend_W","Defend_W","Defend_W","Defend_W","Negative_Energy_Arrows","Bone_Wall","Finger_Of_Death+1","Shade_Step","Death_Knell","Shackles_Of_Pain","Death_March_Dance","Bones_to_Steel","Life_Drain","Bone_Armory"],"relics":["SacredBark","TungstenRod","Runesmith:Nanobots","PreservedInsect","Juzu Bracelet"],"acts_visited":["Exordium"],"potions_floor_usage":[6,6,12,16],"damage_taken":[{"damage":0,"enemies":"2 Louse","floor":1,"turns":4},{"damage":4,"enemies":"Jaw Worm","floor":2,"turns":5},{"damage":0,"enemies":"Small Slimes","floor":3,"turns":3},{"damage":34,"enemies":"Gremlin Nob","floor":6,"turns":4},{"damage":0,"enemies":"Exordium Wildlife","floor":8,"turns":4},{"damage":0,"enemies":"Blue Slaver","floor":10,"turns":4},{"damage":0,"enemies":"Lagavulin","floor":12,"turns":2},{"damage":8,"enemies":"Red Slaver","floor":14,"turns":6},{"damage":75,"enemies":"Hexaghost","floor":16,"turns":16}],"seed_played":"6645758907564986358","potions_obtained":[{"floor":2,"key":"LiquidBronze"},{"floor":3,"key":"SkillPotion"},{"floor":10,"key":"PowerPotion"},{"floor":14,"key":"BlessingOfTheForge"}],"is_trial":false,"path_per_floor":["M","M","M","$","?","E","R","M","T","M","T","E","?","M","R","B"],"character_chosen":"NECROMANCER","items_purchased":[],"campfire_rested":1,"item_purchase_floors":[],"current_hp_per_floor":[75,71,71,71,71,37,37,37,37,37,37,37,37,41,63,0,0],"gold":254,"neow_bonus":"BOSS_RELIC","is_daily":false,"chose_seed":false,"campfire_upgraded":1,"win_rate":0.0,"timestamp":1610044128,"path_taken":["M","M","M","$","?","E","R","M","T","M","?","E","?","M","R","BOSS"],"items_purchased_type":[],"build_version":"2020-12-22","purchased_purges":0,"victory":false,"max_hp_per_floor":[75,75,75,75,75,75,75,75,75,75,75,75,75,75,75,75,75],"card_choices":[{"not_picked":["Negative_Energy_Mist","Blood_Is_Power"],"picked":"Finger_Of_Death","floor":1},{"not_picked":["Life_Tap","Deaths_Shadow"],"picked":"Shade_Step","floor":2},{"not_picked":["Finger_Of_Death","Bone_Bullets"],"picked":"Death_Knell","floor":3},{"not_picked":["Death_Coil","Violent_Necrosis"],"picked":"Shackles_Of_Pain","floor":6},{"not_picked":["Plague_Bolt","Deaths_Shadow"],"picked":"Death_March_Dance","floor":8},{"not_picked":["Death_Coil","Plague_Bolt"],"picked":"Bones_to_Steel","floor":10},{"not_picked":["Death_March_Dance","Blood_Curse"],"picked":"Life_Drain","floor":12},{"not_picked":["Scare","Acid_Javelin"],"picked":"Bone_Armory","floor":14}],"player_experience":29431,"relics_obtained":[{"floor":6,"key":"TungstenRod"},{"floor":9,"key":"Runesmith:Nanobots"},{"floor":11,"key":"PreservedInsect"},{"floor":12,"key":"Juzu Bracelet"}],"event_choices":[{"cards_removed":["Strike_W"],"damage_healed":0,"gold_gain":0,"player_choice":"Card Removal","damage_taken":0,"max_hp_gain":0,"max_hp_loss":0,"event_name":"The Cleric","floor":5,"gold_loss":50},{"damage_healed":0,"gold_gain":0,"player_choice":"Left Gold","damage_taken":0,"max_hp_gain":0,"max_hp_loss":0,"event_name":"World of Goop","floor":13,"gold_loss":40}],"is_beta":false,"boss_relics":[],"items_purged_floors":[],"is_endless":false,"potions_floor_spawned":[2,3,10,14],"killed_by":"Hexaghost","ascension_level":0}}