{"host":"a7dhdzm3fda48fos","time":1610025991,"event":{"mods":["AchievementEnabler","AlwaysNeverKeys","BaseMod","Better Altar","Better Note","Better Sensory Stone","Better Skull","Better Third Choice","BetterRewards","Block Reminder","Colored Map","Displayed Cursed Tome","Gold Saver","Minty Spire (QoL Compilation)","Quick Restart","Relic Filter","Relic Sorter","Relic Stats","Remove Card Discount Mod","Shop Mod","Spicy Shops","StSLib"],"gold_per_floor":[1108,703,713,713,726,757,757,327,353,353,370,370,370,401,401,522,522,547,507,13,13,36,36,60,110,135,9,25,25,25,25,25,145,145,160,228,251,15,15,15,33,51,77,93,42,82,82,123,123,123,123,123,4,39,39],"floor_reached":56,"playtime":6527,"items_purged":["Brutality","Crescendo+1"],"score":1461,"play_id":"af840b91-eae1-4b57-bcca-fee0cbd4f7e9","local_time":"20210107142631","is_ascension_mode":false,"campfire_choices":[{"floor":7,"key":"REST"},{"data":"Poisoned Stab","floor":10,"key":"SMITH"},{"floor":15,"key":"REST"},{"floor":23,"key":"REST"},{"data":"Loop","floor":30,"key":"SMITH"},{"data":"Double Energy","floor":32,"key":"SMITH"},{"floor":40,"key":"REST"},{"data":"Echo Form","floor":49,"key":"SMITH"},{"data":"DevaForm","floor":52,"key":"SMITH"}],"circlet_count":0,"master_deck":["Strike_B+1","Strike_B+1","Strike_B+1","Strike_B+1","Defend_B+1","Defend_B+1","Defend_B+1","Defend_B+1","Zap","Dualcast","Shrug It Off+1","Poisoned Stab+1","Deadly Poison","Streamline","Gash","Double Energy","Envenom+1","Storm+1","Panache","Panache","Electrodynamics","Double Energy+1","Bane","Metallicize","Loop+1","Gash","Flash of Steel","Quick Slash","Exhume","Infinite Blades","Conserve Battery+1","Swivel","Genetic Algorithm","Conserve Battery","Secret Weapon","Self Repair","Blade Dance","Dagger Spray+1","Ball Lightning","Defragment","Echo Form+1","DevaForm+1","Ball Lightning","Defragment","Mind Blast","Conserve Battery","Warcry+1"],"relics":["Cracked Core","PrismaticShard","Cables","Mummified Hand","MerchantsRug","WingedGreaves","Membership Card","Kunai","Boot","Regal Pillow","Golden Idol","Anchor","Inserter","Omamori","DollysMirror","Lantern","GremlinMask","Bronze Scales","Sozu","Gambling Chip","Bird Faced Urn","Blood Vial","Nunchaku","Art of War","MealTicket","Blue Candle"],"acts_visited":["Exordium","TheCity","TheBeyond","TheEnding"],"potions_floor_usage":[6,14,16],"damage_taken":[{"damage":0,"enemies":"Cultist","floor":1,"turns":3},{"damage":2,"enemies":"2 Louse","floor":3,"turns":3},{"damage":7,"enemies":"Small Slimes","floor":5,"turns":3},{"damage":42,"enemies":"3 Sentries","floor":6,"turns":9},{"damage":2,"enemies":"Blue Slaver","floor":11,"turns":3},{"damage":6,"enemies":"Gremlin Nob","floor":14,"turns":4},{"damage":40,"enemies":"Hexaghost","floor":16,"turns":7},{"damage":50,"enemies":"Spheric Guardian","floor":18,"turns":6},{"damage":18,"enemies":"3 Byrds","floor":22,"turns":3},{"damage":25,"enemies":"Shelled Parasite and Fungi","floor":24,"turns":4},{"damage":7,"enemies":"Centurion and Healer","floor":28,"turns":2},{"damage":77,"enemies":"Automaton","floor":33,"turns":7},{"damage":16,"enemies":"3 Darklings","floor":35,"turns":4},{"damage":59,"enemies":"2 Orb Walkers","floor":36,"turns":4},{"damage":0,"enemies":"Orb Walker","floor":37,"turns":3},{"damage":0,"enemies":"Transient","floor":41,"turns":5},{"damage":39,"enemies":"Spire Growth","floor":42,"turns":4},{"damage":0,"enemies":"Sphere and 2 Shapes","floor":44,"turns":2},{"damage":36,"enemies":"Nemesis","floor":46,"turns":4},{"damage":1,"enemies":"Giant Head","floor":48,"turns":6},{"damage":104,"enemies":"Awakened One","floor":50,"turns":8},{"damage":61,"enemies":"Shield and Spear","floor":54,"turns":5},{"damage":125,"enemies":"The Heart","floor":55,"turns":8}],"seed_played":"5096255959576652333","potions_obtained":[{"floor":5,"key":"EntropicBrew"},{"floor":11,"key":"SpeedPotion"},{"floor":14,"key":"Dexterity Potion"},{"floor":18,"key":"BlessingOfTheForge"},{"floor":24,"key":"BlessingOfTheForge"},{"floor":33,"key":"AttackPotion"}],"is_trial":false,"path_per_floor":["M","$","M","?","M","E","R","$","T","R","M","?","?","E","R","B",null,"M","?","$","?","M","R","M","?","T","$","M","?","R","?","R","B",null,"M","?","M","$","?","R","M","M","T","M","$","E","?","E","R","B",null,"R","$","E","B",null],"character_chosen":"DEFECT","items_purchased":["PrismaticShard","Cables","Mummified Hand","MerchantsRug","Membership Card","Kunai","Boot","Gash","FairyPotion","Panache","Omamori","DollysMirror","Lantern","Electrodynamics","Double Energy","Lee\u0027s Waffle","Loop","Gash","Flash of Steel","Bird Faced Urn","Genetic Algorithm","Conserve Battery","Secret Weapon","Self Repair","Nunchaku","Ball Lightning","Ball Lightning","Defragment","Mind Blast","Conserve Battery"],"campfire_rested":4,"item_purchase_floors":[0,0,2,2,8,8,8,8,8,20,20,20,20,20,20,27,27,27,27,38,38,38,38,38,45,45,53,53,53,53],"current_hp_per_floor":[75,75,73,73,66,24,46,46,46,46,44,49,29,23,62,22,80,30,30,30,30,12,51,26,26,26,87,80,80,80,80,80,3,87,71,12,12,12,12,53,72,43,43,64,64,51,34,62,62,25,87,87,87,45,12],"gold":39,"neow_bonus":"","is_daily":false,"chose_seed":false,"campfire_upgraded":5,"win_rate":0.0,"timestamp":1610025991,"path_taken":["M","$","?","?","M","E","R","$","T","R","M","?","?","E","R","BOSS","M","?","$","?","M","R","M","?","T","$","M","?","R","?","R","BOSS","M","?","M","$","?","R","?","M","T","M","$","E","?","E","R","BOSS","R","$","E","BOSS"],"items_purchased_type":["Relic","Relic","Relic","Relic","Relic","Relic","Relic","Card","Potion","Card","Relic","Relic","Relic","Card","Card","Relic","Card","Card","Card","Relic","Card","Card","Card","Card","Relic","Card","Card","Card","Card","Card"],"build_version":"2020-12-22","purchased_purges":2,"victory":true,"max_hp_per_floor":[75,75,75,75,75,75,75,75,75,75,75,80,80,80,80,80,80,80,80,80,80,80,80,80,80,80,87,87,87,87,87,87,87,87,87,87,87,87,87,87,87,87,87,87,87,87,87,87,87,87,87,87,87,87,87],"relic_stats":{"Regal Pillow":45,"Inserter":[37],"counters":[72,296],"Golden Idol":386,"Blue Candle":[0],"Boot":[189],"Cables":[92,92,0,0,0],"Sozu":20,"Blood Vial":47,"Nunchaku":[20],"Mummified Hand":[254],"Bronze Scales":[225],"Gambling Chip":[19],"Bird Faced Urn":[130],"MealTicket":0,"Art of War":[1],"Kunai":[36],"obtain_stats":[{"Ice Cream":13,"Gremlin Horn":4,"Vajra":53,"Whetstone":26,"Bottled Tornado":53,"Boot":8,"Sozu":34,"Blood Vial":43,"Centennial Puzzle":9,"DollysMirror":20,"Strawberry":44,"Philosopher\u0027s Stone":17,"MealTicket":48,"Kunai":0,"Toxic Egg 2":5,"MerchantsRug":4,"Pear":9,"Blue Candle":54,"Eternal Feather":38,"Pen Nib":41,"War Paint":26,"Question Card":39,"Cables":0,"Shuriken":9,"Bird Faced Urn":36,"Bronze Scales":26,"Nloth\u0027s Gift":27,"Unceasing Top":10,"Meat on the Bone":38,"Pocketwatch":14,"Darkstone Periapt":9,"Lantern":38,"Regal Pillow":9,"GremlinMask":21,"Ancient Tea Set":26,"PrismaticShard":0,"Frozen Eye":4,"Nunchaku":53,"Matryoshka":8,"Mummified Hand":43,"Pantograph":25,"Gambling Chip":36,"Tiny Chest":20,"WingedGreaves":0,"Cracked Core":0,"InkBottle":54,"Lee\u0027s Waffle":10,"Inserter":34,"Golden Idol":13,"The Courier":19,"Omamori":20,"Medical Kit":0,"White Beast Statue":23,"Anchor":14,"Busted Crown":17,"Ornamental Fan":53,"betterThird:SlimedRelic":3,"Orrery":2,"Coffee Dripper":17,"Art of War":46,"Membership Card":38,"Bottled Lightning":48,"Toy Ornithopter":6},{"Ice Cream":29,"Gremlin Horn":1,"Vajra":22,"Whetstone":46,"Bottled Tornado":22,"Boot":53,"Sozu":61,"Blood Vial":66,"Centennial Puzzle":3,"DollysMirror":57,"Strawberry":18,"Philosopher\u0027s Stone":42,"MealTicket":69,"Kunai":24,"Toxic Egg 2":36,"MerchantsRug":1,"Pear":3,"Blue Candle":71,"Eternal Feather":17,"Pen Nib":18,"War Paint":10,"Question Card":17,"Cables":49,"Shuriken":39,"Bird Faced Urn":16,"Bronze Scales":59,"Nloth\u0027s Gift":46,"Unceasing Top":4,"Meat on the Bone":17,"Pocketwatch":29,"Darkstone Periapt":27,"Lantern":17,"Regal Pillow":53,"GremlinMask":57,"Ancient Tea Set":10,"PrismaticShard":49,"Frozen Eye":1,"Nunchaku":22,"Matryoshka":3,"Mummified Hand":18,"Pantograph":10,"Gambling Chip":63,"Tiny Chest":7,"WingedGreaves":24,"Cracked Core":0,"InkBottle":23,"Lee\u0027s Waffle":27,"Inserter":14,"Golden Idol":54,"The Courier":7,"Omamori":57,"Medical Kit":34,"White Beast Statue":9,"Anchor":55,"Busted Crown":30,"Ornamental Fan":22,"betterThird:SlimedRelic":25,"Orrery":25,"Coffee Dripper":6,"Art of War":68,"Membership Card":17,"Bottled Lightning":21,"Toy Ornithopter":3},{"Ice Cream":111,"Gremlin Horn":2,"Vajra":90,"Whetstone":181,"Bottled Tornado":90,"Boot":208,"Sozu":244,"Blood Vial":263,"Centennial Puzzle":10,"DollysMirror":228,"Strawberry":71,"Philosopher\u0027s Stone":166,"MealTicket":275,"Kunai":96,"Toxic Egg 2":139,"MerchantsRug":2,"Pear":10,"Blue Candle":288,"Eternal Feather":66,"Pen Nib":71,"War Paint":46,"Question Card":66,"Cables":190,"Shuriken":151,"Bird Faced Urn":63,"Bronze Scales":235,"Nloth\u0027s Gift":181,"Unceasing Top":15,"Meat on the Bone":66,"Pocketwatch":111,"Darkstone Periapt":104,"Lantern":66,"Regal Pillow":208,"GremlinMask":228,"Ancient Tea Set":46,"PrismaticShard":190,"Frozen Eye":2,"Nunchaku":90,"Matryoshka":10,"Mummified Hand":71,"Pantograph":46,"Gambling Chip":251,"Tiny Chest":31,"WingedGreaves":96,"Cracked Core":0,"InkBottle":91,"Lee\u0027s Waffle":104,"Inserter":58,"Golden Idol":211,"The Courier":31,"Omamori":228,"Medical Kit":132,"White Beast Statue":41,"Anchor":215,"Busted Crown":117,"Ornamental Fan":90,"betterThird:SlimedRelic":99,"Orrery":99,"Coffee Dripper":25,"Art of War":269,"Membership Card":66,"Bottled Lightning":86,"Toy Ornithopter":10}]},"card_choices":[{"not_picked":["Battle Trance","Slice"],"picked":"Shrug It Off","floor":1},{"not_picked":["Halt","Dodge and Roll"],"picked":"Poisoned Stab","floor":3},{"not_picked":["Ghostly Armor","Flex"],"picked":"Deadly Poison","floor":5},{"not_picked":["Turbo","White Noise"],"picked":"Streamline","floor":6},{"not_picked":["True Grit","PiercingWail"],"picked":"Double Energy","floor":11},{"not_picked":["Masterful Stab","True Grit"],"picked":"Brutality","floor":14},{"not_picked":["Bullet Time","Die Die Die"],"picked":"Envenom","floor":16},{"not_picked":["Redo","Headbutt"],"picked":"Storm","floor":18},{"not_picked":["Stack+1","Fusion"],"picked":"Bane","floor":22},{"not_picked":["Halt","MasterReality"],"picked":"Metallicize","floor":24},{"not_picked":["Seeing Red+1","BowlingBash+1"],"picked":"Quick Slash","floor":28},{"not_picked":["LessonLearned","Biased Cognition"],"picked":"Exhume","floor":33},{"not_picked":["Blind","Iron Wave"],"picked":"Infinite Blades","floor":35},{"not_picked":["Adaptation+1","SashWhip+1"],"picked":"Conserve Battery+1","floor":36},{"not_picked":["Sword Boomerang+1","BowlingBash+1"],"picked":"Swivel","floor":37},{"not_picked":["Setup","BowlingBash"],"picked":"Blade Dance","floor":41},{"not_picked":["Prostrate","FlyingSleeves"],"picked":"Crescendo+1","floor":42},{"not_picked":["Clothesline+1","Flying Knee"],"picked":"Dagger Spray+1","floor":44},{"not_picked":["Corpse Explosion","Flex+1"],"picked":"Defragment","floor":46},{"not_picked":["Poisoned Stab+1","Sanctity"],"picked":"DevaForm","floor":48},{"not_picked":["Conclude+1","Perfected Strike+1"],"picked":"Warcry+1","floor":54}],"player_experience":89051,"relics_obtained":[{"floor":6,"key":"WingedGreaves"},{"floor":9,"key":"Regal Pillow"},{"floor":14,"key":"Anchor"},{"floor":26,"key":"Bronze Scales"},{"floor":36,"key":"Gambling Chip"},{"floor":43,"key":"Blood Vial"},{"floor":46,"key":"Art of War"},{"floor":48,"key":"MealTicket"},{"floor":54,"key":"Blue Candle"}],"event_choices":[{"damage_healed":0,"gold_gain":0,"player_choice":"Grow","damage_taken":0,"max_hp_gain":0,"max_hp_loss":0,"event_name":"Living Wall","floor":4,"gold_loss":0,"cards_upgraded":["Shrug It Off"]},{"damage_healed":0,"gold_gain":0,"player_choice":"Donut","damage_taken":0,"max_hp_gain":5,"max_hp_loss":0,"event_name":"Big Fish","floor":12,"gold_loss":0},{"damage_healed":0,"gold_gain":0,"player_choice":"Take Damage","damage_taken":20,"relics_obtained":["Golden Idol"],"max_hp_gain":0,"max_hp_loss":0,"event_name":"Golden Idol","floor":13,"gold_loss":0},{"damage_healed":0,"gold_gain":0,"player_choice":"Upgrade","damage_taken":0,"max_hp_gain":0,"max_hp_loss":0,"event_name":"Designer","floor":19,"gold_loss":40,"cards_upgraded":["Envenom"]},{"damage_healed":0,"gold_gain":0,"player_choice":"Trade","damage_taken":0,"relics_obtained":["GremlinMask"],"max_hp_gain":0,"max_hp_loss":0,"event_name":"FaceTrader","floor":21,"gold_loss":0},{"damage_healed":0,"gold_gain":100,"player_choice":"Bet on Murderer","damage_taken":0,"max_hp_gain":0,"max_hp_loss":0,"event_name":"The Joust","floor":25,"gold_loss":50},{"damage_healed":0,"gold_gain":0,"player_choice":"Forge","damage_taken":0,"max_hp_gain":0,"max_hp_loss":0,"event_name":"Accursed Blacksmith","floor":29,"gold_loss":0,"cards_upgraded":["Storm"]},{"damage_healed":0,"gold_gain":0,"player_choice":"Simplicity","damage_taken":0,"max_hp_gain":0,"max_hp_loss":8,"event_name":"betterThird:BetterWriting","floor":31,"gold_loss":0},{"damage_healed":0,"gold_gain":0,"player_choice":"Fight","damage_taken":0,"max_hp_gain":0,"max_hp_loss":0,"event_name":"Mysterious Sphere","floor":36,"gold_loss":0},{"damage_healed":0,"gold_gain":0,"player_choice":"Ignored","damage_taken":0,"max_hp_gain":0,"max_hp_loss":0,"event_name":"Transmorgrifier","floor":39,"gold_loss":0},{"damage_healed":0,"gold_gain":3,"player_choice":"2","damage_taken":0,"max_hp_gain":0,"max_hp_loss":17,"event_name":"betterStone:BetterStone","floor":47,"gold_loss":0}],"is_beta":false,"boss_relics":[{"not_picked":["Nuclear Battery","Snecko Eye"],"picked":"Inserter"},{"not_picked":["Cursed Key","Black Star"],"picked":"Sozu"}],"items_purged_floors":[20,45],"is_endless":false,"potions_floor_spawned":[5,6,11,14,18,24,33,35,36,37,42,48],"ascension_level":0}}