{"host":"axuns55dzq466eei","time":1610027881,"event":{"mods":["BaseMod","Colored Map","Keyboard Shortcuts","Minty Spire (QoL Compilation)","StSLib","SuperFastMode"],"gold_per_floor":[110,129,129,129,149,149,32,59,59,59,59,59,72,82,82,161,161,173,73,73,73,86,86,11,22,22,22,22,22,22,72,72,72,72],"floor_reached":33,"playtime":520,"items_purged":["Strike_B","Strike_B"],"score":582,"play_id":"36a25f2b-18eb-420f-a46c-de6955111e52","local_time":"20210107225801","is_ascension_mode":true,"campfire_choices":[{"floor":6.0,"key":"REST"},{"data":"Chaos","floor":12.0,"key":"SMITH"},{"data":"Multi-Cast","floor":15.0,"key":"SMITH"},{"data":"Turbo","floor":23.0,"key":"SMITH"},{"floor":28.0,"key":"REST"},{"data":"Zap","floor":30.0,"key":"SMITH"},{"data":"Compile Driver","floor":32.0,"key":"SMITH"}],"circlet_count":0,"master_deck":["AscendersBane","Strike_B","Defend_B","Defend_B","Defend_B","Defend_B","Zap+1","Dualcast+1","Loop+1","Compile Driver+1","Cold Snap","Chaos+1","Multi-Cast+1","Turbo+1","Meteor Strike"],"relics":["Cracked Core","NeowsBlessing","Pocketwatch","InkBottle","Torii","Nuclear Battery","Singing Bowl"],"acts_visited":["Exordium","TheCity"],"potions_floor_usage":[33,33],"damage_taken":[{"damage":0.0,"enemies":"Cultist","floor":1.0,"turns":1.0},{"damage":0.0,"enemies":"Jaw Worm","floor":2.0,"turns":1.0},{"damage":0.0,"enemies":"2 Louse","floor":5.0,"turns":1.0},{"damage":19.0,"enemies":"Lagavulin","floor":8.0,"turns":5.0},{"damage":7.0,"enemies":"2 Fungi Beasts","floor":13.0,"turns":4.0},{"damage":0.0,"enemies":"Red Slaver","floor":14.0,"turns":2.0},{"damage":0.0,"enemies":"Slime Boss","floor":16.0,"turns":3.0},{"damage":12.0,"enemies":"2 Thieves","floor":18.0,"turns":3.0},{"damage":20.0,"enemies":"3 Byrds","floor":22.0,"turns":5.0},{"damage":10.0,"enemies":"Snake Plant","floor":25.0,"turns":5.0},{"damage":52,"enemies":"Automaton","floor":33,"turns":6}],"seed_played":"-5012130054917282266","potions_obtained":[{"floor":1.0,"key":"DuplicationPotion"},{"floor":8.0,"key":"Dexterity Potion"}],"is_trial":false,"path_per_floor":["M","M","?","?","M","R","$","E","T","?","?","R","M","M","R","B",null,"M","$","?","?","M","R","?","M","T","$","R","?","R","?","R","B"],"character_chosen":"DEFECT","items_purchased":["Chaos"],"campfire_rested":2,"item_purchase_floors":[7],"current_hp_per_floor":[64,64,43,38,38,59,59,40,40,40,40,40,33,33,33,33,62,50,50,50,50,30,30,30,20,20,20,41,41,41,41,41,0,0],"gold":72,"neow_bonus":"THREE_ENEMY_KILL","is_daily":false,"chose_seed":false,"campfire_upgraded":5,"win_rate":0.0,"timestamp":1610027881,"path_taken":["M","M","?","?","?","R","$","E","T","?","?","R","M","M","R","BOSS","M","$","?","?","?","R","?","M","T","$","R","?","R","?","R","BOSS"],"items_purchased_type":["Card"],"build_version":"2020-12-22","purchased_purges":2,"victory":false,"max_hp_per_floor":[71,71,71,71,71,71,71,71,71,71,71,71,71,71,71,71,71,71,71,71,71,71,71,71,71,71,71,71,71,71,71,71,71,71],"card_choices":[{"not_picked":["Reprogram","Redo"],"picked":"Loop","floor":1.0},{"not_picked":["Rebound","Turbo"],"picked":"Compile Driver","floor":2.0},{"not_picked":["Undo","Stack"],"picked":"Cold Snap","floor":5.0},{"not_picked":["Go for the Eyes","Reprogram","Melter"],"picked":"SKIP","floor":8.0},{"not_picked":["Hologram","Blizzard"],"picked":"Turbo","floor":13.0},{"not_picked":["Gash","White Noise","Auto Shields"],"picked":"SKIP","floor":14.0},{"not_picked":["Creative AI","Thunder Strike"],"picked":"Meteor Strike","floor":16.0},{"not_picked":["Streamline","Cold Snap+1","Leap"],"picked":"SKIP","floor":18.0},{"not_picked":["Ball Lightning","Barrage","Turbo+1"],"picked":"SKIP","floor":22.0},{"not_picked":["Reprogram+1","Scrape","Barrage+1"],"picked":"SKIP","floor":25.0}],"player_experience":1068470,"relics_obtained":[{"floor":8.0,"key":"InkBottle"},{"floor":9.0,"key":"Torii"},{"floor":26.0,"key":"Singing Bowl"}],"event_choices":[{"damage_healed":0.0,"max_hp_gain":0.0,"max_hp_loss":0.0,"gold_gain":0.0,"event_name":"Shining Light","player_choice":"Entered Light","floor":3.0,"gold_loss":0.0,"damage_taken":21.0,"cards_upgraded":["Dualcast","Loop"]},{"damage_healed":0.0,"max_hp_gain":0.0,"max_hp_loss":0.0,"gold_gain":0.0,"event_name":"Scrap Ooze","player_choice":"Success","floor":4.0,"gold_loss":0.0,"damage_taken":5.0,"relics_obtained":["Pocketwatch"]},{"damage_healed":0.0,"max_hp_gain":0.0,"max_hp_loss":0.0,"gold_gain":0.0,"event_name":"Golden Idol","player_choice":"Ignored","floor":10.0,"gold_loss":0.0,"damage_taken":0.0},{"damage_healed":0.0,"max_hp_gain":0.0,"max_hp_loss":0.0,"gold_gain":0.0,"event_name":"Match and Keep!","player_choice":"1 cards matched","floor":11.0,"gold_loss":0.0,"damage_taken":0.0,"cards_obtained":["Multi-Cast"]},{"damage_healed":0.0,"max_hp_gain":0.0,"max_hp_loss":0.0,"gold_gain":0.0,"event_name":"Match and Keep!","player_choice":"0 cards matched","floor":21.0,"gold_loss":0.0,"damage_taken":0.0,"cards_obtained":[]},{"cards_removed":["Strike_B"],"damage_healed":0.0,"max_hp_gain":0.0,"max_hp_loss":0.0,"gold_gain":0.0,"event_name":"Beggar","player_choice":"Gave Gold","floor":24.0,"gold_loss":75.0,"damage_taken":0.0},{"damage_healed":0.0,"max_hp_gain":0.0,"max_hp_loss":0.0,"gold_gain":0.0,"event_name":"Ghosts","player_choice":"Ignored","floor":29.0,"gold_loss":0.0,"damage_taken":0.0},{"damage_healed":0.0,"max_hp_gain":0.0,"max_hp_loss":0.0,"gold_gain":50.0,"event_name":"Nest","player_choice":"Stole From Cult","floor":31.0,"gold_loss":0.0,"damage_taken":0.0}],"is_beta":false,"boss_relics":[{"not_picked":["Runic Pyramid","Busted Crown"],"picked":"Nuclear Battery"}],"items_purged_floors":[7,19],"is_endless":false,"potions_floor_spawned":[1,8,16,18,22],"killed_by":"Automaton","ascension_level":20}}