{"host":"9n6i2vl93jt4o42q","time":1610033464,"event":{"mods":["BaseMod","Downfall","Minty Spire (QoL Compilation)","Relic Stats","StSLib"],"gold_per_floor":[99,99,116,34,46,46,46,46,46,46],"floor_reached":8,"playtime":460,"items_purged":[],"score":66,"play_id":"6e804bb1-1510-4838-94be-54486de89b71","local_time":"20210107163104","is_ascension_mode":true,"campfire_choices":[{"floor":1,"key":"RECALL"}],"circlet_count":0,"master_deck":["AscendersBane","Guardian:Strike_Guardian","Guardian:Strike_Guardian","Guardian:Strike_Guardian","Guardian:Strike_Guardian","Guardian:Defend_Guardian","Guardian:Defend_Guardian","Guardian:Defend_Guardian","Guardian:Defend_Guardian","Guardian:CurlUp","Guardian:TwinSlam","CurseOfTheBell","Guardian:BronzeOrb","Guardian:Preprogram","Guardian:Repulse","Guardian:TemporalStrike","Guardian:Gem_Fragmented","Guardian:Gem_Crimson","Guardian:Gem_Purple"],"relics":["Calling Bell","Bag of Marbles","Pantograph","Ginger","Guardian:PickAxe","The Courier"],"acts_visited":["Exordium"],"potions_floor_usage":[6,8,8],"damage_taken":[{"damage":5,"enemies":"Jaw Worm","floor":3,"turns":4},{"damage":5,"enemies":"downfall:FleeingMerchant","floor":4,"turns":4},{"damage":1,"enemies":"Cultist","floor":5,"turns":5},{"damage":0,"enemies":"Cultist","floor":6,"turns":5},{"damage":76,"enemies":"Gremlin Nob","floor":8,"turns":5}],"seed_played":"4602456231393131003","potions_obtained":[{"floor":2,"key":"champ:CounterPotion"},{"floor":2,"key":"Swift Potion"},{"floor":2,"key":"Guardian:AcceleratePotion"}],"is_trial":false,"path_per_floor":["R","?","M","$","M","?","T","E"],"character_chosen":"GUARDIAN","items_purchased":["Guardian:Repulse"],"campfire_rested":0,"item_purchase_floors":[4],"current_hp_per_floor":[72,72,67,62,61,55,55,0,0,0],"gold":46,"neow_bonus":"BOSS_RELIC","is_daily":false,"chose_seed":false,"campfire_upgraded":0,"win_rate":0.0,"timestamp":1610033464,"path_taken":["R","?","M","?","M","?","T","E"],"items_purchased_type":["Card"],"build_version":"2020-12-22","purchased_purges":0,"victory":false,"max_hp_per_floor":[80,80,80,80,80,80,80,80,80,80],"relic_stats":{"counters":[5,23],"Pantograph":0,"Ginger":[0],"obtain_stats":[{"Calling Bell":0,"Guardian:PickAxe":6,"Pantograph":0,"Guardian:ModeShifter":0,"The Courier":7,"Bag of Marbles":0,"Ginger":0},{"Calling Bell":0,"Guardian:PickAxe":4,"Pantograph":0,"Guardian:ModeShifter":0,"The Courier":4,"Bag of Marbles":0,"Ginger":0},{"Calling Bell":0,"Guardian:PickAxe":18,"Pantograph":0,"Guardian:ModeShifter":0,"The Courier":18,"Bag of Marbles":0,"Ginger":0}]},"card_choices":[{"not_picked":["Guardian:CrystalBeam","Guardian:Suspension"],"picked":"Guardian:BronzeOrb","floor":3},{"not_picked":["Guardian:Gem_Green","Guardian:Suspension"],"picked":"Guardian:Preprogram","floor":4},{"not_picked":["Guardian:Preprogram","Guardian:Recover"],"picked":"Guardian:TemporalStrike","floor":5}],"player_experience":2210387,"relics_obtained":[{"floor":0,"key":"Bag of Marbles"},{"floor":0,"key":"Pantograph"},{"floor":0,"key":"Ginger"},{"floor":7,"key":"The Courier"}],"event_choices":[{"damage_healed":0,"gold_gain":0,"player_choice":"Got Potions","damage_taken":0,"max_hp_gain":0,"max_hp_loss":0,"event_name":"Lab","floor":2,"gold_loss":0}],"is_beta":false,"boss_relics":[],"items_purged_floors":[],"is_endless":false,"potions_floor_spawned":[5,6],"killed_by":"Gremlin Nob","ascension_level":10}}