{"host":"ku7h2vk4czvj6teb","time":1610060681,"event":{"mods":["2.2 Compatiblity","AchievementEnabler","BaseMod","Better Altar","Better Match","Better Note","Better Sensory Stone","Better Skull","Better Third Choice","Better Vampires","BetterRewards","Block Reminder","Colored Map","Colored Powertips","Curses Come First","Filter the Spire","Friendly Minions","Highlight Path","Ironclad Rager","Minty Spire (QoL Compilation)","Permanent Neow","Quick Restart","Rare Cards Sparkle","Relic Stats","Replay The Spire","Say the Spire","Shop Mod","Spicy Shops","StSLib","SuperFastMode","Swap Starting Deck Mod","Thieving Mod","Transform Curses","UnlockEverythingMod"],"gold_per_floor":[129,129,149,149,0,0,16,16,16,16,55,55,55,55,68,104,104,229,229,252,252,252,261,0,0,0,19,45,45,45,45,45,90,90,211,311,336,350,350,364,364,364],"floor_reached":41,"playtime":2124,"items_purged":["Clumsy","Voices"],"score":489,"play_id":"e562df40-f03a-4f2d-9ba4-19321d579fe3","local_time":"20210107230441","is_ascension_mode":false,"campfire_choices":[{"floor":6,"key":"RECALL"},{"data":"Replay:Bag of Tricks","floor":17,"key":"SMITH"},{"floor":25,"key":"REST"},{"floor":31,"key":"REST"}],"circlet_count":0,"master_deck":["Strike_G","Strike_G","Strike_G","Strike_G","Strike_G","Defend_G","Defend_G","Defend_G","Defend_G","Defend_G","Survivor","Neutralize","Noxious Fumes","Deflect","HandOfGreed","Swift Strike","Blade Dance","Poisoned Stab","Caltrops","Crippling Poison","Enlightenment+1","Infinite Blades","Bane","Accuracy","Replay:Bag of Tricks+1","Corpse Explosion","Tactician+1","Calculated Gamble","Poisoned Stab+1","Accuracy","Prepared+1","Choke","Sadistic Nature","Toxin Wave","Replay:Bag of Tricks+1","Sucker Punch","Burst","Acrobatics+1","Dash+1","Madness","Madness","Flying Knee+1"],"relics":["Membership Card","Chemical X","Torii","Sizzling Blood","Golden Idol","Divine Protection","NlothsMask","Incense Burner","Fusion Hammer","Replay:Ringing Soul","ReplayTheSpireMod:CursedCoin","Juzu Bracelet","Mirror","Replay:Wanted Poster"],"acts_visited":["Exordium","TheCity","TheBeyond"],"potions_floor_usage":[18,35,37],"damage_taken":[{"damage":0,"enemies":"Small Slimes","floor":1,"turns":2},{"damage":0,"enemies":"2 Louse","floor":3,"turns":2},{"damage":2,"enemies":"Cultist","floor":7,"turns":4},{"damage":7,"enemies":"3 Louse","floor":11,"turns":3},{"damage":0,"enemies":"Red Slaver","floor":15,"turns":4},{"damage":11,"enemies":"3 Sentries","floor":16,"turns":8},{"damage":38,"enemies":"The Guardian","floor":18,"turns":8},{"damage":0,"enemies":"Chosen","floor":20,"turns":5},{"damage":18,"enemies":"2 Thieves","floor":23,"turns":4},{"damage":1,"enemies":"Shelled Parasite and Fungi","floor":27,"turns":4},{"damage":1,"enemies":"3 Cultists","floor":33,"turns":5},{"damage":52,"enemies":"Champ","floor":35,"turns":8},{"damage":43,"enemies":"3 Darklings","floor":37,"turns":5},{"damage":0,"enemies":"Orb Walker","floor":38,"turns":4},{"damage":40,"enemies":"Transient","floor":40,"turns":5},{"damage":35,"enemies":"2 Orb Walkers","floor":41,"turns":2}],"seed_played":"4417448283637198952","potions_obtained":[{"floor":15,"key":"Poison Potion"},{"floor":18,"key":"SpeedPotion"},{"floor":20,"key":"SteroidPotion"},{"floor":23,"key":"SteroidPotion"},{"floor":33,"key":"Energy Potion"},{"floor":37,"key":"SpeedPotion"}],"is_trial":false,"path_per_floor":["M","?","M","?","?","R","M","T","T","$","M","?","PTL","PTL","M","E","R","B",null,"M","?","?","M","$","R","$","M","T","?","?","R","?","M","R_BF","B",null,"M","M","?","M","?"],"character_chosen":"THE_SILENT","items_purchased":["Membership Card","Chemical X","Torii","Noxious Fumes","Deflect","HandOfGreed","Swift Strike","Blade Dance","Poisoned Stab","ReplayTheSpireMod:CursedCoin","Juzu Bracelet","Mirror","Accuracy","Prepared+1","Choke","Sadistic Nature"],"campfire_rested":2,"item_purchase_floors":[0,0,0,0,0,0,0,0,0,24,24,24,24,24,24,24],"current_hp_per_floor":[56,60,64,64,70,70,72,72,72,72,69,69,69,69,73,66,66,32,80,80,80,80,69,72,86,86,89,89,92,92,92,92,95,95,50,98,62,69,59,26,0,0],"gold":364,"neow_bonus":"","is_daily":false,"chose_seed":false,"campfire_upgraded":1,"win_rate":0.0,"timestamp":1610060681,"path_taken":["M","?","M","?","?","R","M","?","T","?","?","?","PTL","PTL","M","E","R","BOSS","M","?","?","?","?","R","$","M","T","?","?","R","?","M","R_BF","BOSS","M","M","?","M","?"],"items_purchased_type":["Relic","Relic","Relic","Card","Card","Card","Card","Card","Card","Relic","Relic","Relic","Card","Card","Card","Card"],"build_version":"2020-12-22","purchased_purges":2,"victory":false,"max_hp_per_floor":[70,74,74,74,80,80,80,80,80,80,80,80,80,80,80,80,80,80,80,80,80,80,83,86,86,86,89,89,92,92,92,92,95,95,98,98,101,104,107,110,110,110],"relic_stats":{"Torii":16,"counters":[87,444],"Golden Idol":108,"Juzu Bracelet":1,"Chemical X":[1],"obtain_stats":[{"Divine Protection":9,"Calipers":36,"aspiration:SneckoTail":23,"CeramicFish":26,"Vajra":43,"HoveringKite":34,"sneckomod:SneckoSoul":36,"Sling":0,"Replay:Wanted Poster":36,"Replay:Ringing Soul":22,"Strawberry":11,"Fusion Hammer":17,"HandDrill":39,"Replay:Wax Seal":7,"Girya":0,"conspire:TreasureMap":19,"Pear":11,"ReplayTheSpireMod:CursedCoin":36,"aspiration:Nostalgia":36,"Astrolabe":34,"conspire:SlowCooker":17,"Pen Nib":10,"conspire:Boomerang":23,"Letter Opener":0,"aspiration:IroncladSkillbook":17,"Akabeko":26,"Du-Vu Doll":0,"OrangePellets":11,"Molten Egg 2":39,"hubris:ToyBattleship":36,"Grinning Jar":27,"Mirror":24,"conspire:Flyswatter":6,"NlothsMask":12,"Darkstone Periapt":36,"Regal Pillow":9,"Torii":28,"Blue Doll":0,"GremlinMask":2,"Sizzling Blood":2,"Incense Burner":16,"Juzu Bracelet":24,"PrismaticShard":19,"Ancient Tea Set":30,"Smiling Mask":5,"Burning Blood":0,"conspire:TopHat":6,"Nunchaku":0,"hubris:Icosahedron":3,"Chemical X":0,"hubris:ChampionShield":13,"hubris:GlazedTorus":2,"Potion Belt":19,"hubris:DisguiseKit":39,"The Specimen":0,"aspiration:FetidBarrel":36,"Golden Idol":4,"White Beast Statue":36,"betterThird:SlimedRelic":3,"hubris:GrandSneckoEye":34,"Membership Card":11,"ReplayTheSpireMod:ShopPack":39},{"Divine Protection":74,"Calipers":16,"aspiration:SneckoTail":53,"CeramicFish":12,"Vajra":18,"HoveringKite":39,"sneckomod:SneckoSoul":16,"Sling":65,"Replay:Wanted Poster":83,"Replay:Ringing Soul":79,"Strawberry":5,"Fusion Hammer":50,"HandDrill":17,"Replay:Wax Seal":3,"Girya":42,"conspire:TreasureMap":32,"Pear":5,"ReplayTheSpireMod:CursedCoin":16,"aspiration:Nostalgia":16,"Astrolabe":58,"conspire:SlowCooker":9,"Pen Nib":47,"conspire:Boomerang":12,"Letter Opener":22,"aspiration:IroncladSkillbook":31,"Akabeko":35,"Du-Vu Doll":0,"OrangePellets":5,"Molten Egg 2":17,"hubris:ToyBattleship":16,"Grinning Jar":13,"Mirror":80,"conspire:Flyswatter":46,"NlothsMask":75,"Darkstone Periapt":16,"Regal Pillow":4,"Torii":55,"Blue Doll":0,"GremlinMask":63,"Sizzling Blood":72,"Incense Burner":77,"Juzu Bracelet":80,"PrismaticShard":10,"Ancient Tea Set":56,"Smiling Mask":64,"Burning Blood":0,"conspire:TopHat":26,"Nunchaku":22,"hubris:Icosahedron":1,"Chemical X":0,"hubris:ChampionShield":7,"hubris:GlazedTorus":1,"Potion Belt":32,"hubris:DisguiseKit":17,"The Specimen":62,"aspiration:FetidBarrel":16,"Golden Idol":73,"White Beast Statue":40,"betterThird:SlimedRelic":67,"hubris:GrandSneckoEye":15,"Membership Card":5,"ReplayTheSpireMod:ShopPack":61},{"Divine Protection":379,"Calipers":69,"aspiration:SneckoTail":263,"CeramicFish":50,"Vajra":77,"HoveringKite":184,"sneckomod:SneckoSoul":69,"Sling":346,"Replay:Wanted Poster":428,"Replay:Ringing Soul":407,"Strawberry":17,"Fusion Hammer":241,"HandDrill":72,"Replay:Wax Seal":10,"Girya":198,"conspire:TreasureMap":147,"Pear":17,"ReplayTheSpireMod:CursedCoin":69,"aspiration:Nostalgia":69,"Astrolabe":306,"conspire:SlowCooker":38,"Pen Nib":222,"conspire:Boomerang":50,"Letter Opener":102,"aspiration:IroncladSkillbook":143,"Akabeko":161,"Du-Vu Doll":0,"OrangePellets":17,"Molten Egg 2":72,"hubris:ToyBattleship":69,"Grinning Jar":55,"Mirror":411,"conspire:Flyswatter":214,"NlothsMask":382,"Darkstone Periapt":69,"Regal Pillow":12,"Torii":276,"Blue Doll":0,"GremlinMask":336,"Sizzling Blood":373,"Incense Burner":394,"Juzu Bracelet":411,"PrismaticShard":42,"Ancient Tea Set":287,"Smiling Mask":341,"Burning Blood":0,"conspire:TopHat":118,"Nunchaku":102,"hubris:Icosahedron":5,"Chemical X":0,"hubris:ChampionShield":23,"hubris:GlazedTorus":5,"Potion Belt":147,"hubris:DisguiseKit":72,"The Specimen":333,"aspiration:FetidBarrel":69,"Golden Idol":375,"White Beast Statue":189,"betterThird:SlimedRelic":354,"hubris:GrandSneckoEye":66,"Membership Card":17,"ReplayTheSpireMod:ShopPack":330}]},"card_choices":[{"not_picked":["Dagger Throw","Deflect"],"picked":"Caltrops","floor":1},{"not_picked":["Cloak And Dagger","Dodge and Roll"],"picked":"Crippling Poison","floor":3},{"not_picked":["Dodge and Roll","Dagger Throw"],"picked":"Infinite Blades","floor":7},{"not_picked":["Blade Dance","Deflect"],"picked":"Bane","floor":11},{"not_picked":["Bane","Skewer"],"picked":"Accuracy","floor":15},{"not_picked":["Flechettes","Fluid Movement"],"picked":"Replay:Bag of Tricks","floor":16},{"not_picked":["ReplayTheSpireMod:From All Sides","Atom Bomb"],"picked":"Corpse Explosion","floor":18},{"not_picked":["Backflip+1","Outmaneuver+1"],"picked":"Tactician","floor":20},{"not_picked":["Flying Knee+1","Flechettes"],"picked":"Poisoned Stab+1","floor":23},{"not_picked":["Well Laid Plans+1","Skewer+1"],"picked":"Toxin Wave","floor":27},{"not_picked":["Backflip","Hidden Blade+1"],"picked":"Sucker Punch","floor":33},{"not_picked":["Storm of Steel","ReplayTheSpireMod:Necrosis"],"picked":"Burst","floor":35},{"not_picked":["Dagger Throw+1","Bane"],"picked":"Acrobatics+1","floor":37},{"not_picked":["Blade Dance","Sucker Punch"],"picked":"Dash+1","floor":38},{"not_picked":["ReplayTheSpireMod:From All Sides","Skewer"],"picked":"Flying Knee+1","floor":40}],"player_experience":265131,"relics_obtained":[{"floor":9,"key":"Divine Protection"},{"floor":16,"key":"Incense Burner"}],"event_choices":[{"damage_healed":0,"gold_gain":0,"player_choice":"Take Wound","damage_taken":0,"relics_obtained":["Golden Idol"],"max_hp_gain":0,"max_hp_loss":0,"event_name":"Golden Idol","floor":4,"gold_loss":0,"cards_obtained":["Injury"]},{"damage_healed":0,"gold_gain":0,"player_choice":"RENOUNCE","damage_taken":149,"max_hp_gain":0,"max_hp_loss":0,"event_name":"betterThird:BetterSerpent","floor":5,"gold_loss":149,"cards_obtained":["Enlightenment"]},{"damage_healed":0,"gold_gain":0,"player_choice":"Trade","damage_taken":0,"relics_obtained":["NlothsMask"],"max_hp_gain":0,"max_hp_loss":0,"event_name":"FaceTrader","floor":12,"gold_loss":0},{"damage_healed":0,"gold_gain":0,"cards_transformed":["Injury"],"player_choice":"Transformed","damage_taken":0,"max_hp_gain":0,"max_hp_loss":0,"event_name":"Transmorgrifier","floor":21,"gold_loss":0,"cards_obtained":["Calculated Gamble"]},{"damage_healed":0,"gold_gain":0,"player_choice":"Gave Potion","damage_taken":0,"relics_obtained":["Replay:Ringing Soul"],"max_hp_gain":0,"max_hp_loss":0,"event_name":"WeMeetAgain","floor":22,"gold_loss":0},{"damage_healed":0,"gold_gain":0,"player_choice":"Copied","damage_taken":0,"max_hp_gain":0,"max_hp_loss":0,"event_name":"Duplicator","floor":29,"gold_loss":0,"cards_obtained":["Replay:Bag of Tricks"]},{"damage_healed":0,"gold_gain":0,"player_choice":"Serpent","damage_taken":0,"max_hp_gain":0,"max_hp_loss":0,"event_name":"BanditSerpent","floor":30,"gold_loss":0},{"damage_healed":0,"gold_gain":0,"player_choice":"Embrace Madness","damage_taken":13,"max_hp_gain":0,"max_hp_loss":0,"event_name":"Winding Halls","floor":39,"gold_loss":0,"cards_obtained":["Madness","Madness"]},{"damage_healed":0,"gold_gain":0,"player_choice":"Fight","damage_taken":0,"max_hp_gain":0,"max_hp_loss":0,"event_name":"Mysterious Sphere","floor":41,"gold_loss":0}],"is_beta":false,"boss_relics":[{"not_picked":["WristBlade","Snecko Eye"],"picked":"Fusion Hammer"},{"not_picked":["Cursed Key","Pandora\u0027s Box"],"picked":"Replay:Wanted Poster"}],"items_purged_floors":[0,24],"is_endless":false,"potions_floor_spawned":[15,18,20,23,33,37],"killed_by":"2 Orb Walkers","ascension_level":0}}