{"host":"ig7tc0uedzltt2sr","time":1610002475,"event":{"mods":["BaseMod","Better Twitch Integration","Block Reminder","Colored Map","Colored Powertips","Communication Mod","Current Relic Mod","GifTheSpireLib","HexUI Lib","Minty Spire (QoL Compilation)","Quick Restart","Random Character Button","Rare Cards Sparkle","Relic Sorter","Relic Stats","Slay the Relics Exporter","StSLib","SuperFastMode","Synergy Search","Twitch Decklist","Twitch Utils","everything is the same but u backflip on backflip","slay the spire mod where everything is the same but ironclad has a cowboy hat"],"gold_per_floor":[119,129,129,145,164,164,164,178,232,407,423,373,373,373,373],"floor_reached":14,"playtime":139,"items_purged":[],"score":82,"play_id":"a58cc8b9-7948-49a9-867f-a3c1c19a5cd9","local_time":"20210106225435","is_ascension_mode":false,"campfire_choices":[{"floor":6,"key":"RECALL"}],"circlet_count":0,"master_deck":["Strike_R","Strike_R","Strike_R","Strike_R","Strike_R","Defend_R","Defend_R","Defend_R","Defend_R","Bash","Heavy Blade","Shrug It Off","Cleave","Uppercut","Doubt","Shrug It Off"],"relics":["Burning Blood","Oddly Smooth Stone"],"acts_visited":["Exordium"],"potions_floor_usage":[],"damage_taken":[{"damage":14,"enemies":"Small Slimes","floor":1,"turns":8},{"damage":2,"enemies":"2 Louse","floor":2,"turns":8},{"damage":27,"enemies":"Cultist","floor":4,"turns":8},{"damage":18,"enemies":"2 Fungi Beasts","floor":5,"turns":7},{"damage":32,"enemies":"Large Slime","floor":8,"turns":14},{"damage":13,"enemies":"Blue Slaver","floor":11,"turns":7},{"damage":31,"enemies":"Lagavulin","floor":14,"turns":7}],"seed_played":"9189542310851667134","potions_obtained":[{"floor":1,"key":"LiquidMemories"},{"floor":2,"key":"Weak Potion"},{"floor":11,"key":"Weak Potion"}],"is_trial":false,"path_per_floor":["M","M","$","M","M","R","$","M","T","?","M","?","?","E"],"character_chosen":"IRONCLAD","items_purchased":[],"campfire_rested":0,"item_purchase_floors":[],"current_hp_per_floor":[80,84,84,63,51,51,51,25,25,25,18,18,18,0,0],"gold":373,"neow_bonus":"TEN_PERCENT_HP_BONUS","is_daily":false,"chose_seed":false,"campfire_upgraded":0,"win_rate":0.0,"timestamp":1610002475,"path_taken":["M","M","$","M","M","R","$","M","T","?","M","?","?","E"],"items_purchased_type":[],"build_version":"2020-12-22","purchased_purges":0,"victory":false,"max_hp_per_floor":[88,88,88,88,88,88,88,88,88,88,88,88,88,88,88],"relic_stats":{"counters":[7,59],"obtain_stats":[{"Oddly Smooth Stone":9,"Burning Blood":0},{"Oddly Smooth Stone":5,"Burning Blood":0},{"Oddly Smooth Stone":45,"Burning Blood":0}],"Burning Blood":36},"card_choices":[{"not_picked":["True Grit","Inflame"],"picked":"Heavy Blade","floor":1},{"not_picked":["Headbutt","Twin Strike"],"picked":"Shrug It Off","floor":2},{"not_picked":["Heavy Blade","Warcry"],"picked":"Cleave","floor":4},{"not_picked":["Clothesline","Thunderclap"],"picked":"Feel No Pain","floor":5},{"not_picked":["Pommel Strike","Metallicize"],"picked":"Uppercut","floor":8},{"not_picked":["Anger","Clash"],"picked":"Shrug It Off","floor":11}],"player_experience":1451672,"relics_obtained":[{"floor":9,"key":"Oddly Smooth Stone"}],"event_choices":[{"damage_healed":0,"gold_gain":175,"player_choice":"AGREE","damage_taken":0,"max_hp_gain":0,"max_hp_loss":0,"event_name":"Liars Game","floor":10,"gold_loss":0,"cards_obtained":["Doubt"]},{"cards_removed":["Feel No Pain"],"damage_healed":0,"gold_gain":0,"player_choice":"Card Removal","damage_taken":0,"max_hp_gain":0,"max_hp_loss":0,"event_name":"The Cleric","floor":12,"gold_loss":50},{"damage_healed":0,"gold_gain":0,"player_choice":"Ignored","damage_taken":0,"max_hp_gain":0,"max_hp_loss":0,"event_name":"Upgrade Shrine","floor":13,"gold_loss":0}],"is_beta":false,"boss_relics":[],"items_purged_floors":[],"is_endless":false,"potions_floor_spawned":[1,2,11],"killed_by":"Lagavulin","ascension_level":0}}