{"host":"b4asi0laiv85suj9","time":1610014827,"event":{"mods":["ATMod(阿瑾Mod)","BaseMod","Minty Spire (QoL Compilation)","MostiFishMod","Relic Stats","StSLib","TestMod","noobMod"],"gold_per_floor":[113,130,148,148,160,185,185,185,211,236,236,258,286,302,302,382,382,401,401,401,401,401,446,466,501,501,538,538,538,538,561,561,652,652,675,675,675,675,675,675,727,752,778,778,799,817,817,850,850,861,887,887,887,887,920,947],"floor_reached":57,"playtime":2795,"items_purged":["Establishment","Defend_P","Strike_P","Defend_P","Strike_P","Strike_P","Defend_P"],"score":3472,"play_id":"79eb4771-a723-443f-96f1-e717ba253723","local_time":"20210107182027","is_ascension_mode":true,"campfire_choices":[{"data":"WheelKick","floor":8.0,"key":"SMITH"},{"data":"1","floor":15.0,"key":"LIFT"},{"data":"2","floor":29.0,"key":"LIFT"},{"data":"Apotheosis","floor":32.0,"key":"SMITH"},{"floor":40,"key":"RECALL"},{"data":"3","floor":44,"key":"LIFT"},{"data":"Scrawl","floor":47,"key":"SMITH"},{"data":"Ragnarok","floor":49,"key":"SMITH"},{"data":"Vault","floor":53,"key":"SMITH"}],"circlet_count":0,"master_deck":["AscendersBane","Defend_P","Eruption+1","Vigilance","AT_FamilyPortrait","Protect+1","MostiFishMod:PathToVictory","CutThroughFate","Wallop","WheelKick+1","FearNoEvil","InnerPeace","Indignation","Adaptation","Ragnarok+1","TalkToTheHand","BowlingBash","Adaptation","TalkToTheHand","Apotheosis+1","MentalFortress","Crescendo","Scrawl+1","Vault+1","TalkToTheHand","MostiFishMod:StarWish","Evaluate","MentalFortress","LikeWater","Wallop","testmod-Reverberation"],"relics":["PureWater","testmod-TestBox","DaveBox","ice","AT_ATBox","AT_RedTearstoneRing","testmod-Déjàvu","DiscerningMonocle","SynthV:TestCard","testmod-OneHitWonder","Toy Ornithopter","testmod-Acrobat","Blood Vial","testmod-IWantAll","Dream Catcher","Girya","HaiYi:Twilight","Bag of Preparation","testmod-TheFather","Sling","OrangePellets","testmod-Antiphasic","Lizard Tail","Damaru","Regal Pillow","Anchor","AT_EbonyIvory","AT_ArchangelStaff","Philosopher\u0027s Stone","Bag of Marbles","BirthdayGift-Tetrahedron","Question Card","Ancient Tea Set","Singing Bowl","ChiLing","Chi","Ling","PreservedInsect","Art of War","Gambling Chip","Thread and Needle","testmod-AssaultLearning","InkBottle"],"acts_visited":["TheCity","TheBeyond","TheEnding"],"potions_floor_usage":[51,56],"damage_taken":[{"damage":8.0,"enemies":"Small Slimes","floor":1.0,"turns":5.0},{"damage":3.0,"enemies":"2 Louse","floor":2.0,"turns":7.0},{"damage":0.0,"enemies":"Cultist","floor":3.0,"turns":2.0},{"damage":2.0,"enemies":"2 Fungi Beasts","floor":5.0,"turns":2.0},{"damage":3.0,"enemies":"3 Sentries","floor":6.0,"turns":6.0},{"damage":0.0,"enemies":"Gremlin Nob","floor":10.0,"turns":3.0},{"damage":0.0,"enemies":"3 Louse","floor":12.0,"turns":3.0},{"damage":10.0,"enemies":"3 Sentries","floor":13.0,"turns":3.0},{"damage":8.0,"enemies":"Large Slime","floor":14.0,"turns":2.0},{"damage":0.0,"enemies":"Slime Boss","floor":16.0,"turns":4.0},{"damage":20.0,"enemies":"Spheric Guardian","floor":18.0,"turns":5.0},{"damage":11.0,"enemies":"Slavers","floor":23.0,"turns":2.0},{"damage":0.0,"enemies":"Chosen","floor":24.0,"turns":3.0},{"damage":0.0,"enemies":"Book of Stabbing","floor":25.0,"turns":3.0},{"damage":10.0,"enemies":"Gremlin Leader","floor":27.0,"turns":2.0},{"damage":0.0,"enemies":"Shelled Parasite and Fungi","floor":31.0,"turns":3.0},{"damage":6.0,"enemies":"Automaton","floor":33.0,"turns":3.0},{"damage":0,"enemies":"3 Shapes","floor":35,"turns":2},{"damage":3,"enemies":"Reptomancer","floor":41,"turns":2},{"damage":2,"enemies":"3 Darklings","floor":42,"turns":1},{"damage":0,"enemies":"Spire Growth","floor":45,"turns":1},{"damage":2,"enemies":"Jaw Worm Horde","floor":46,"turns":1},{"damage":0,"enemies":"Nemesis","floor":48,"turns":1},{"damage":7,"enemies":"Time Eater","floor":50,"turns":3},{"damage":13,"enemies":"Awakened One","floor":51,"turns":6},{"damage":1,"enemies":"Shield and Spear","floor":55,"turns":1},{"damage":10,"enemies":"The Heart","floor":56,"turns":4}],"seed_played":"3548114186459742681","potions_obtained":[{"floor":3.0,"key":"FairyPotion"},{"floor":5.0,"key":"Energy Potion"}],"is_trial":false,"path_per_floor":["M","M","M","?","M","E","?","R","T","E","$","M","E","M","R","B",null,"M","?","$","?","$","E","M","E","T","E","?","R","$","M","R","B",null,"M","?","$","?","$","R","E","M","T","R","M","M","R","E","R","B","B",null,"R","$","E","B",null],"character_chosen":"WATCHER","items_purchased":["Blood Vial","testmod-IWantAll","Dream Catcher","Ambrosia","testmod-TimePotion","InnerPeace","Indignation","Bag of Preparation","testmod-TheFather","Sling","Adaptation","OrangePellets","testmod-Antiphasic","Lizard Tail","TalkToTheHand","Apotheosis","MentalFortress","AT_EbonyIvory","AT_ArchangelStaff","Bag of Marbles","BirthdayGift-Tetrahedron","Evaluate","Question Card","Ancient Tea Set","Singing Bowl","ChiLing","MentalFortress","LiquidMemories","Thread and Needle","testmod-AssaultLearning","Wallop","testmod-Reverberation"],"campfire_rested":0,"item_purchase_floors":[11,11,11,11,11,11,11,20,20,20,20,22,22,22,22,22,22,30,30,37,37,37,37,39,39,39,39,54,54,54,54,54],"current_hp_per_floor":[53,50,50,30,28,25,25,25,25,25,25,27,19,13,13,15,55,37,37,37,18,18,9,11,13,13,73,73,73,73,73,73,69,76,78,78,78,78,78,78,77,77,77,77,81,82,82,86,86,79,73,83,83,83,86,83],"gold":947,"neow_bonus":"RANDOM_COMMON_RELIC","is_daily":false,"chose_seed":false,"campfire_upgraded":5,"win_rate":0.0,"timestamp":1610014827,"path_taken":["M","M","M","?","M","E","?","R","T","E","$","?","E","M","R","BOSS","M","?","$","?","$","E","M","E","T","E","?","R","$","M","R","BOSS","M","?","$","?","$","R","E","M","T","R","M","M","R","E","R","BOSS","BOSS","R","$","E","BOSS"],"items_purchased_type":["Relic","Relic","Relic","Potion","Potion","Card","Card","Relic","Relic","Relic","Card","Relic","Relic","Relic","Card","Card","Card","Relic","Relic","Relic","Relic","Card","Relic","Relic","Relic","Relic","Card","Potion","Relic","Relic","Card","Card"],"build_version":"2020-12-22","purchased_purges":7,"victory":true,"max_hp_per_floor":[68,68,68,68,68,68,68,68,68,68,68,68,68,68,68,68,68,68,68,68,73,73,73,73,73,73,73,73,73,73,76,76,78,78,78,78,78,78,78,78,80,80,80,80,82,84,84,86,86,86,86,86,86,86,88,88],"relic_stats":{"Regal Pillow":0,"Singing Bowl":10,"counters":[27,80],"PreservedInsect":127,"Bag of Preparation":[32],"Question Card":6,"Blood Vial":35,"OrangePellets":[4],"Dream Catcher":0,"Lizard Tail":0,"Gambling Chip":[6],"Art of War":[2],"obtain_stats":[{"Regal Pillow":25,"AT_ATBox":0,"DaveBox":0,"Singing Bowl":39,"DiscerningMonocle":0,"Chi":39,"testmod-IWantAll":11,"ice":0,"Bag of Preparation":20,"Sling":20,"AT_ArchangelStaff":30,"Ancient Tea Set":39,"Blood Vial":11,"Dream Catcher":11,"Lizard Tail":22,"Gambling Chip":48,"testmod-TheFather":20,"Philosopher\u0027s Stone":34,"testmod-Déjàvu":0,"BirthdayGift-Tetrahedron":37,"InkBottle":55,"Girya":13,"AT_RedTearstoneRing":0,"testmod-TestBox":0,"Damaru":23,"Thread and Needle":54,"AT_EbonyIvory":30,"PreservedInsect":41,"Question Card":37,"OrangePellets":22,"testmod-Antiphasic":22,"Anchor":27,"Ling":39,"SynthV:TestCard":1,"HaiYi:Twilight":17,"testmod-Acrobat":10,"testmod-AssaultLearning":54,"Bag of Marbles":37,"Art of War":43,"PureWater":0,"testmod-OneHitWonder":6,"Toy Ornithopter":9,"ChiLing":39},{"Regal Pillow":14,"AT_ATBox":0,"DaveBox":0,"Singing Bowl":18,"DiscerningMonocle":0,"Chi":18,"testmod-IWantAll":6,"ice":0,"Bag of Preparation":11,"Sling":11,"AT_ArchangelStaff":15,"Ancient Tea Set":18,"Blood Vial":6,"Dream Catcher":6,"Lizard Tail":11,"Gambling Chip":23,"testmod-TheFather":11,"Philosopher\u0027s Stone":17,"testmod-Déjàvu":0,"BirthdayGift-Tetrahedron":18,"InkBottle":26,"Girya":8,"AT_RedTearstoneRing":0,"testmod-TestBox":0,"Damaru":12,"Thread and Needle":25,"AT_EbonyIvory":15,"PreservedInsect":19,"Question Card":18,"OrangePellets":11,"testmod-Antiphasic":11,"Anchor":15,"Ling":18,"SynthV:TestCard":1,"HaiYi:Twilight":10,"testmod-Acrobat":6,"testmod-AssaultLearning":25,"Bag of Marbles":18,"Art of War":20,"PureWater":0,"testmod-OneHitWonder":5,"Toy Ornithopter":5,"ChiLing":18},{"Regal Pillow":50,"AT_ATBox":0,"DaveBox":0,"Singing Bowl":60,"DiscerningMonocle":0,"Chi":60,"testmod-IWantAll":25,"ice":0,"Bag of Preparation":42,"Sling":42,"AT_ArchangelStaff":52,"Ancient Tea Set":60,"Blood Vial":25,"Dream Catcher":25,"Lizard Tail":42,"Gambling Chip":66,"testmod-TheFather":42,"Philosopher\u0027s Stone":58,"testmod-Déjàvu":0,"BirthdayGift-Tetrahedron":60,"InkBottle":76,"Girya":31,"AT_RedTearstoneRing":0,"testmod-TestBox":0,"Damaru":44,"Thread and Needle":75,"AT_EbonyIvory":52,"PreservedInsect":62,"Question Card":60,"OrangePellets":42,"testmod-Antiphasic":42,"Anchor":52,"Ling":60,"SynthV:TestCard":5,"HaiYi:Twilight":37,"testmod-Acrobat":25,"testmod-AssaultLearning":75,"Bag of Marbles":60,"Art of War":63,"PureWater":0,"testmod-OneHitWonder":22,"Toy Ornithopter":22,"ChiLing":60}],"Toy Ornithopter":10,"InkBottle":[2]},"card_choices":[{"not_picked":["SashWhip","Indignation"],"picked":"Protect","floor":1.0},{"not_picked":["Wireheading","Protect","EmptyBody","AT_SoftenMuscles"],"picked":"MostiFishMod:PathToVictory","floor":2.0},{"not_picked":["AT_SoftenMuscles","FlyingSleeves","BattleHymn","Halt"],"picked":"CutThroughFate","floor":3.0},{"not_picked":["MostiFishMod:FlowState","CutThroughFate","BowlingBash","EmptyBody"],"picked":"Wallop","floor":5.0},{"not_picked":["Meditate","Perseverance","Evaluate","Halt"],"picked":"WheelKick","floor":6.0},{"not_picked":["MostiFishMod:Moonprays","ClearTheMind","MostiFishMod:Disappear","MasterReality"],"picked":"FearNoEvil","floor":10.0},{"not_picked":["CutThroughFate","ThirdEye","EmptyFist","Protect"],"picked":"Adaptation","floor":12.0},{"not_picked":["MostiFishMod:StarLaLaLa","FollowUp","WindmillStrike","Prostrate","Evaluate"],"picked":"SKIP","floor":13.0},{"not_picked":["CutThroughFate","PathToVictory","Consecrate","EmptyFist","ThirdEye"],"picked":"SKIP","floor":14.0},{"not_picked":["MostiFishMod:DustFall","MostiFishMod:Minus","MostiFishMod:StarHerder","AT_RealColorLess"],"picked":"Ragnarok","floor":16.0},{"not_picked":["BowlingBash","MostiFishMod:Nomercy","FlurryOfBlows","FlyingSleeves"],"picked":"TalkToTheHand","floor":18.0},{"not_picked":["MostiFishMod:Speedup","Evaluate","AT_MachinaRedman","WheelKick"],"picked":"Crescendo","floor":23.0},{"not_picked":["InnerPeace+1","Pray","Prostrate+1","ThirdEye","Weave"],"picked":"SKIP","floor":24.0},{"not_picked":["WaveOfTheHand","Conclude","EmptyBody","Protect"],"picked":"Scrawl","floor":25.0},{"not_picked":["MostiFishMod:PathToVictory","Evaluate","Crescendo","AT_OneInchPunch"],"picked":"Vault","floor":27.0},{"not_picked":["ClearTheMind","Halt","Adaptation+1","CrushJoints"],"picked":"TalkToTheHand","floor":31.0},{"not_picked":["MostiFishMod:Pointsdynamics","Brilliance","Omniscience","MostiFishMod:Minus"],"picked":"MostiFishMod:StarWish","floor":33.0},{"not_picked":["BowlingBash+1","FollowUp","EmptyFist","Swivel","EmptyBody"],"picked":"SKIP","floor":35},{"not_picked":["SignatureMove","CrushJoints","EmptyFist","Consecrate+1","PathToVictory","MostiFishMod:Nomercy+1"],"picked":"Singing Bowl","floor":41},{"not_picked":["BowlingBash","CutThroughFate","JustLucky","Crescendo","Prostrate"],"picked":"LikeWater","floor":42},{"not_picked":["CrushJoints","SashWhip","FlurryOfBlows","AT_ChampionKick","MostiFishMod:LegendTransform","EmptyFist+1"],"picked":"Singing Bowl","floor":45},{"not_picked":["Weave","Indignation+1","Evaluate","SashWhip","Crescendo","CutThroughFate"],"picked":"Singing Bowl","floor":46},{"not_picked":["InnerPeace","CutThroughFate","PathToVictory","EmptyFist","Prostrate","WaveOfTheHand"],"picked":"Singing Bowl","floor":48},{"not_picked":["CutThroughFate","PathToVictory","Evaluate+1","FlurryOfBlows","SashWhip+1","WreathOfFlame"],"picked":"Singing Bowl","floor":55}],"player_experience":290212,"relics_obtained":[{"floor":1.0,"key":"SynthV:TestCard"},{"floor":6.0,"key":"testmod-OneHitWonder"},{"floor":9.0,"key":"Toy Ornithopter"},{"floor":10.0,"key":"testmod-Acrobat"},{"floor":13.0,"key":"Girya"},{"floor":23.0,"key":"Damaru"},{"floor":25.0,"key":"Regal Pillow"},{"floor":27.0,"key":"Anchor"},{"floor":41,"key":"PreservedInsect"},{"floor":43,"key":"Art of War"},{"floor":48,"key":"Gambling Chip"},{"floor":55,"key":"InkBottle"}],"event_choices":[{"damage_healed":0.0,"max_hp_gain":0.0,"max_hp_loss":0.0,"gold_gain":0.0,"event_name":"Shining Light","player_choice":"Entered Light","floor":4.0,"gold_loss":0.0,"damage_taken":20.0,"cards_upgraded":["Eruption","Protect"]},{"damage_healed":0.0,"max_hp_gain":0.0,"max_hp_loss":0.0,"gold_gain":0.0,"cards_transformed":["Strike_P"],"event_name":"Transmorgrifier","player_choice":"Transformed","floor":7.0,"gold_loss":0.0,"damage_taken":0.0,"cards_obtained":["Establishment"]},{"damage_healed":0.0,"max_hp_gain":0.0,"max_hp_loss":0.0,"gold_gain":0.0,"event_name":"The Library","player_choice":"Read","floor":19.0,"gold_loss":0.0,"damage_taken":0.0,"cards_obtained":["BowlingBash"]},{"damage_healed":0.0,"max_hp_gain":5.0,"max_hp_loss":0.0,"gold_gain":0.0,"event_name":"Forgotten Altar","player_choice":"Shed Blood","floor":21.0,"gold_loss":0.0,"damage_taken":24.0},{"damage_healed":0.0,"max_hp_gain":0.0,"max_hp_loss":0.0,"gold_gain":0.0,"event_name":"Vampires","player_choice":"Ignored","floor":28.0,"gold_loss":0.0,"damage_taken":0.0},{"damage_healed":0,"gold_gain":0,"player_choice":"Ignored","damage_taken":0,"max_hp_gain":0,"max_hp_loss":0,"event_name":"Tomb of Lord Red Mask","floor":36,"gold_loss":0},{"damage_healed":0,"gold_gain":0,"player_choice":"Ignored","damage_taken":0,"max_hp_gain":0,"max_hp_loss":0,"event_name":"给自己的盒子","floor":38,"gold_loss":0}],"is_beta":false,"boss_relics":[{"not_picked":["Tiny House","GuanYuAspect"],"picked":"HaiYi:Twilight"},{"not_picked":["testmod-KeyOfTheVoid","Astrolabe"],"picked":"Philosopher\u0027s Stone"}],"items_purged_floors":[11,20,22,30,37,39,54],"is_endless":false,"potions_floor_spawned":[3,5,13,14,23,25,27,31,35,45],"ascension_level":20}}