{"host":"d4km6p8r92tm3vpl","time":1610024128,"event":{"mods":["AchievementEnabler","BaseMod","Colored Map","Colored Powertips","DeckTracker","Minty Spire (QoL Compilation)","Relic Stats","StSLib"],"gold_per_floor":[113,128,144,154,170,170,198,198,245,245,256,281,10,25,25,127,127,144,94,35,53,70,70,101,101,101,134,147,167,182,197,197,197,197],"floor_reached":33,"playtime":1249,"items_purged":[],"score":470,"play_id":"ab73d15c-f95c-4f70-8fa7-7d248bb42d3d","local_time":"20210107075528","is_ascension_mode":true,"campfire_choices":[{"data":"Crippling Poison","floor":6,"key":"SMITH"},{"data":"Bouncing Flask","floor":8,"key":"SMITH"},{"data":"Corpse Explosion","floor":15,"key":"SMITH"},{"floor":23,"key":"REST"},{"floor":32,"key":"REST"}],"circlet_count":0,"master_deck":["AscendersBane","Strike_G","Strike_G","Strike_G","Strike_G","Defend_G","Defend_G","Defend_G","Defend_G","Defend_G","Survivor","Neutralize","PiercingWail","Crippling Poison+1","Flying Knee","Riddle With Holes","After Image","Bouncing Flask+1","Flying Knee","Deflect","Corpse Explosion+1","Deadly Poison","PiercingWail","Malaise","Deflect+1","Dash","Bane+1","Acrobatics+1","Concentrate+1","Catalyst","Infinite Blades+1"],"relics":["Ring of the Snake","MealTicket","Eternal Feather","PreservedInsect","The Courier","Anchor","Fusion Hammer","Bag of Preparation","War Paint","Strawberry"],"acts_visited":["Exordium","TheCity"],"potions_floor_usage":[11,12,16,22,27,33],"damage_taken":[{"damage":0,"enemies":"Cultist","floor":1,"turns":5},{"damage":5,"enemies":"Jaw Worm","floor":2,"turns":9},{"damage":0,"enemies":"2 Louse","floor":3,"turns":4},{"damage":14,"enemies":"Lots of Slimes","floor":4,"turns":5},{"damage":1,"enemies":"Looter","floor":5,"turns":4},{"damage":18,"enemies":"3 Sentries","floor":7,"turns":7},{"damage":0,"enemies":"2 Fungi Beasts","floor":11,"turns":4},{"damage":12,"enemies":"Lagavulin","floor":12,"turns":4},{"damage":4,"enemies":"Exordium Thugs","floor":14,"turns":5},{"damage":43,"enemies":"Slime Boss","floor":16,"turns":11},{"damage":22,"enemies":"2 Thieves","floor":18,"turns":4},{"damage":0,"enemies":"3 Byrds","floor":21,"turns":3},{"damage":23,"enemies":"Snake Plant","floor":22,"turns":5},{"damage":2,"enemies":"Gremlin Leader","floor":24,"turns":4},{"damage":11,"enemies":"Book of Stabbing","floor":27,"turns":7},{"damage":14,"enemies":"Cultist and Chosen","floor":28,"turns":8},{"damage":15,"enemies":"Shelled Parasite and Fungi","floor":29,"turns":4},{"damage":12,"enemies":"Snake Plant","floor":30,"turns":4},{"damage":11,"enemies":"Centurion and Healer","floor":31,"turns":4},{"damage":68,"enemies":"Champ","floor":33,"turns":11}],"seed_played":"7635852470210711390","potions_obtained":[{"floor":4,"key":"Dexterity Potion"},{"floor":5,"key":"Poison Potion"},{"floor":11,"key":"Explosive Potion"},{"floor":12,"key":"Weak Potion"},{"floor":14,"key":"GamblersBrew"},{"floor":18,"key":"Regen Potion"},{"floor":22,"key":"GamblersBrew"}],"is_trial":false,"path_per_floor":["M","M","M","M","M","R","E","R","T","?","M","E","$","M","R","B",null,"M","?","$","M","M","R","E","?","T","E","M","M","M","M","R","B"],"character_chosen":"THE_SILENT","items_purchased":["Corpse Explosion","Anchor","Deadly Poison","Dash"],"campfire_rested":2,"item_purchase_floors":[13,13,13,20],"current_hp_per_floor":[63,58,58,44,43,43,25,34,34,34,34,22,37,33,45,2,53,31,31,46,46,32,68,66,66,66,62,48,33,21,10,51,0,0],"gold":197,"neow_bonus":"RANDOM_COMMON_RELIC","is_daily":false,"chose_seed":false,"campfire_upgraded":3,"win_rate":0.0,"timestamp":1610024128,"path_taken":["M","M","M","M","M","R","E","R","T","?","M","E","$","M","R","BOSS","M","?","$","?","M","R","E","?","T","E","?","?","M","M","R","BOSS"],"items_purchased_type":["Card","Relic","Card","Card"],"build_version":"2020-12-22","purchased_purges":0,"victory":false,"max_hp_per_floor":[70,70,70,70,70,70,70,70,70,70,70,70,70,70,70,70,70,70,70,70,70,70,70,70,70,70,77,77,77,77,77,77,77,77],"relic_stats":{"counters":[20,112],"MealTicket":30,"Eternal Feather":54,"PreservedInsect":119,"Bag of Preparation":[12],"War Paint":["Concentrate","Acrobatics"],"obtain_stats":[{"Anchor":13,"Strawberry":27,"MealTicket":0,"Eternal Feather":7,"PreservedInsect":9,"The Courier":12,"Fusion Hammer":17,"Bag of Preparation":24,"War Paint":26,"Ring of the Snake":0},{"Anchor":8,"Strawberry":15,"MealTicket":0,"Eternal Feather":6,"PreservedInsect":6,"The Courier":8,"Fusion Hammer":10,"Bag of Preparation":14,"War Paint":14,"Ring of the Snake":0},{"Anchor":42,"Strawberry":81,"MealTicket":0,"Eternal Feather":34,"PreservedInsect":34,"The Courier":42,"Fusion Hammer":58,"Bag of Preparation":74,"War Paint":74,"Ring of the Snake":0}],"Ring of the Snake":[40]},"card_choices":[{"not_picked":["Deflect","Concentrate"],"picked":"PiercingWail","floor":1},{"not_picked":["Outmaneuver","Footwork"],"picked":"Crippling Poison","floor":2},{"not_picked":["PiercingWail","Terror"],"picked":"Flying Knee","floor":3},{"not_picked":["Terror","Heel Hook"],"picked":"Riddle With Holes","floor":4},{"not_picked":["Prepared","All Out Attack"],"picked":"After Image","floor":5},{"not_picked":["Sucker Punch","Reflex"],"picked":"Bouncing Flask","floor":7},{"not_picked":["Underhanded Strike","Accuracy"],"picked":"Flying Knee","floor":11},{"not_picked":["Riddle With Holes","Bouncing Flask"],"picked":"Deflect","floor":12},{"not_picked":["Choke","Acrobatics"],"picked":"PiercingWail","floor":14},{"not_picked":["Envenom","Corpse Explosion"],"picked":"Malaise","floor":16},{"not_picked":["Slice","Deadly Poison+1"],"picked":"Deflect+1","floor":18},{"not_picked":["Flechettes+1","Outmaneuver+1"],"picked":"Bane+1","floor":21},{"not_picked":["Dagger Spray+1","Quick Slash"],"picked":"Acrobatics","floor":22},{"not_picked":["Outmaneuver+1","Bane","Malaise"],"picked":"SKIP","floor":24},{"not_picked":["Cloak And Dagger","Acrobatics+1"],"picked":"Catalyst","floor":27},{"not_picked":["Blade Dance","Calculated Gamble"],"picked":"Infinite Blades+1","floor":28},{"not_picked":["Endless Agony","Concentrate","Caltrops"],"picked":"SKIP","floor":29},{"not_picked":["Accuracy","Choke","Skewer"],"picked":"SKIP","floor":30},{"not_picked":["Outmaneuver","Quick Slash","Underhanded Strike"],"picked":"SKIP","floor":31}],"player_experience":814265,"relics_obtained":[{"floor":7,"key":"Eternal Feather"},{"floor":9,"key":"PreservedInsect"},{"floor":12,"key":"The Courier"},{"floor":24,"key":"Bag of Preparation"},{"floor":26,"key":"War Paint"},{"floor":27,"key":"Strawberry"}],"event_choices":[{"damage_healed":0,"gold_gain":0,"player_choice":"Ignored","damage_taken":0,"max_hp_gain":0,"max_hp_loss":0,"event_name":"Liars Game","floor":10,"gold_loss":0},{"damage_healed":0,"gold_gain":0,"player_choice":"Bet on Murderer","damage_taken":0,"max_hp_gain":0,"max_hp_loss":0,"event_name":"The Joust","floor":19,"gold_loss":50},{"damage_healed":0,"gold_gain":0,"cards_transformed":["Strike_G"],"player_choice":"Transformed","damage_taken":0,"max_hp_gain":0,"max_hp_loss":0,"event_name":"Transmorgrifier","floor":25,"gold_loss":0,"cards_obtained":["Concentrate"]}],"is_beta":false,"boss_relics":[{"not_picked":["HoveringKite","Tiny House"],"picked":"Fusion Hammer"}],"items_purged_floors":[],"is_endless":false,"potions_floor_spawned":[4,5,11,12,14,18,22,24],"killed_by":"Champ","ascension_level":11}}