{"host":"qdfumeom6htv8yxl","time":1610033810,"event":{"mods":["AchievementEnabler","BaseMod","Block Reminder","Minty Spire (QoL Compilation)","Quick Restart","Relic Stats"],"gold_per_floor":[111,186,204,204,217,217,234,234,234,234,269,234,234,81,81,154,154,182,200,19,64,64,64,95,95,176,176,211,224,237,246,246,332,332,358,378,387,15,28,53,53,53,80,119,128,140,140,140,149,149],"floor_reached":51,"playtime":2872,"items_purged":["Strike_G"],"score":1290,"play_id":"dc5d1c2e-ba66-45d4-8901-12df1dae0ee3","local_time":"20210107093650","is_ascension_mode":true,"campfire_choices":[{"data":"Terror","floor":6.0,"key":"SMITH"},{"data":"Crippling Poison","floor":8.0,"key":"SMITH"},{"data":"Choke","floor":10.0,"key":"SMITH"},{"data":"Neutralize","floor":13.0,"key":"SMITH"},{"data":"Footwork","floor":15.0,"key":"SMITH"},{"data":"Noxious Fumes","floor":23.0,"key":"SMITH"},{"floor":25.0,"key":"REST"},{"floor":27.0,"key":"REST"},{"floor":32.0,"key":"REST"},{"floor":42.0,"key":"REST"},{"data":"Adrenaline","floor":47,"key":"SMITH"},{"floor":49,"key":"REST"}],"circlet_count":0,"master_deck":["AscendersBane","Defend_G","Defend_G","Defend_G","Defend_G","Defend_G","Survivor","Neutralize+1","Blade Dance","Terror+1","Choke+1","Crippling Poison+1","Dagger Spray","Footwork+1","Die Die Die","CurseOfTheBell","Leg Sweep","Noxious Fumes+1","Bite","Bite","Bite","Bite","Bite","RitualDagger","Adrenaline+1","Caltrops+1","Dodge and Roll","Flash of Steel","Panache+1","Noxious Fumes+1","Footwork+1","Writhe","Dodge and Roll"],"relics":["Ring of the Snake","Singing Bowl","FossilizedHelix","Calling Bell","CeramicFish","Matryoshka","Incense Burner","Membership Card","StrikeDummy","Lantern","Frozen Egg 2","Ancient Tea Set","SlaversCollar","Gambling Chip","Juzu Bracelet","Snake Skull","Nunchaku","Dream Catcher","Bag of Marbles","Darkstone Periapt"],"acts_visited":["Exordium","TheCity","TheBeyond"],"potions_floor_usage":[46,50],"damage_taken":[{"damage":0.0,"enemies":"Jaw Worm","floor":1.0,"turns":6.0},{"damage":3.0,"enemies":"2 Louse","floor":3.0,"turns":3.0},{"damage":3.0,"enemies":"Small Slimes","floor":5.0,"turns":4.0},{"damage":2.0,"enemies":"Exordium Wildlife","floor":7.0,"turns":3.0},{"damage":18.0,"enemies":"3 Sentries","floor":11.0,"turns":6.0},{"damage":16.0,"enemies":"Hexaghost","floor":16.0,"turns":14.0},{"damage":7.0,"enemies":"Shell Parasite","floor":18.0,"turns":4.0},{"damage":1.0,"enemies":"3 Byrds","floor":19.0,"turns":3.0},{"damage":48.0,"enemies":"Slavers","floor":24.0,"turns":8.0},{"damage":48.0,"enemies":"Gremlin Leader","floor":28.0,"turns":7.0},{"damage":0.0,"enemies":"Snake Plant","floor":29.0,"turns":5.0},{"damage":0.0,"enemies":"Snecko","floor":30.0,"turns":4.0},{"damage":68.0,"enemies":"Champ","floor":33.0,"turns":17.0},{"damage":26.0,"enemies":"3 Darklings","floor":35.0,"turns":5.0},{"damage":2.0,"enemies":"3 Shapes","floor":36.0,"turns":6.0},{"damage":0.0,"enemies":"Sphere and 2 Shapes","floor":39.0,"turns":5.0},{"damage":14.0,"enemies":"Nemesis","floor":40.0,"turns":7.0},{"damage":10.0,"enemies":"Reptomancer","floor":44.0,"turns":7.0},{"damage":20,"enemies":"Jaw Worm Horde","floor":46,"turns":3},{"damage":52,"enemies":"Donu and Deca","floor":50,"turns":10}],"seed_played":"7717625845041266881","potions_obtained":[{"floor":5.0,"key":"LiquidBronze"},{"floor":7.0,"key":"Explosive Potion"},{"floor":28.0,"key":"SteroidPotion"},{"floor":30.0,"key":"Dexterity Potion"},{"floor":36.0,"key":"PowerPotion"},{"floor":40.0,"key":"Block Potion"},{"floor":44.0,"key":"Explosive Potion"},{"floor":46,"key":"LiquidMemories"}],"is_trial":false,"path_per_floor":["M","?","M","?","M","R","M","R","T","R","E","?","R","$","R","B",null,"M","M","$","?","?","R","E","R","T","R","E","M","M","?","R","B",null,"M","M","?","$","M","E","?","R","T","E","?","M","R","T","R","B",null],"character_chosen":"THE_SILENT","items_purchased":["Footwork","Membership Card","Noxious Fumes","Panache+1","Gambling Chip","Juzu Bracelet","Noxious Fumes+1"],"campfire_rested":5,"item_purchase_floors":[14,20,20,38,38,38,38],"current_hp_per_floor":[65,54,51,56,53,53,51,51,51,51,33,52,52,52,52,36,67,60,61,61,55,55,55,17,34,34,51,17,27,39,33,51,13,51,33,39,33,33,39,39,39,60,60,62,71,57,57,57,73,29],"gold":149,"neow_bonus":"TEN_PERCENT_HP_BONUS","is_daily":false,"chose_seed":false,"campfire_upgraded":7,"win_rate":0.0,"timestamp":1610033810,"path_taken":["M","?","M","?","?","R","M","R","T","R","E","?","R","$","R","BOSS","M","M","$","?","?","R","E","R","T","R","E","M","M","?","R","BOSS","M","M","?","$","M","E","?","R","T","E","?","M","R","?","R","BOSS"],"items_purchased_type":["Card","Relic","Card","Card","Relic","Relic","Card"],"build_version":"2020-12-22","purchased_purges":1,"victory":true,"max_hp_per_floor":[72,72,72,77,77,77,77,77,77,77,77,77,77,77,77,77,77,77,79,79,55,55,55,57,57,57,57,59,61,63,63,63,63,63,63,63,67,67,69,71,71,71,71,71,71,73,73,73,73,73],"relic_stats":{"Darkstone Periapt":0,"Nunchaku":[4],"Dream Catcher":1,"Singing Bowl":20,"counters":[20,127],"CeramicFish":153,"Gambling Chip":[22],"Snake Skull":[36],"Juzu Bracelet":1,"obtain_stats":[{"Darkstone Periapt":48,"Lantern":26,"Singing Bowl":9,"CeramicFish":17,"Snake Skull":40,"Incense Burner":17,"Juzu Bracelet":38,"Frozen Egg 2":26,"Ancient Tea Set":28,"Calling Bell":17,"SlaversCollar":34,"Nunchaku":43,"Dream Catcher":43,"Matryoshka":17,"Gambling Chip":38,"Bag of Marbles":44,"Membership Card":20,"StrikeDummy":24,"FossilizedHelix":11,"Ring of the Snake":0},{"Darkstone Periapt":19,"Lantern":9,"Singing Bowl":4,"CeramicFish":6,"Snake Skull":17,"Incense Burner":6,"Juzu Bracelet":15,"Frozen Egg 2":9,"Ancient Tea Set":10,"Calling Bell":6,"SlaversCollar":13,"Nunchaku":17,"Dream Catcher":17,"Matryoshka":6,"Gambling Chip":15,"Bag of Marbles":18,"Membership Card":8,"StrikeDummy":9,"FossilizedHelix":5,"Ring of the Snake":0},{"Darkstone Periapt":117,"Lantern":51,"Singing Bowl":16,"CeramicFish":36,"Snake Skull":107,"Incense Burner":36,"Juzu Bracelet":95,"Frozen Egg 2":51,"Ancient Tea Set":58,"Calling Bell":36,"SlaversCollar":84,"Nunchaku":107,"Dream Catcher":107,"Matryoshka":36,"Gambling Chip":95,"Bag of Marbles":114,"Membership Card":43,"StrikeDummy":51,"FossilizedHelix":22,"Ring of the Snake":0}],"Ring of the Snake":[40]},"card_choices":[{"not_picked":["Blur","Endless Agony"],"picked":"Blade Dance","floor":1.0},{"not_picked":["Skewer","Tactician"],"picked":"Terror","floor":3.0},{"not_picked":["Dagger Throw","Bane"],"picked":"Choke","floor":5.0},{"not_picked":["Leg Sweep","Bane"],"picked":"Crippling Poison","floor":7.0},{"not_picked":["Prepared","Deadly Poison"],"picked":"Dagger Spray","floor":11.0},{"not_picked":["Wraith Form v2","Grand Finale"],"picked":"Die Die Die","floor":16.0},{"not_picked":["Terror","Backstab+1"],"picked":"Leg Sweep","floor":18.0},{"not_picked":["Tactician","Acrobatics","Prepared"],"picked":"Singing Bowl","floor":19.0},{"not_picked":["Deadly Poison","Storm of Steel","Endless Agony"],"picked":"Singing Bowl","floor":24.0},{"not_picked":["Noxious Fumes+1","Calculated Gamble","Deadly Poison"],"picked":"Singing Bowl","floor":28.0},{"not_picked":["Deflect","Slice+1","Sucker Punch"],"picked":"Singing Bowl","floor":29.0},{"not_picked":["Flying Knee","Prepared","Acrobatics+1"],"picked":"Singing Bowl","floor":30.0},{"not_picked":["Glass Knife","Phantasmal Killer"],"picked":"Adrenaline","floor":33.0},{"not_picked":["Quick Slash+1","Underhanded Strike"],"picked":"Caltrops+1","floor":35.0},{"not_picked":["Flying Knee+1","Slice"],"picked":"Dodge and Roll","floor":36.0},{"not_picked":["Discovery","Madness","Deep Breath"],"picked":"Singing Bowl","floor":37.0},{"not_picked":["Swift Strike","Enlightenment","Bandage Up"],"picked":"Singing Bowl","floor":37.0},{"not_picked":["Dark Shackles","Metamorphosis"],"picked":"Flash of Steel","floor":37.0},{"not_picked":["Expertise","Riddle With Holes","Slice"],"picked":"Singing Bowl","floor":39.0},{"not_picked":["Poisoned Stab","Blade Dance","Venomology"],"picked":"Singing Bowl","floor":40.0},{"not_picked":["Slice","Prepared+1"],"picked":"Footwork+1","floor":44.0},{"not_picked":["Dash","Flying Knee+1","PiercingWail"],"picked":"Singing Bowl","floor":46},{"not_picked":["Deflect","Predator"],"picked":"Dodge and Roll","floor":49}],"player_experience":1709219,"relics_obtained":[{"floor":9.0,"key":"Singing Bowl"},{"floor":11.0,"key":"FossilizedHelix"},{"floor":17.0,"key":"CeramicFish"},{"floor":17.0,"key":"Matryoshka"},{"floor":17.0,"key":"Incense Burner"},{"floor":24.0,"key":"StrikeDummy"},{"floor":26.0,"key":"Lantern"},{"floor":26.0,"key":"Frozen Egg 2"},{"floor":28.0,"key":"Ancient Tea Set"},{"floor":40.0,"key":"Snake Skull"},{"floor":43.0,"key":"Nunchaku"},{"floor":43.0,"key":"Dream Catcher"},{"floor":44.0,"key":"Bag of Marbles"},{"floor":48,"key":"Darkstone Periapt"}],"event_choices":[{"damage_healed":0.0,"max_hp_gain":0.0,"max_hp_loss":0.0,"gold_gain":75.0,"event_name":"World of Goop","player_choice":"Gather Gold","floor":2.0,"gold_loss":0.0,"damage_taken":11.0},{"damage_healed":0.0,"max_hp_gain":5.0,"max_hp_loss":0.0,"gold_gain":0.0,"event_name":"Big Fish","player_choice":"Donut","floor":4.0,"gold_loss":0.0,"damage_taken":0.0},{"damage_healed":19.0,"max_hp_gain":0.0,"max_hp_loss":0.0,"gold_gain":0.0,"event_name":"The Cleric","player_choice":"Healed","floor":12.0,"gold_loss":35.0,"damage_taken":0.0},{"damage_healed":0.0,"max_hp_gain":0.0,"max_hp_loss":24.0,"gold_gain":0.0,"event_name":"Vampires","player_choice":"Became a vampire","floor":21.0,"gold_loss":0.0,"damage_taken":0.0,"cards_obtained":["Bite","Bite","Bite","Bite","Bite"]},{"damage_healed":0.0,"max_hp_gain":0.0,"max_hp_loss":0.0,"gold_gain":0.0,"event_name":"Cursed Tome","player_choice":"Ignored","floor":22.0,"gold_loss":0.0,"damage_taken":0.0},{"damage_healed":0.0,"max_hp_gain":0.0,"max_hp_loss":0.0,"gold_gain":0.0,"event_name":"Nest","player_choice":"Joined the Cult","floor":31.0,"gold_loss":0.0,"damage_taken":6.0,"cards_obtained":["RitualDagger"]},{"damage_healed":0.0,"max_hp_gain":0.0,"max_hp_loss":0.0,"gold_gain":0.0,"event_name":"SensoryStone","player_choice":"Memory 3","floor":37.0,"gold_loss":0.0,"damage_taken":10.0},{"damage_healed":0.0,"max_hp_gain":0.0,"max_hp_loss":0.0,"gold_gain":0.0,"event_name":"Transmorgrifier","player_choice":"Ignored","floor":41.0,"gold_loss":0.0,"damage_taken":0.0},{"damage_healed":14.0,"max_hp_gain":0.0,"max_hp_loss":0.0,"gold_gain":0.0,"event_name":"Winding Halls","player_choice":"Writhe","floor":45.0,"gold_loss":0.0,"damage_taken":0.0,"cards_obtained":["Writhe"]}],"is_beta":false,"boss_relics":[{"not_picked":["Runic Pyramid","HoveringKite"],"picked":"Calling Bell"},{"not_picked":["Philosopher\u0027s Stone","Astrolabe"],"picked":"SlaversCollar"}],"items_purged_floors":[14],"is_endless":false,"potions_floor_spawned":[5,7,28,30,36,40,44,46],"ascension_level":16}}