{"host":"684z1xpuwaoqmmh1","time":1610032466,"event":{"mods":["BaseMod","Downfall","Hermit","Jorbs\u0027s Wanderer Trilogy","Marisa????????","Minty Spire (QoL Compilation)","StSLib","The Hierophant","The Mystic"],"gold_per_floor":[115,134,209,209,229,229,255,255,255,270,270,300,319,319,319,419,419,429,429,445,462,475,475,510,510,564,580,622,643,169,169,169,270,270,284,293,305,305,305],"floor_reached":38,"playtime":2386,"items_purged":["hermit:Strike_Hermit"],"score":722,"play_id":"3d436bd9-eb15-458d-b7dd-897ee08c6422","local_time":"20210107171426","is_ascension_mode":true,"campfire_choices":[{"data":"hermit:Spite","floor":6.0,"key":"SMITH"},{"data":"hermit:Adapt","floor":8.0,"key":"SMITH"},{"data":"hermit:Brawl","floor":11.0,"key":"SMITH"},{"data":"hermit:Snapshot","floor":15.0,"key":"SMITH"},{"floor":23,"key":"REST"},{"floor":25,"key":"REST"},{"floor":32,"key":"REST"}],"circlet_count":0,"master_deck":["AscendersBane","hermit:Strike_Hermit+1","hermit:Strike_Hermit+1","hermit:Strike_Hermit+1","hermit:Defend_Hermit+1","hermit:Defend_Hermit+1","hermit:Defend_Hermit+1","hermit:Snapshot+1","hermit:Covet","hermit:LowProfile","hermit:HoleUp+1","hermit:Spite+1","hermit:Adapt+1","hermit:Brawl+1","hermit:Manifest+1","hermit:FatalDesire","hermit:GhostlyPresence","hermit:FlashPowder","hermit:ShadowCloak","hermit:Grudge","expansioncontent:DecasProtection"],"relics":["hermit:Momento","Boot","Mango","Guardian:GemstoneGun","Blood Vial","Busted Crown","CeramicFish","Bag of Preparation","Bag of Marbles","Lantern","Bottled Tornado","Cursed Key"],"acts_visited":["Exordium","TheCity","TheBeyond"],"potions_floor_usage":[28,38],"damage_taken":[{"damage":0.0,"enemies":"2 Louse","floor":1.0,"turns":2.0},{"damage":0.0,"enemies":"Jaw Worm","floor":2.0,"turns":4.0},{"damage":0.0,"enemies":"Cultist","floor":5.0,"turns":3.0},{"damage":34.0,"enemies":"Gremlin Nob","floor":7.0,"turns":4.0},{"damage":0.0,"enemies":"Large Slime","floor":10.0,"turns":6.0},{"damage":0.0,"enemies":"3 Sentries","floor":12.0,"turns":6.0},{"damage":5.0,"enemies":"3 Louse","floor":13.0,"turns":3.0},{"damage":7.0,"enemies":"Hexaghost","floor":16.0,"turns":12.0},{"damage":28,"enemies":"3 Byrds","floor":18,"turns":6},{"damage":5,"enemies":"Chosen","floor":20,"turns":5},{"damage":11,"enemies":"3 Cultists","floor":21,"turns":7},{"damage":12,"enemies":"Snake Plant","floor":22,"turns":5},{"damage":24,"enemies":"Gremlin Leader","floor":24,"turns":10},{"damage":0,"enemies":"Shelled Parasite and Fungi","floor":27,"turns":7},{"damage":42,"enemies":"Slavers","floor":28,"turns":6},{"damage":0,"enemies":"Snecko","floor":29,"turns":7},{"damage":19,"enemies":"Automaton","floor":33,"turns":13},{"damage":0,"enemies":"Orb Walker","floor":35,"turns":5},{"damage":8,"enemies":"3 Darklings","floor":37,"turns":5},{"damage":72,"enemies":"Orin","floor":38,"turns":9}],"seed_played":"-5119783199617008485","potions_obtained":[{"floor":1.0,"key":"SteroidPotion"},{"floor":10.0,"key":"AttackPotion"},{"floor":21,"key":"Ancient Potion"},{"floor":24,"key":"AttackPotion"},{"floor":28,"key":"Dexterity Potion"}],"is_trial":false,"path_per_floor":["M","M","?","?","M","R","E","R","T","M","R","E","M","?","R","B",null,"M","?","M","M","M","R","E","R","T","M","E","M","$","?","R","B",null,"M","?","M","?"],"character_chosen":"HERMIT","items_purchased":["Lantern","Bottled Tornado"],"campfire_rested":3,"item_purchase_floors":[30,30],"current_hp_per_floor":[68,68,57,57,57,57,37,37,37,37,37,37,34,16,16,11,70,44,44,41,32,22,48,26,52,52,54,14,16,16,16,42,25,73,75,75,69,0,0],"gold":305,"neow_bonus":"RANDOM_COMMON_RELIC","is_daily":false,"chose_seed":false,"campfire_upgraded":4,"win_rate":0.0,"timestamp":1610032466,"path_taken":["M","M","?","?","?","R","E","R","T","M","R","E","M","?","R","BOSS","M","?","M","M","M","R","E","R","T","M","E","M","$","?","R","BOSS","M","?","M","?"],"items_purchased_type":["Relic","Relic"],"build_version":"2020-12-22","purchased_purges":1,"victory":false,"max_hp_per_floor":[75,75,75,75,75,75,89,89,89,89,89,89,89,89,89,89,89,89,89,89,89,89,89,89,89,89,89,89,89,89,89,89,89,89,89,89,89,89,89],"card_choices":[{"not_picked":["hermit:LoneWolf","hermit:Feint"],"picked":"hermit:LowProfile","floor":1.0},{"not_picked":["hermit:LoneWolf","hermit:Snipe"],"picked":"hermit:HoleUp","floor":2.0},{"not_picked":["hermit:HighCaliber","hermit:Vantage"],"picked":"hermit:Spite","floor":5.0},{"not_picked":["hermit:ItchyTrigger","hermit:TakeCover"],"picked":"hermit:Adapt","floor":7.0},{"not_picked":["hermit:Dive","hermit:BodyArmor"],"picked":"hermit:Brawl","floor":10.0},{"not_picked":["hermit:WideOpen","hermit:Roulette","hermit:DeadMansHand"],"picked":"SKIP","floor":12.0},{"not_picked":["hermit:Quickdraw","hermit:Showdown"],"picked":"hermit:Manifest","floor":13.0},{"not_picked":["hermit:Reprieve","hermit:RoundhouseKick"],"picked":"hermit:FatalDesire","floor":16.0},{"not_picked":["hermit:Ricochet"],"picked":"SKIP","floor":18},{"not_picked":["hermit:Glare"],"picked":"SKIP","floor":20},{"not_picked":[],"picked":"hermit:GhostlyPresence","floor":21},{"not_picked":["hermit:Snipe"],"picked":"SKIP","floor":22},{"not_picked":[],"picked":"hermit:FlashPowder","floor":24},{"not_picked":["hermit:FullyLoaded"],"picked":"SKIP","floor":27},{"not_picked":[],"picked":"hermit:ShadowCloak","floor":28},{"not_picked":[],"picked":"hermit:Grudge","floor":29},{"not_picked":["hermit:Grudge"],"picked":"SKIP","floor":35},{"not_picked":[],"picked":"expansioncontent:DecasProtection","floor":36},{"not_picked":["hermit:NoHoldsBarred+1"],"picked":"SKIP","floor":37}],"player_experience":2417305,"relics_obtained":[{"floor":7.0,"key":"Mango"},{"floor":9.0,"key":"Guardian:GemstoneGun"},{"floor":12.0,"key":"Blood Vial"},{"floor":24,"key":"CeramicFish"},{"floor":26,"key":"Bag of Preparation"},{"floor":28,"key":"Bag of Marbles"}],"event_choices":[{"damage_healed":0.0,"max_hp_gain":0.0,"max_hp_loss":0.0,"gold_gain":75.0,"event_name":"World of Goop","player_choice":"Gather Gold","floor":3.0,"gold_loss":0.0,"damage_taken":11.0},{"cards_removed":["hermit:Defend_Hermit"],"damage_healed":0.0,"max_hp_gain":0.0,"max_hp_loss":0.0,"gold_gain":0.0,"event_name":"Bonfire Elementals","player_choice":"Offered Basic","floor":4.0,"gold_loss":0.0,"damage_taken":0.0},{"damage_healed":0.0,"max_hp_gain":0.0,"max_hp_loss":0.0,"gold_gain":0.0,"event_name":"Shining Light","player_choice":"Entered Light","floor":14.0,"gold_loss":0.0,"damage_taken":18.0,"cards_upgraded":["hermit:Manifest","hermit:HoleUp"]},{"damage_healed":0,"gold_gain":0,"player_choice":"Ignored","damage_taken":0,"max_hp_gain":0,"max_hp_loss":0,"event_name":"Ghosts","floor":19,"gold_loss":0},{"damage_healed":0,"gold_gain":0,"player_choice":"Simplicity","damage_taken":0,"max_hp_gain":0,"max_hp_loss":0,"event_name":"Back to Basics","floor":31,"gold_loss":0,"cards_upgraded":["hermit:Strike_Hermit","hermit:Strike_Hermit","hermit:Strike_Hermit","hermit:Defend_Hermit","hermit:Defend_Hermit","hermit:Defend_Hermit"]},{"damage_healed":0,"gold_gain":0,"player_choice":"Memory 1","damage_taken":0,"max_hp_gain":0,"max_hp_loss":0,"event_name":"SensoryStone","floor":36,"gold_loss":0},{"damage_healed":0,"gold_gain":0,"player_choice":"Fight","damage_taken":0,"max_hp_gain":0,"max_hp_loss":0,"event_name":"OrinTheCat","floor":38,"gold_loss":0}],"is_beta":false,"boss_relics":[{"not_picked":["Empty Cage","SacredBark"],"picked":"Busted Crown"},{"not_picked":["Pandora\u0027s Box","hermit:DentedPlate"],"picked":"Cursed Key"}],"items_purged_floors":[30],"is_endless":false,"potions_floor_spawned":[1,10,21,24,27,28,35],"killed_by":"Orin","ascension_level":12}}