{"host":"d107yck46y3a78tv","time":1610042710,"event":{"mods":["ATMod(°¢èªMod)","Act Like it!","Aspiration","Bard","BaseMod","CapriCore","Colored Map","Gensokyo","Marisa£¨ìFÓê¡¡Ä§ÀíÉ³£©","Minty Spire (QoL Compilation)","Quick Restart","Relic Stats","StSLib","The Runesmith","The Servant 0.9.4"],"gold_per_floor":[114,114,114,127,140,165,165,184,184,184,215,262,281,281,281,396,396,410,422,42,42,85,85,125,125,150,150,187,187,231,231,231,231,231],"floor_reached":33,"playtime":1641,"items_purged":["Bouncing Flask"],"score":284,"play_id":"2ff6d6bb-85e0-40ab-8b91-c99f8b01a172","local_time":"20210108020510","is_ascension_mode":false,"campfire_choices":[{"data":"JA","floor":7,"key":"SMITH"},{"data":"AT_MachinaRedman","floor":10,"key":"SMITH"},{"data":"SprinkleStarSeal","floor":15,"key":"SMITH"},{"data":"UltimateShortwave","floor":23,"key":"SMITH"},{"data":"Acceleration","floor":25,"key":"SMITH"},{"data":"Orbital","floor":27,"key":"SMITH"},{"data":"MagicChant","floor":32,"key":"SMITH"}],"circlet_count":0,"master_deck":["Strike_MRS","Defend_MRS","Defend_MRS","Defend_MRS","MasterSpark","UpSweep","AT_MachinaRedman+1","Acceleration+1","Heel Hook","Finisher","Orbital+1","JA+1","WitchOfGreed+1","SprinkleStarSeal+1","EnergyRecoil+1","UltimateShortwave+1","Parasite","Parasite","MeteoricShower","UltimateShortwave","MagicChant+1"],"relics":["BewitchedHakkero","AT_ATBox","aspiration:DSix","Anchor","aspiration:Lifesprig","ShroomBag","Sling","aspiration:ChemicalBlood"],"acts_visited":["Exordium","TheCity"],"potions_floor_usage":[24,33,33,33,33],"damage_taken":[{"damage":0,"enemies":"Small Slimes","floor":1,"turns":3},{"damage":2,"enemies":"2 Louse","floor":4,"turns":2},{"damage":0,"enemies":"Cultist","floor":5,"turns":2},{"damage":31,"enemies":"Lagavulin","floor":6,"turns":5},{"damage":2,"enemies":"Looter","floor":8,"turns":2},{"damage":8,"enemies":"Lots of Slimes","floor":11,"turns":3},{"damage":0,"enemies":"3 Sentries","floor":12,"turns":2},{"damage":0,"enemies":"Blue Slaver","floor":13,"turns":2},{"damage":10,"enemies":"Slime Boss","floor":16,"turns":4},{"damage":2,"enemies":"2 Thieves","floor":18,"turns":3},{"damage":0,"enemies":"Shell Parasite","floor":19,"turns":1},{"damage":4,"enemies":"Cultist and Chosen","floor":22,"turns":3},{"damage":1,"enemies":"Snake Plant","floor":24,"turns":3},{"damage":9,"enemies":"Centurion and Healer","floor":28,"turns":3},{"damage":42,"enemies":"Sentry and Sphere","floor":30,"turns":5},{"damage":32,"enemies":"Automaton","floor":33,"turns":4}],"seed_played":"3384129026141690155","potions_obtained":[{"floor":4,"key":"Block Potion"},{"floor":6,"key":"AttackPotion"},{"floor":11,"key":"FearPotion"}],"is_trial":false,"path_per_floor":["M","?","?","M","M","E","R","M","T","R","M","E","M","?","R","B",null,"M","M","$","?","M","R","M","R","T","R","M","?","M","?","R","B"],"character_chosen":"MARISA","items_purchased":["ShroomBag","Sling"],"campfire_rested":0,"item_purchase_floors":[20,20],"current_hp_per_floor":[75,75,75,73,73,42,42,40,40,40,32,32,32,32,32,22,75,73,73,73,73,73,73,75,75,75,75,66,66,28,28,28,0,0],"gold":231,"neow_bonus":"DSIX","is_daily":false,"chose_seed":false,"campfire_upgraded":7,"win_rate":0.0,"timestamp":1610042710,"path_taken":["M","?","?","M","M","E","R","?","T","R","M","E","M","?","R","BOSS","M","M","?","?","?","R","M","R","T","R","M","?","M","?","R","BOSS"],"items_purchased_type":["Relic","Relic"],"build_version":"2020-12-22","purchased_purges":1,"victory":false,"max_hp_per_floor":[75,75,75,75,75,75,75,75,75,75,75,75,75,75,75,75,75,75,75,75,75,75,75,75,75,75,75,75,75,75,75,75,75,75],"relic_stats":{"counters":[16,47],"obtain_stats":[{"ShroomBag":20,"Anchor":6,"aspiration:Lifesprig":12,"AT_ATBox":0,"MiniHakkero":0,"BewitchedHakkero":17,"aspiration:DSix":0,"Sling":20,"aspiration:ChemicalBlood":26},{"ShroomBag":11,"Anchor":4,"aspiration:Lifesprig":7,"AT_ATBox":0,"MiniHakkero":0,"BewitchedHakkero":9,"aspiration:DSix":0,"Sling":11,"aspiration:ChemicalBlood":13},{"ShroomBag":29,"Anchor":12,"aspiration:Lifesprig":19,"AT_ATBox":0,"MiniHakkero":0,"BewitchedHakkero":25,"aspiration:DSix":0,"Sling":29,"aspiration:ChemicalBlood":35}]},"card_choices":[{"not_picked":["DoubleSpark","6A"],"picked":"Acceleration","floor":1},{"not_picked":["Acceleration","FairyDestructionRay"],"picked":"Orbital","floor":4},{"not_picked":["MagicChant","Occultation","WitchLeyline"],"picked":"SKIP","floor":5},{"not_picked":["NonDirectionalLaser","MachineGunSpark"],"picked":"JA","floor":6},{"not_picked":["6A","NonDirectionalLaser"],"picked":"WitchOfGreed","floor":8},{"not_picked":["FairyDestructionRay","GravityBeat"],"picked":"SprinkleStarSeal","floor":11},{"not_picked":["Acceleration","LuminesStrike"],"picked":"EnergyRecoil","floor":12},{"not_picked":["UnstableBomb","IllusionStar","DoubleSpark"],"picked":"SKIP","floor":13},{"not_picked":["JA","BigCrunch"],"picked":"UltimateShortwave","floor":16},{"not_picked":["ManaConvection+1","LuminesStrike+1","ChargingUp"],"picked":"SKIP","floor":18},{"not_picked":["MysteriousBeam","NonDirectionalLaser","DC+1"],"picked":"SKIP","floor":19},{"not_picked":["UnstableBomb","DarkMatter","MachineGunSpark+1"],"picked":"SKIP","floor":22},{"not_picked":["ManaConvection","DragonMeteor"],"picked":"MeteoricShower","floor":24},{"not_picked":["UnstableBomb","MachineGunSpark","WitchOfGreed"],"picked":"SKIP","floor":28},{"not_picked":["ShootingEcho","AlicesGift"],"picked":"UltimateShortwave","floor":30}],"player_experience":1033,"relics_obtained":[{"floor":6,"key":"Anchor"},{"floor":12,"key":"aspiration:Lifesprig"},{"floor":26,"key":"aspiration:ChemicalBlood"}],"event_choices":[{"damage_healed":0,"gold_gain":0,"player_choice":"Bought 0 Potions","damage_taken":0,"max_hp_gain":0,"max_hp_loss":0,"event_name":"The Woman in Blue","floor":3,"gold_loss":0},{"damage_healed":0,"gold_gain":0,"player_choice":"Upgraded","damage_taken":0,"max_hp_gain":0,"max_hp_loss":0,"event_name":"Upgrade Shrine","floor":14,"gold_loss":0,"cards_upgraded":["EnergyRecoil"]},{"damage_healed":0,"gold_gain":0,"player_choice":"Upgraded","damage_taken":0,"max_hp_gain":0,"max_hp_loss":0,"event_name":"Upgrade Shrine","floor":21,"gold_loss":0,"cards_upgraded":["WitchOfGreed"]},{"damage_healed":0,"gold_gain":0,"player_choice":"Ignored","damage_taken":0,"max_hp_gain":0,"max_hp_loss":0,"event_name":"Ghosts","floor":29,"gold_loss":0},{"damage_healed":0,"gold_gain":0,"cards_transformed":["Strike_MRS"],"player_choice":"Transformed","damage_taken":0,"max_hp_gain":0,"max_hp_loss":0,"event_name":"Transmorgrifier","floor":31,"gold_loss":0,"cards_obtained":["MagicChant"]}],"is_beta":false,"boss_relics":[{"not_picked":["RampagingMagicTools","Busted Crown"],"picked":"BewitchedHakkero"}],"items_purged_floors":[20],"is_endless":false,"potions_floor_spawned":[4,6,12,13,19,30],"killed_by":"Automaton","ascension_level":0}}