{"host":"g01l53quoe6lrer0","time":1610058430,"event":{"mods":["2.2 Compatiblity","AchievementEnabler","BaseMod","Colored Map","Highlight Path","Keyboard Shortcuts","Minty Spire (QoL Compilation)","Permanent Neow","StSLib","SuperFastMode","everything is the same but u backflip on backflip"],"gold_per_floor":[117,117,117,117,117,146,146,165,165,165,198,212,229,245,245,346,346,363,145,163,96,96,96,96,115,190,1,1,48,80,97,97,202,202,214,214,233,108,127,177,177,192,215,175,185,65,76,76,76],"floor_reached":48,"playtime":1988,"items_purged":["Strike_R","Strike_R","Strike_R"],"score":801,"play_id":"67080fd4-34c9-46b6-9dfe-d1fc74ef3d19","local_time":"20210108072710","is_ascension_mode":true,"campfire_choices":[{"data":"Fire Breathing","floor":7.0,"key":"SMITH"},{"data":"Dark Embrace","floor":10.0,"key":"SMITH"},{"floor":15.0,"key":"REST"},{"floor":23.0,"key":"REST"},{"floor":32.0,"key":"REST"},{"floor":41.0,"key":"REST"}],"circlet_count":0,"master_deck":["AscendersBane","Strike_R","Strike_R","Defend_R+1","Defend_R","Defend_R","Defend_R","Bash","Armaments+1","Fire Breathing+1","Dark Embrace+1","Shrug It Off","Wild Strike","Burning Pact","Bloodletting","Entrench","Immolate","Sever Soul","Second Wind+1","Shrug It Off","Purity","Power Through","CurseOfTheBell","Purity","Rage+1","Offering","Second Wind","Sentinel"],"relics":["Burning Blood","NeowsBlessing","Paper Frog","Prayer Wheel","Matryoshka","Bronze Scales","Du-Vu Doll","Dead Branch","Runic Pyramid","Bag of Marbles","Ancient Tea Set","Shuriken","Red Skull","Regal Pillow","Calling Bell","Lantern","Kunai","Unceasing Top","Peace Pipe","Omamori"],"acts_visited":["Exordium","TheCity","TheBeyond","TheBeyond"],"potions_floor_usage":[45,48,48],"damage_taken":[{"damage":0.0,"enemies":"2 Louse","floor":1.0,"turns":1.0},{"damage":0.0,"enemies":"3 Sentries","floor":6.0,"turns":2.0},{"damage":0.0,"enemies":"Jaw Worm","floor":8.0,"turns":1.0},{"damage":51.0,"enemies":"Gremlin Nob","floor":11.0,"turns":5.0},{"damage":3.0,"enemies":"Small Slimes","floor":12.0,"turns":4.0},{"damage":15.0,"enemies":"3 Louse","floor":13.0,"turns":4.0},{"damage":4.0,"enemies":"Exordium Wildlife","floor":14.0,"turns":4.0},{"damage":23.0,"enemies":"Slime Boss","floor":16.0,"turns":7.0},{"damage":10.0,"enemies":"Chosen","floor":18.0,"turns":4.0},{"damage":21.0,"enemies":"Shell Parasite","floor":20.0,"turns":4.0},{"damage":16.0,"enemies":"Centurion and Healer","floor":25.0,"turns":2.0},{"damage":38.0,"enemies":"Gremlin Leader","floor":30.0,"turns":6.0},{"damage":25.0,"enemies":"Shelled Parasite and Fungi","floor":31.0,"turns":4.0},{"damage":58.0,"enemies":"Collector","floor":33.0,"turns":8.0},{"damage":17.0,"enemies":"Orb Walker","floor":35.0,"turns":3.0},{"damage":15.0,"enemies":"3 Shapes","floor":37.0,"turns":5.0},{"damage":15.0,"enemies":"Maw","floor":39.0,"turns":7.0},{"damage":3.0,"enemies":"Mind Bloom Boss Battle","floor":40.0,"turns":3.0},{"damage":56.0,"enemies":"Writhing Mass","floor":42.0,"turns":7.0},{"damage":24,"enemies":"3 Darklings","floor":45,"turns":4},{"damage":2,"enemies":"Maw","floor":47,"turns":4},{"damage":21,"enemies":"Spire Growth","floor":48,"turns":7}],"seed_played":"-4638578755904869488","potions_obtained":[{"floor":8.0,"key":"Regen Potion"},{"floor":12.0,"key":"Fruit Juice"},{"floor":14.0,"key":"Fire Potion"},{"floor":16.0,"key":"SpeedPotion"},{"floor":18.0,"key":"BlessingOfTheForge"},{"floor":20.0,"key":"ElixirPotion"},{"floor":39.0,"key":"GamblersBrew"},{"floor":40.0,"key":"DuplicationPotion"},{"floor":45,"key":"LiquidMemories"}],"is_trial":false,"path_per_floor":["M","?","T","?","?","E","R","M","T","R","E","M","M","M","R","B",null,"M","$","M","$","?","R","?","M","T","$","?","T","E","M","R","B",null,"M","?","M","$","M","?","R","M","T","?","M","$","M","M"],"character_chosen":"IRONCLAD","items_purchased":["Bag of Marbles","Second Wind","Purity","Second Wind","Block Potion"],"campfire_rested":4,"item_purchase_floors":[19,21,27,46,46],"current_hp_per_floor":[78,78,78,78,71,77,77,80,80,80,35,55,46,48,73,56,78,74,74,59,59,59,84,84,74,74,74,74,74,42,23,63,11,81,70,70,61,61,52,55,85,35,35,35,17,17,21,0,0],"gold":76,"neow_bonus":"THREE_ENEMY_KILL","is_daily":false,"chose_seed":false,"campfire_upgraded":2,"win_rate":0.0,"timestamp":1610058430,"path_taken":["M","?","?","?","?","E","R","M","T","R","E","M","?","M","R","BOSS","M","$","M","$","?","R","?","?","T","$","?","?","E","M","R","BOSS","M","?","?","$","M","?","R","M","T","?","?","$","M","M"],"items_purchased_type":["Relic","Card","Card","Card","Potion"],"build_version":"2020-12-22","purchased_purges":3,"victory":false,"max_hp_per_floor":[80,80,80,80,80,80,80,80,80,80,80,85,85,85,85,85,85,85,85,85,85,85,85,85,85,85,85,85,85,85,85,85,85,85,85,85,85,85,85,85,85,85,85,85,85,85,85,85,85],"card_choices":[{"not_picked":["Flex","Rage"],"picked":"Armaments","floor":1.0},{"not_picked":["Intimidate","Twin Strike"],"picked":"Fire Breathing","floor":6.0},{"not_picked":["Iron Wave","Feed"],"picked":"Dark Embrace","floor":8.0},{"not_picked":["Inflame","Warcry"],"picked":"Shrug It Off","floor":8.0},{"not_picked":["Spot Weakness","Combust","Armaments"],"picked":"SKIP","floor":11.0},{"not_picked":["Perfected Strike","Thunderclap"],"picked":"Wild Strike","floor":12.0},{"not_picked":["Body Slam","Warcry"],"picked":"Burning Pact","floor":12.0},{"not_picked":["Blood for Blood","Heavy Blade"],"picked":"Bloodletting","floor":13.0},{"not_picked":["Havoc","Sword Boomerang","Clash"],"picked":"SKIP","floor":13.0},{"not_picked":["Body Slam","Armaments"],"picked":"Entrench","floor":14.0},{"not_picked":["Seeing Red","Clothesline","Exhume"],"picked":"SKIP","floor":14.0},{"not_picked":["Exhume","Double Tap"],"picked":"Immolate","floor":16.0},{"not_picked":["Twin Strike","True Grit"],"picked":"Sever Soul","floor":18.0},{"not_picked":["Armaments","Dropkick+1","Clothesline"],"picked":"SKIP","floor":18.0},{"not_picked":["Headbutt","Flame Barrier","True Grit"],"picked":"SKIP","floor":20.0},{"not_picked":["Searing Blow","Shrug It Off","Headbutt"],"picked":"SKIP","floor":20.0},{"not_picked":["Bloodletting","Hemokinesis"],"picked":"Shrug It Off","floor":25.0},{"not_picked":["Uppercut","Armaments","Headbutt"],"picked":"SKIP","floor":25.0},{"not_picked":["Rage","Wild Strike","Shrug It Off"],"picked":"SKIP","floor":30.0},{"not_picked":["Clothesline","Armaments"],"picked":"Power Through","floor":31.0},{"not_picked":["Uppercut","Clothesline","Evolve"],"picked":"SKIP","floor":31.0},{"not_picked":["Clash","Headbutt","Thunderclap+1"],"picked":"SKIP","floor":35.0},{"not_picked":["Cleave","Disarm","Iron Wave"],"picked":"SKIP","floor":35.0},{"not_picked":["Thunderclap","Anger","Shrug It Off"],"picked":"SKIP","floor":37.0},{"not_picked":["Armaments+1","Headbutt+1","Power Through"],"picked":"SKIP","floor":37.0},{"not_picked":["Dropkick","Twin Strike+1"],"picked":"Rage+1","floor":39.0},{"not_picked":["Spot Weakness","Iron Wave+1","Juggernaut"],"picked":"SKIP","floor":39.0},{"not_picked":["Flex","Perfected Strike+1","Warcry"],"picked":"SKIP","floor":42.0},{"not_picked":["Burning Pact+1","Flex","Headbutt"],"picked":"SKIP","floor":42.0},{"not_picked":["Havoc","Warcry"],"picked":"Offering","floor":45},{"not_picked":["Thunderclap+1","Anger","Sword Boomerang+1"],"picked":"SKIP","floor":45},{"not_picked":["Anger","Sever Soul+1"],"picked":"Sentinel","floor":47},{"not_picked":["Flex+1","Battle Trance+1","Thunderclap"],"picked":"SKIP","floor":47}],"player_experience":79147,"relics_obtained":[{"floor":3.0,"key":"Paper Frog"},{"floor":6.0,"key":"Matryoshka"},{"floor":9.0,"key":"Bronze Scales"},{"floor":9.0,"key":"Du-Vu Doll"},{"floor":11.0,"key":"Dead Branch"},{"floor":26.0,"key":"Ancient Tea Set"},{"floor":26.0,"key":"Shuriken"},{"floor":29.0,"key":"Red Skull"},{"floor":30.0,"key":"Regal Pillow"},{"floor":34.0,"key":"Lantern"},{"floor":34.0,"key":"Kunai"},{"floor":34.0,"key":"Unceasing Top"},{"floor":40.0,"key":"Peace Pipe"},{"floor":43.0,"key":"Omamori"}],"event_choices":[{"damage_healed":0.0,"max_hp_gain":0.0,"max_hp_loss":0.0,"gold_gain":0.0,"event_name":"Living Wall","player_choice":"Grow","floor":2.0,"gold_loss":0.0,"damage_taken":0.0,"cards_upgraded":["Armaments"]},{"damage_healed":0.0,"max_hp_gain":0.0,"max_hp_loss":0.0,"gold_gain":0.0,"event_name":"Big Fish","player_choice":"Box","floor":4.0,"gold_loss":0.0,"damage_taken":0.0,"relics_obtained":["Prayer Wheel"],"cards_obtained":["Regret"]},{"cards_removed":["Regret"],"damage_healed":0.0,"max_hp_gain":0.0,"max_hp_loss":0.0,"gold_gain":0.0,"event_name":"Golden Wing","player_choice":"Card Removal","floor":5.0,"gold_loss":0.0,"damage_taken":7.0},{"damage_healed":0.0,"max_hp_gain":0.0,"max_hp_loss":0.0,"gold_gain":0.0,"event_name":"Vampires","player_choice":"Ignored","floor":22.0,"gold_loss":0.0,"damage_taken":0.0},{"damage_healed":0.0,"max_hp_gain":0.0,"max_hp_loss":0.0,"gold_gain":0.0,"event_name":"The Woman in Blue","player_choice":"Bought 0 Potions","floor":24.0,"gold_loss":0.0,"damage_taken":0.0},{"damage_healed":0.0,"max_hp_gain":0.0,"max_hp_loss":0.0,"gold_gain":0.0,"event_name":"Ghosts","player_choice":"Ignored","floor":28.0,"gold_loss":0.0,"damage_taken":0.0},{"damage_healed":0.0,"max_hp_gain":0.0,"max_hp_loss":0.0,"gold_gain":0.0,"event_name":"Duplicator","player_choice":"Copied","floor":36.0,"gold_loss":0.0,"damage_taken":0.0,"cards_obtained":["Purity"]},{"damage_healed":0.0,"max_hp_gain":0.0,"max_hp_loss":0.0,"gold_gain":0.0,"event_name":"MindBloom","player_choice":"Fight","floor":40.0,"gold_loss":0.0,"damage_taken":0.0},{"damage_healed":0,"gold_gain":0,"player_choice":"Upgraded Two","damage_taken":0,"max_hp_gain":0,"max_hp_loss":0,"event_name":"Designer","floor":44,"gold_loss":40,"cards_upgraded":["Defend_R","Second Wind"]}],"is_beta":false,"boss_relics":[{"not_picked":["Philosopher\u0027s Stone","Coffee Dripper"],"picked":"Runic Pyramid"},{"not_picked":["Runic Cube","Fusion Hammer"],"picked":"Calling Bell"}],"items_purged_floors":[19,27,38],"is_endless":false,"potions_floor_spawned":[8,12,14,16,18,20,39,40,45],"killed_by":"Spire Growth","ascension_level":12}}