{"host":"raai0vtvcfkt8csp","time":1610057269,"event":{"mods":["2.2 Compatiblity","BaseMod","Beaked The Cultist","Block Reminder","Booster Modes","DeckTracker","Defective Defect","Dio Mod","Downfall","GifTheSpireLib","Minty Spire (QoL Compilation)","Quick Restart","Random Character Button","Rare Cards Sparkle","StSLib","Unceasing Turn Reminder"],"gold_per_floor":[116,135,135,148,113,113,153,153,153,194,194,207,242,242,242,361,361,376,400,400,400,418,452,466,482,482,521,540,540,575,612,624,767,779,806,842,854,882,894,906,918,965,977,186,186,199,199,242,242,242,242,242,52,95,95,95],"floor_reached":55,"playtime":2983,"items_purged":["dioMod:Strike"],"score":920,"play_id":"5f7cd1d7-4776-412f-a5d4-fc5288ba2340","local_time":"20210107230749","is_ascension_mode":true,"campfire_choices":[{"data":"dioMod:VengefulMuda","floor":6,"key":"SMITH"},{"data":"Bite","floor":8,"key":"SMITH"},{"floor":15,"key":"REST"},{"floor":29,"key":"RECALL"},{"data":"dioMod:DarkRebirth","floor":32,"key":"SMITH"},{"floor":40,"key":"REST"},{"floor":45,"key":"REST"},{"floor":47,"key":"REST"},{"floor":49,"key":"REST"},{"floor":52,"key":"REST"}],"circlet_count":0,"master_deck":["dioMod:Strike","dioMod:Strike","dioMod:Strike","Bite+1","dioMod:Defend","dioMod:Defend","dioMod:Defend","dioMod:Defend","dioMod:CautiousMuda","dioMod:ComboFever","dioMod:DaggerSpree","dioMod:VengefulMuda+1","dioMod:Muda+1","dioMod:BloodShield","dioMod:DarkRebirth+1","dioMod:Muda+1","dioMod:Refresh","dioMod:BloodSplash+1","dioMod:Muda+1","dioMod:BloodTransfusion+1","dioMod:Hiss+1","dioMod:Despair","dioMod:ComposedMuda+1","dioMod:DarkRebirth+1","dioMod:StreetSign+1","dioMod:Regeneration+1","dioMod:DoubleTime+1","dioMod:Minions+1","Flash of Steel+1","Madness","Madness","dioMod:BloodSuck+1","dioMod:MudaMudaMuda+1","dioMod:Muda+1","dioMod:SevenPageMuda+1","dioMod:Freeze","dioMod:ComboFever","expansioncontent:QuickStudy","dioMod:DaggerSpree+1","dioMod:VengefulMuda+1","dioMod:Minions+1","dioMod:BloodTransfusion+1","dioMod:BloodTransfusion+1","dioMod:UltimateSacrifice","dioMod:SadisticLaugh+1"],"relics":["dioMod:VampireBlood","Golden Idol","Molten Egg 2","The Courier","Vajra","Bronze Scales","Sozu","Enchiridion","MutagenicStrength","Frozen Egg 2","Boot","Gremlin Horn","MawBank","Fusion Hammer","Bottled Flame","Anchor","Lantern","Pantograph","Pen Nib"],"acts_visited":["Exordium","TheCity","TheBeyond","TheEnding"],"potions_floor_usage":[50,50,55],"damage_taken":[{"damage":1,"enemies":"2 Louse","floor":1,"turns":3},{"damage":0,"enemies":"Small Slimes","floor":2,"turns":3},{"damage":5,"enemies":"Jaw Worm","floor":4,"turns":5},{"damage":26,"enemies":"Gremlin Nob","floor":7,"turns":5},{"damage":18,"enemies":"3 Sentries","floor":10,"turns":8},{"damage":13,"enemies":"Gremlin Gang","floor":12,"turns":6},{"damage":26,"enemies":"Gremlin Nob","floor":13,"turns":5},{"damage":57,"enemies":"The Guardian","floor":16,"turns":13},{"damage":0,"enemies":"Spheric Guardian","floor":18,"turns":3},{"damage":1,"enemies":"3 Byrds","floor":19,"turns":2},{"damage":11,"enemies":"Centurion and Healer","floor":22,"turns":4},{"damage":12,"enemies":"Book of Stabbing","floor":23,"turns":3},{"damage":9,"enemies":"Snake Plant","floor":24,"turns":4},{"damage":4,"enemies":"Sentry and Sphere","floor":25,"turns":3},{"damage":23,"enemies":"Gremlin Leader","floor":27,"turns":4},{"damage":30,"enemies":"Centurion and Healer","floor":28,"turns":4},{"damage":0,"enemies":"Slavers","floor":30,"turns":2},{"damage":26,"enemies":"Snecko","floor":31,"turns":6},{"damage":34,"enemies":"Champ","floor":33,"turns":4},{"damage":7,"enemies":"Orb Walker","floor":35,"turns":3},{"damage":11,"enemies":"3 Darklings","floor":36,"turns":2},{"damage":19,"enemies":"Spire Growth","floor":38,"turns":3},{"damage":64,"enemies":"Reptomancer","floor":42,"turns":4},{"damage":4,"enemies":"Jaw Worm Horde","floor":46,"turns":2},{"damage":10,"enemies":"Giant Head","floor":48,"turns":5},{"damage":105,"enemies":"Donu and Deca","floor":50,"turns":6},{"damage":28,"enemies":"Shield and Spear","floor":54,"turns":4},{"damage":161,"enemies":"The Heart","floor":55,"turns":8}],"seed_played":"6772988760754610435","potions_obtained":[{"floor":1,"key":"SteroidPotion"},{"floor":10,"key":"FearPotion"},{"floor":12,"key":"Block Potion"},{"floor":16,"key":"Regen Potion"}],"is_trial":false,"path_per_floor":["M","M","?","M","?","R","E","R","T","E","?","M","E","?","R","B",null,"M","M","?","?","M","E","M","M","T","E","M","R","E","M","R","B",null,"M","M","?","M","?","R","?","E","T","$","R","M","R","E","R","B",null,"R","$","E","B"],"character_chosen":"THE_DEFAULT","items_purchased":["dioMod:MudaMudaMuda+1","dioMod:Muda+1","dioMod:SevenPageMuda+1","dioMod:Freeze","dioMod:ComboFever","expansioncontent:QuickStudy","dioMod:DaggerSpree+1","dioMod:VengefulMuda+1","dioMod:Minions+1","dioMod:BloodTransfusion+1","dioMod:BloodTransfusion+1","Pantograph"],"campfire_rested":6,"item_purchase_floors":[44,44,44,44,44,44,44,44,44,44,44,53],"current_hp_per_floor":[75,75,57,59,75,75,56,56,56,53,46,51,34,39,63,15,80,80,80,64,64,72,63,73,80,80,80,72,72,80,70,70,55,80,80,80,80,80,70,80,80,43,43,43,67,80,80,80,80,51,80,80,80,80,0,0],"gold":95,"neow_bonus":"THREE_CARDS","is_daily":false,"chose_seed":false,"campfire_upgraded":3,"win_rate":0.0,"timestamp":1610057269,"path_taken":["M","M","?","M","?","R","E","R","T","E","?","M","E","?","R","BOSS","M","M","?","?","M","E","M","M","T","E","M","R","E","M","R","BOSS","M","M","?","?","?","R","?","E","T","$","R","?","R","E","R","BOSS","R","$","E","BOSS"],"items_purchased_type":["Card","Card","Card","Card","Card","Card","Card","Card","Card","Card","Card","Relic"],"build_version":"2020-12-22","purchased_purges":1,"victory":false,"max_hp_per_floor":[75,75,75,75,75,75,75,75,75,75,75,75,75,80,80,80,80,80,80,80,80,80,80,80,80,80,80,80,80,80,80,80,80,80,80,80,80,80,80,80,80,80,80,80,80,80,80,80,80,80,80,80,80,80,80,80],"card_choices":[{"not_picked":["dioMod:SadisticLaugh","dioMod:BlendIn"],"picked":"dioMod:CautiousMuda","floor":0},{"not_picked":["dioMod:Diversion","dioMod:Roundabout"],"picked":"dioMod:ComboFever","floor":1},{"not_picked":["dioMod:BlendIn","dioMod:Donut"],"picked":"dioMod:DaggerSpree","floor":2},{"not_picked":["dioMod:LaserVision","dioMod:DisarmingVoice"],"picked":"dioMod:VengefulMuda","floor":4},{"not_picked":["dioMod:SecretPlan","dioMod:DoubleTime"],"picked":"dioMod:Muda+1","floor":7},{"not_picked":["dioMod:LaserVision+1","dioMod:Diversion+1"],"picked":"dioMod:BloodShield","floor":10},{"not_picked":["dioMod:ComposedMuda+1","dioMod:PhantomBlood"],"picked":"dioMod:DarkRebirth","floor":12},{"not_picked":["dioMod:Hiss","dioMod:TripleThreat+1"],"picked":"dioMod:Muda+1","floor":13},{"not_picked":["dioMod:Despair","dioMod:ZaWarudo"],"picked":"dioMod:Refresh","floor":16},{"not_picked":["dioMod:CutDeep","dioMod:Roundabout"],"picked":"dioMod:BloodSplash+1","floor":18},{"not_picked":["dioMod:DisarmingVoice","dioMod:CutDeep"],"picked":"dioMod:Muda+1","floor":19},{"not_picked":["dioMod:VengefulMuda+1","dioMod:LaserVision+1"],"picked":"dioMod:BloodTransfusion+1","floor":22},{"not_picked":["dioMod:WRYYY","dioMod:StreetSign+1"],"picked":"dioMod:Hiss+1","floor":23},{"not_picked":["dioMod:DisarmingVoice+1","dioMod:HeavyLifting+1"],"picked":"dioMod:Despair","floor":24},{"not_picked":["dioMod:BloodSplash","dioMod:DaggerSpree+1","dioMod:FlyAway"],"picked":"SKIP","floor":25},{"not_picked":["dioMod:SadisticLaugh","dioMod:Diversion+1"],"picked":"dioMod:ComposedMuda+1","floor":27},{"not_picked":["dioMod:HeavyLifting","dioMod:FlyAway","dioMod:Roundabout+1"],"picked":"SKIP","floor":28},{"not_picked":["dioMod:BloodSplash+1","dioMod:VengefulMuda+1"],"picked":"dioMod:DarkRebirth+1","floor":30},{"not_picked":["dioMod:Donut+1","dioMod:FlyAway"],"picked":"dioMod:StreetSign+1","floor":31},{"not_picked":["dioMod:PhantomBlood+1","dioMod:TheWalk"],"picked":"dioMod:Regeneration+1","floor":33},{"not_picked":["dioMod:BloodShield+1","dioMod:VengefulMuda+1"],"picked":"dioMod:DoubleTime+1","floor":35},{"not_picked":["dioMod:FlyAway","dioMod:BloodSplash+1"],"picked":"dioMod:Minions+1","floor":36},{"not_picked":["dioMod:BloodShield","dioMod:LaserVision+1","dioMod:ComposedMuda+1"],"picked":"SKIP","floor":38},{"not_picked":["dioMod:ComboFever+1","dioMod:DarkRebirth+1"],"picked":"dioMod:BloodSuck+1","floor":42},{"not_picked":["dioMod:CoffinBath","dioMod:BloodShield+1"],"picked":"dioMod:UltimateSacrifice","floor":46},{"not_picked":["dioMod:SecretPlan+1","dioMod:CautiousMuda+1"],"picked":"dioMod:SadisticLaugh+1","floor":48},{"not_picked":["dioMod:VengefulMuda+1","dioMod:DaggerToss+1","dioMod:StreetSign+1"],"picked":"SKIP","floor":54}],"player_experience":852815,"relics_obtained":[{"floor":7,"key":"Molten Egg 2"},{"floor":10,"key":"The Courier"},{"floor":13,"key":"Bronze Scales"},{"floor":20,"key":"Enchiridion"},{"floor":23,"key":"Frozen Egg 2"},{"floor":26,"key":"Boot"},{"floor":27,"key":"Gremlin Horn"},{"floor":30,"key":"MawBank"},{"floor":42,"key":"Bottled Flame"},{"floor":43,"key":"Anchor"},{"floor":48,"key":"Lantern"},{"floor":54,"key":"Pen Nib"}],"event_choices":[{"damage_healed":0,"gold_gain":0,"player_choice":"Take Damage","damage_taken":18,"relics_obtained":["Golden Idol"],"max_hp_gain":0,"max_hp_loss":0,"event_name":"Golden Idol","floor":3,"gold_loss":0},{"damage_healed":18,"gold_gain":0,"player_choice":"Healed","damage_taken":0,"max_hp_gain":0,"max_hp_loss":0,"event_name":"The Cleric","floor":5,"gold_loss":35},{"damage_healed":0,"gold_gain":0,"player_choice":"Success","damage_taken":7,"relics_obtained":["Vajra"],"max_hp_gain":0,"max_hp_loss":0,"event_name":"Scrap Ooze","floor":11,"gold_loss":0},{"damage_healed":0,"gold_gain":0,"player_choice":"Donut","damage_taken":0,"max_hp_gain":5,"max_hp_loss":0,"event_name":"Big Fish","floor":14,"gold_loss":0},{"damage_healed":0,"gold_gain":0,"player_choice":"Obtained Book","damage_taken":16,"max_hp_gain":0,"max_hp_loss":0,"event_name":"Cursed Tome","floor":20,"gold_loss":0},{"damage_healed":0,"gold_gain":0,"player_choice":"Inject Mutagens","damage_taken":0,"relics_obtained":["MutagenicStrength"],"max_hp_gain":0,"max_hp_loss":0,"event_name":"Drug Dealer","floor":21,"gold_loss":0},{"damage_healed":0,"gold_gain":0,"player_choice":"1 cards matched","damage_taken":0,"max_hp_gain":0,"max_hp_loss":0,"event_name":"Match and Keep!","floor":37,"gold_loss":0,"cards_obtained":["Flash of Steel"]},{"damage_healed":0,"gold_gain":0,"player_choice":"Embrace Madness","damage_taken":10,"max_hp_gain":0,"max_hp_loss":0,"event_name":"Winding Halls","floor":39,"gold_loss":0,"cards_obtained":["Madness","Madness"]},{"damage_healed":0,"gold_gain":0,"player_choice":"Bought 0 Potions","damage_taken":0,"max_hp_gain":0,"max_hp_loss":0,"event_name":"The Woman in Blue","floor":41,"gold_loss":0}],"is_beta":false,"boss_relics":[{"not_picked":["Coffee Dripper","Ectoplasm"],"picked":"Sozu"},{"not_picked":["Snecko Eye","beaked:MawFillet"],"picked":"Fusion Hammer"}],"items_purged_floors":[44],"is_endless":false,"potions_floor_spawned":[1,10,12,16,18,24,30,33,35,38,46,48],"killed_by":"The Heart","ascension_level":1}}