{"host":"vrsxkkch9ccrec7k","time":1610046434,"event":{"mods":["BaseMod","Bestiary","Better Third Choice","Hermit","Minty Spire (QoL Compilation)","Permanent Neow","Relic Stats","Spicy Shops","StSLib"],"gold_per_floor":[119,129,142,142,154,183,203,203,203,203,203,216,244,261,261,363,363,383,401,7,17,28,28,53,53,53,53,152,152,184,199,199,299,299,309,309,309,321,339,339,85,85,85,102,102,114,0,35,35,35],"floor_reached":51,"playtime":7026,"items_purged":["hermit:Strike_Hermit","hermit:Malice","hermit:Misfire"],"score":704,"play_id":"5575f97b-7e34-4985-a58a-f24c800806eb","local_time":"20210107140714","is_ascension_mode":false,"campfire_choices":[{"data":"hermit:Snapshot","floor":8,"key":"SMITH"},{"data":"hermit:Grudge","floor":11,"key":"SMITH"},{"data":"hermit:GoldenBullet","floor":15,"key":"SMITH"},{"floor":23,"key":"REST"},{"data":"hermit:Combo","floor":25,"key":"SMITH"},{"data":"hermit:TakeAim","floor":32,"key":"SMITH"},{"data":"hermit:Covet","floor":40,"key":"SMITH"},{"data":"hermit:ShadowCloak","floor":42,"key":"SMITH"},{"data":"hermit:Coalescence","floor":45,"key":"SMITH"},{"data":"hermit:FlashPowder","floor":49,"key":"SMITH"}],"circlet_count":0,"master_deck":["hermit:Defend_Hermit","hermit:Defend_Hermit","hermit:Defend_Hermit","hermit:Defend_Hermit","hermit:Snapshot+1","hermit:Covet+1","Bandage Up","hermit:Enervate","hermit:Glare","Regret","hermit:Vantage","hermit:Grudge+1","Iron Wave","hermit:TakeAim+1","hermit:FatalDesire","hermit:GoldenBullet+1","hermit:FinalCanter","hermit:FlashPowder+1","hermit:Combo+1","Swift Strike","hermit:ShadowCloak+1","hermit:DeadMansHand","hermit:Dissolve","hermit:Brawl+1","hermit:Manifest+1","hermit:Coalescence+1","hermit:Coalescence+1","hermit:TakeCover+1"],"relics":["hermit:Momento","Smiling Mask","Meat on the Bone","Darkstone Periapt","Kunai","SlaversCollar","Membership Card","Lantern","Thread and Needle","Juzu Bracelet","Potion Belt","Sundial","Empty Cage","Bag of Preparation","Question Card","InkBottle","Lizard Tail"],"acts_visited":["Exordium","TheCity","TheBeyond"],"potions_floor_usage":[6,13,16,24,30,33,33,39,39,44,44,48,50,50,50],"damage_taken":[{"damage":6,"enemies":"Jaw Worm","floor":1,"turns":4},{"damage":1,"enemies":"2 Louse","floor":2,"turns":2},{"damage":10,"enemies":"Cultist","floor":3,"turns":4},{"damage":6,"enemies":"Red Slaver","floor":5,"turns":3},{"damage":17,"enemies":"3 Sentries","floor":6,"turns":7},{"damage":5,"enemies":"3 Louse","floor":7,"turns":2},{"damage":0,"enemies":"Exordium Thugs","floor":12,"turns":4},{"damage":16,"enemies":"Lagavulin","floor":13,"turns":6},{"damage":15,"enemies":"Gremlin Gang","floor":14,"turns":4},{"damage":23,"enemies":"Slime Boss","floor":16,"turns":8},{"damage":15,"enemies":"Spheric Guardian","floor":18,"turns":4},{"damage":6,"enemies":"Chosen","floor":19,"turns":6},{"damage":48,"enemies":"Snecko","floor":21,"turns":8},{"damage":7,"enemies":"Shelled Parasite and Fungi","floor":22,"turns":9},{"damage":17,"enemies":"Book of Stabbing","floor":24,"turns":5},{"damage":31,"enemies":"Gremlin Leader","floor":30,"turns":6},{"damage":5,"enemies":"Centurion and Healer","floor":31,"turns":8},{"damage":33,"enemies":"Collector","floor":33,"turns":11},{"damage":6,"enemies":"3 Darklings","floor":35,"turns":5},{"damage":0,"enemies":"3 Shapes","floor":38,"turns":9},{"damage":16,"enemies":"Transient","floor":39,"turns":5},{"damage":7,"enemies":"Jaw Worm Horde","floor":44,"turns":6},{"damage":0,"enemies":"Maw","floor":46,"turns":9},{"damage":0,"enemies":"Reptomancer","floor":48,"turns":6},{"damage":6,"enemies":"Time Eater","floor":50,"turns":19}],"seed_played":"-8796048262490903182","potions_obtained":[{"floor":3,"key":"BlessingOfTheForge"},{"floor":5,"key":"LiquidBronze"},{"floor":7,"key":"PowerPotion"},{"floor":12,"key":"FearPotion"},{"floor":16,"key":"SteroidPotion"},{"floor":30,"key":"PowerPotion"},{"floor":31,"key":"FearPotion"},{"floor":35,"key":"AttackPotion"},{"floor":36,"key":"LiquidBronze"},{"floor":36,"key":"Ancient Potion"},{"floor":36,"key":"SteroidPotion"},{"floor":46,"key":"PowerPotion"}],"is_trial":false,"path_per_floor":["M","M","M","?","M","E","M","R","T","?","R","M","E","M","R","B",null,"M","M","$","M","M","R","E","R","T","T","?","?","E","M","R","B",null,"M","?","?","M","M","R","$","R","T","M","R","M","$","E","R","B",null],"character_chosen":"HERMIT","items_purchased":["Membership Card","hermit:Combo","Lantern","Swift Strike","LiquidBronze","Bag of Preparation","Swift Potion","LiquidMemories","InkBottle","FearPotion"],"campfire_rested":1,"item_purchase_floors":[20,20,20,20,20,41,41,41,47,47],"current_hp_per_floor":[69,72,65,65,63,50,45,45,45,45,45,51,39,40,40,33,75,64,62,62,26,35,57,44,44,44,44,44,44,29,40,40,23,75,73,73,71,71,55,55,55,55,55,52,52,56,56,60,60,58],"gold":35,"neow_bonus":"RANDOM_COLORLESS","is_daily":false,"chose_seed":false,"campfire_upgraded":9,"win_rate":0.0,"timestamp":1610046434,"path_taken":["M","M","M","?","M","E","M","R","T","?","R","M","E","?","R","BOSS","M","M","$","M","M","R","E","R","T","?","?","?","E","M","R","BOSS","M","?","?","M","M","R","$","R","T","M","R","M","$","E","R","BOSS"],"items_purchased_type":["Relic","Card","Relic","Card","Potion","Relic","Potion","Potion","Relic","Potion"],"build_version":"2020-12-22","purchased_purges":3,"victory":true,"max_hp_per_floor":[75,75,75,75,75,75,75,75,75,75,75,75,75,75,75,75,75,75,75,75,75,75,75,75,75,75,75,75,75,75,75,75,75,75,75,75,71,71,71,71,71,71,71,71,71,71,71,71,71,71],"relic_stats":{"Darkstone Periapt":0,"Lizard Tail":0,"counters":[25,160],"Sundial":[14],"Juzu Bracelet":3,"Bag of Preparation":[8],"Kunai":[34],"Smiling Mask":1,"Question Card":3,"obtain_stats":[{"Darkstone Periapt":9,"Potion Belt":27,"Lantern":20,"Thread and Needle":24,"Juzu Bracelet":26,"Bag of Preparation":41,"Smiling Mask":4,"Empty Cage":34,"Question Card":43,"SlaversCollar":17,"Lizard Tail":48,"Sundial":30,"Kunai":13,"Membership Card":20,"hermit:Momento":0,"InkBottle":47,"Meat on the Bone":6},{"Darkstone Periapt":6,"Potion Belt":15,"Lantern":12,"Thread and Needle":15,"Juzu Bracelet":15,"Bag of Preparation":21,"Smiling Mask":3,"Empty Cage":18,"Question Card":21,"SlaversCollar":10,"Lizard Tail":24,"Sundial":16,"Kunai":8,"Membership Card":12,"hermit:Momento":0,"InkBottle":23,"Meat on the Bone":5},{"Darkstone Periapt":22,"Potion Belt":76,"Lantern":54,"Thread and Needle":76,"Juzu Bracelet":76,"Bag of Preparation":120,"Smiling Mask":10,"Empty Cage":101,"Question Card":120,"SlaversCollar":44,"Lizard Tail":141,"Sundial":82,"Kunai":32,"Membership Card":54,"hermit:Momento":0,"InkBottle":135,"Meat on the Bone":20}],"InkBottle":[11],"Meat on the Bone":84},"card_choices":[{"not_picked":["Madness","Panacea"],"picked":"Bandage Up","floor":0},{"not_picked":["hermit:EyeOfTheStorm","hermit:Coalescence"],"picked":"hermit:Misfire","floor":1},{"not_picked":["hermit:Manifest","hermit:Determination"],"picked":"hermit:Enervate","floor":2},{"not_picked":["hermit:LuckOfTheDraw","hermit:Headshot"],"picked":"hermit:Glare","floor":3},{"not_picked":["hermit:Shortfuse","hermit:Glare"],"picked":"hermit:Vantage","floor":5},{"not_picked":["hermit:FlashPowder","hermit:Snipe"],"picked":"hermit:Grudge","floor":6},{"not_picked":["hermit:ItchyTrigger","hermit:Snipe"],"picked":"hermit:Malice","floor":7},{"not_picked":["hermit:Showdown","hermit:Glare"],"picked":"hermit:TakeAim","floor":12},{"not_picked":["hermit:Quickdraw","hermit:ShadowCloak"],"picked":"hermit:FatalDesire","floor":13},{"not_picked":["hermit:EyeOfTheStorm","hermit:Scavenge"],"picked":"hermit:GoldenBullet","floor":14},{"not_picked":["hermit:HighNoon","hermit:OverwhelmingPower"],"picked":"hermit:FinalCanter","floor":16},{"not_picked":["hermit:Headshot","hermit:ItchyTrigger"],"picked":"hermit:FlashPowder","floor":18},{"not_picked":["hermit:WideOpen","hermit:Midnight","hermit:Snipe+1"],"picked":"SKIP","floor":19},{"not_picked":["hermit:Headshot","hermit:LoneWolf"],"picked":"hermit:ShadowCloak","floor":21},{"not_picked":["hermit:Desperado","hermit:Midnight"],"picked":"hermit:DeadMansHand","floor":22},{"not_picked":["hermit:Vantage","hermit:TrackingShot+1","hermit:Grudge"],"picked":"SKIP","floor":24},{"not_picked":["hermit:BigShot","hermit:WideOpen+1","hermit:Dive"],"picked":"SKIP","floor":30},{"not_picked":["hermit:Misfire","hermit:Snipe","hermit:HighCaliber"],"picked":"SKIP","floor":31},{"not_picked":["hermit:FromBeyond","hermit:Gambit"],"picked":"hermit:Dissolve","floor":33},{"not_picked":["hermit:Misfire","hermit:Headshot+1","hermit:Roulette"],"picked":"SKIP","floor":35},{"not_picked":["hermit:SprayPray","hermit:Misfire+1"],"picked":"hermit:Brawl+1","floor":38},{"not_picked":["hermit:Desperado+1","hermit:FlashPowder"],"picked":"hermit:Manifest+1","floor":39},{"not_picked":["hermit:Glare+1","hermit:Snipe+1","hermit:LowProfile+1"],"picked":"hermit:Coalescence","floor":44},{"not_picked":["hermit:HighCaliber","hermit:TakeAim","hermit:WideOpen+1"],"picked":"hermit:Coalescence+1","floor":46},{"not_picked":["hermit:Purgatory","hermit:HighCaliber+1","hermit:Brawl"],"picked":"hermit:TakeCover+1","floor":48}],"player_experience":1334549,"relics_obtained":[{"floor":6,"key":"Meat on the Bone"},{"floor":9,"key":"Darkstone Periapt"},{"floor":13,"key":"Kunai"},{"floor":24,"key":"Thread and Needle"},{"floor":26,"key":"Juzu Bracelet"},{"floor":27,"key":"Potion Belt"},{"floor":30,"key":"Sundial"},{"floor":43,"key":"Question Card"},{"floor":48,"key":"Lizard Tail"}],"event_choices":[{"damage_healed":0,"gold_gain":0,"player_choice":"Box","damage_taken":0,"relics_obtained":["Smiling Mask"],"max_hp_gain":0,"max_hp_loss":0,"event_name":"Big Fish","floor":4,"gold_loss":0,"cards_obtained":["Regret"]},{"cards_removed":["hermit:Strike_Hermit"],"damage_healed":0,"gold_gain":0,"player_choice":"Took Card","damage_taken":0,"max_hp_gain":0,"max_hp_loss":0,"event_name":"NoteForYourself","floor":10,"gold_loss":0,"cards_obtained":["Iron Wave"]},{"damage_healed":0,"gold_gain":99,"player_choice":"Steal","damage_taken":0,"max_hp_gain":0,"max_hp_loss":0,"event_name":"betterThird:BetterNest","floor":28,"gold_loss":0},{"damage_healed":0,"gold_gain":0,"player_choice":"Ignored","damage_taken":0,"max_hp_gain":0,"max_hp_loss":0,"event_name":"WeMeetAgain","floor":29,"gold_loss":0},{"damage_healed":0,"gold_gain":0,"player_choice":"Got Potions","damage_taken":0,"max_hp_gain":0,"max_hp_loss":0,"event_name":"Lab","floor":36,"gold_loss":0},{"damage_healed":0,"gold_gain":0,"player_choice":"Max HP","damage_taken":0,"max_hp_gain":0,"max_hp_loss":4,"event_name":"Winding Halls","floor":37,"gold_loss":0}],"is_beta":false,"boss_relics":[{"not_picked":["Philosopher\u0027s Stone","hermit:DentedPlate"],"picked":"SlaversCollar"},{"not_picked":["SacredBark","hermit:ClaspedLocket"],"picked":"Empty Cage"}],"items_purged_floors":[20,41,41],"is_endless":false,"potions_floor_spawned":[3,5,7,12,16,30,31,35,46],"ascension_level":0}}