{"host":"g01l53quoe6lrer0","time":1610023110,"event":{"mods":["2.2 Compatiblity","AchievementEnabler","BaseMod","Colored Map","Highlight Path","Keyboard Shortcuts","Minty Spire (QoL Compilation)","Permanent Neow","StSLib","SuperFastMode","everything is the same but u backflip on backflip"],"gold_per_floor":[116,116,116,127,139,139,169,169,217,241,241,22,95,95,95,193,220,240,76,90,5,29,29,55,55,81,99,99,113,113,113,113,215,215,225,52,75,101,115,115,131,131,131,131,150,150,150,172,172,172],"floor_reached":51,"playtime":1319,"items_purged":["Strike_G","Defend_G","Defend_G"],"score":946,"play_id":"63b612e4-5591-4728-833f-2a059fdf26f4","local_time":"20210107213830","is_ascension_mode":true,"campfire_choices":[{"data":"Corpse Explosion","floor":6.0,"key":"SMITH"},{"floor":8.0,"key":"REST"},{"data":"Bouncing Flask","floor":11.0,"key":"SMITH"},{"floor":15.0,"key":"REST"},{"data":"Footwork","floor":23.0,"key":"SMITH"},{"data":"Footwork","floor":25.0,"key":"SMITH"},{"data":"Footwork","floor":28.0,"key":"SMITH"},{"floor":32.0,"key":"REST"},{"floor":40,"key":"REST"},{"floor":42,"key":"REST"},{"floor":46,"key":"RECALL"},{"floor":49,"key":"REST"}],"circlet_count":0,"master_deck":["Defend_G","Defend_G","Survivor","Neutralize+1","Corpse Explosion+1","Calculated Gamble","PiercingWail","Bouncing Flask+1","Footwork+1","Deadly Poison","Footwork+1","Crippling Poison+1","Cloak And Dagger+1","Escape Plan+1","Footwork+1","Backflip","Catalyst+1","Parasite","Backflip+1","Deadly Poison+1"],"relics":["Ring of the Snake","Snake Skull","CeramicFish","Mummified Hand","Astrolabe","Singing Bowl","Toy Ornithopter","Orichalcum","MutagenicStrength","Fusion Hammer","Toxic Egg 2"],"acts_visited":["Exordium","TheCity","TheBeyond"],"potions_floor_usage":[38,39,41,50,50,50],"damage_taken":[{"damage":0.0,"enemies":"Cultist","floor":1.0,"turns":4.0},{"damage":3.0,"enemies":"Small Slimes","floor":4.0,"turns":5.0},{"damage":0.0,"enemies":"2 Louse","floor":5.0,"turns":2.0},{"damage":24.0,"enemies":"Gremlin Nob","floor":7.0,"turns":4.0},{"damage":3.0,"enemies":"Looter","floor":10.0,"turns":2.0},{"damage":18.0,"enemies":"Gremlin Nob","floor":13.0,"turns":4.0},{"damage":14.0,"enemies":"Slime Boss","floor":16.0,"turns":9.0},{"damage":6.0,"enemies":"2 Thieves","floor":18.0,"turns":3.0},{"damage":0.0,"enemies":"Spheric Guardian","floor":20.0,"turns":3.0},{"damage":4.0,"enemies":"Snake Plant","floor":22.0,"turns":4.0},{"damage":7.0,"enemies":"Snecko","floor":27.0,"turns":5.0},{"damage":4.0,"enemies":"Centurion and Healer","floor":29.0,"turns":5.0},{"damage":12.0,"enemies":"Automaton","floor":33.0,"turns":7.0},{"damage":12.0,"enemies":"3 Darklings","floor":35.0,"turns":4.0},{"damage":0,"enemies":"3 Shapes","floor":37,"turns":4},{"damage":0,"enemies":"Writhing Mass","floor":38,"turns":5},{"damage":0,"enemies":"Maw","floor":39,"turns":4},{"damage":14,"enemies":"Sphere and 2 Shapes","floor":41,"turns":4},{"damage":0,"enemies":"4 Shapes","floor":45,"turns":2},{"damage":1,"enemies":"Transient","floor":48,"turns":5},{"damage":41,"enemies":"Time Eater","floor":50,"turns":6}],"seed_played":"1040285954713755704","potions_obtained":[{"floor":4.0,"key":"CultistPotion"},{"floor":13.0,"key":"Strength Potion"},{"floor":20.0,"key":"LiquidBronze"},{"floor":27.0,"key":"SkillPotion"},{"floor":35.0,"key":"AttackPotion"},{"floor":38,"key":"CultistPotion"},{"floor":39,"key":"BlessingOfTheForge"},{"floor":45,"key":"AttackPotion"}],"is_trial":false,"path_per_floor":["M","?","?","M","M","R","E","R","T","M","R","$","?","?","R","B",null,"M","$","M","?","M","R","T","R","T","M","R","M","?","?","R","B",null,"M","$","M","M","M","R","M","R","T","?","M","R","?","M","R","B",null],"character_chosen":"THE_SILENT","items_purchased":["Deadly Poison","GhostInAJar","Footwork","Swift Potion"],"campfire_rested":6,"item_purchase_floors":[12,12,19,36],"current_hp_per_floor":[45,38,38,35,35,35,11,32,32,29,29,29,11,11,32,18,57,51,51,51,51,47,47,47,47,47,42,42,40,26,26,49,44,72,62,62,62,69,76,87,80,89,89,89,89,89,85,84,85,49],"gold":172,"neow_bonus":"THREE_RARE_CARDS","is_daily":false,"chose_seed":false,"campfire_upgraded":5,"win_rate":0.0,"timestamp":1610023110,"path_taken":["M","?","?","M","M","R","E","R","T","?","R","$","?","?","R","BOSS","M","$","M","?","M","R","?","R","T","M","R","?","?","?","R","BOSS","M","$","M","M","M","R","M","R","T","?","M","R","?","M","R","BOSS"],"items_purchased_type":["Card","Potion","Card","Potion"],"build_version":"2020-12-22","purchased_purges":3,"victory":true,"max_hp_per_floor":[70,70,70,70,70,70,70,70,70,70,70,70,70,70,70,70,70,70,70,70,70,70,70,70,70,70,72,72,74,79,79,79,81,81,83,83,83,85,87,87,89,89,89,89,89,89,85,85,85,85],"card_choices":[{"not_picked":["Night Terror","Storm of Steel"],"picked":"Corpse Explosion","floor":0.0},{"not_picked":["Sucker Punch","Outmaneuver"],"picked":"Bane","floor":1.0},{"not_picked":["Dodge and Roll","PiercingWail"],"picked":"Calculated Gamble","floor":4.0},{"not_picked":["Dagger Throw","Deflect"],"picked":"PiercingWail","floor":5.0},{"not_picked":["Outmaneuver","Burst"],"picked":"Bouncing Flask","floor":7.0},{"not_picked":["Dagger Throw","Endless Agony"],"picked":"Footwork","floor":10.0},{"not_picked":["Quick Slash","Deadly Poison"],"picked":"Footwork","floor":13.0},{"not_picked":["Dagger Throw","Blade Dance","Poisoned Stab"],"picked":"SKIP","floor":18.0},{"not_picked":["Dagger Throw+1","Expertise","Predator"],"picked":"SKIP","floor":20.0},{"not_picked":["Dagger Throw","Distraction"],"picked":"Backflip","floor":22.0},{"not_picked":["Blade Dance","All Out Attack+1","Poisoned Stab"],"picked":"Singing Bowl","floor":27.0},{"not_picked":["Dodge and Roll+1","Quick Slash","Dagger Throw+1"],"picked":"Singing Bowl","floor":29.0},{"not_picked":["Grand Finale","Glass Knife","Doppelganger"],"picked":"Singing Bowl","floor":33.0},{"not_picked":["Prepared+1","Reflex","Bane"],"picked":"Singing Bowl","floor":35.0},{"not_picked":["Deflect","Setup+1"],"picked":"Catalyst+1","floor":37},{"not_picked":["Dagger Spray","Heel Hook+1","Bane+1"],"picked":"Singing Bowl","floor":38},{"not_picked":["Bane+1","Terror+1","Storm of Steel"],"picked":"Singing Bowl","floor":39},{"not_picked":["Blade Dance+1","Dagger Spray+1","Reflex+1"],"picked":"Singing Bowl","floor":41},{"not_picked":["Deflect+1","Finisher"],"picked":"Backflip+1","floor":45},{"not_picked":["Concentrate+1","Deflect+1"],"picked":"Deadly Poison+1","floor":48}],"player_experience":58623,"relics_obtained":[{"floor":7.0,"key":"Snake Skull"},{"floor":9.0,"key":"CeramicFish"},{"floor":13.0,"key":"Mummified Hand"},{"floor":24.0,"key":"Toy Ornithopter"},{"floor":26.0,"key":"Orichalcum"},{"floor":43,"key":"Toxic Egg 2"}],"event_choices":[{"cards_removed":["Strike_G"],"damage_healed":0.0,"max_hp_gain":0.0,"max_hp_loss":0.0,"gold_gain":0.0,"event_name":"Golden Wing","player_choice":"Card Removal","floor":2.0,"gold_loss":0.0,"damage_taken":7.0},{"damage_healed":0.0,"max_hp_gain":0.0,"max_hp_loss":0.0,"gold_gain":0.0,"event_name":"Upgrade Shrine","player_choice":"Upgraded","floor":3.0,"gold_loss":0.0,"damage_taken":0.0,"cards_upgraded":["Neutralize"]},{"damage_healed":0.0,"max_hp_gain":0.0,"max_hp_loss":0.0,"gold_gain":30.0,"event_name":"Dead Adventurer","player_choice":"Searched \u00272\u0027 times","floor":13.0,"gold_loss":0.0,"damage_taken":0.0},{"cards_removed":["Strike_G"],"damage_healed":0.0,"max_hp_gain":0.0,"max_hp_loss":0.0,"gold_gain":0.0,"event_name":"Living Wall","player_choice":"Forget","floor":14.0,"gold_loss":0.0,"damage_taken":0.0},{"damage_healed":0.0,"max_hp_gain":0.0,"max_hp_loss":0.0,"gold_gain":0.0,"event_name":"Addict","player_choice":"Obtained Relic","floor":21.0,"gold_loss":85.0,"damage_taken":0.0,"relics_obtained":["Singing Bowl"]},{"damage_healed":0.0,"max_hp_gain":5.0,"max_hp_loss":0.0,"gold_gain":0.0,"event_name":"Forgotten Altar","player_choice":"Shed Blood","floor":30.0,"gold_loss":0.0,"damage_taken":19.0},{"damage_healed":0.0,"max_hp_gain":0.0,"max_hp_loss":0.0,"gold_gain":0.0,"event_name":"Drug Dealer","player_choice":"Inject Mutagens","floor":31.0,"gold_loss":0.0,"damage_taken":0.0,"relics_obtained":["MutagenicStrength"]},{"cards_removed":["Bane"],"damage_healed":0,"gold_gain":0,"player_choice":"Removed Attack","damage_taken":0,"max_hp_gain":0,"max_hp_loss":0,"event_name":"Falling","floor":44,"gold_loss":0},{"damage_healed":0,"gold_gain":0,"player_choice":"Max HP","damage_taken":0,"max_hp_gain":0,"max_hp_loss":4,"event_name":"Winding Halls","floor":47,"gold_loss":0}],"is_beta":false,"boss_relics":[{"not_picked":["Snecko Eye","Philosopher\u0027s Stone"],"picked":"Astrolabe"},{"not_picked":["Black Star","HoveringKite"],"picked":"Fusion Hammer"}],"items_purged_floors":[12,19,36],"is_endless":false,"potions_floor_spawned":[4,13,20,27,35,38,39,45,48],"ascension_level":8}}