{"host":"kw4o7b3ro2ktmmbe","time":1610058262,"event":{"mods":["BaseMod","Evolution","Lobotomy","LobotomyExtend","Minty Spire (QoL Compilation)","StSLib"],"gold_per_floor":[367,642,109,120,137,137,149,149,149,168,168,186,197,209,209,306,306,319,319,331,246,208,208,219,239,312,325,325,341,1061,534,534,629,629,649,649,143,160,160,160,189,202,202,214,164,164,164],"floor_reached":3,"playtime":5442,"items_purged":["RecordCode","InformationCode"],"score":156,"play_id":"0db9eb85-e536-47d2-920d-09aa73bef5c6","local_time":"20210108112422","is_ascension_mode":false,"campfire_choices":[{"data":"Christmas","floor":40,"key":"SMITH"}],"circlet_count":0,"master_deck":["SpecialBullet","SpecialBullet","SpecialBullet","SpecialBullet","SpecialBullet","SpecialBullet","SpecialBullet","SpecialBullet","ExtractionCode","TrainingCode","QueenOfHatred","Regret","Regret_ego","Woodsman","Gaze","CherryBlossom","Scarecrow","GreenStem","OldLady","Christmas+1","VoidDream","OSAHOGD","GoldRush+1","Twilight+1","QueenBee","LongBird","Moonlight+1","Hornet+1","Alriune","Ecstasy+1","Heaven+1","CrumblingArmor","FourthMatchFlame+1","PunishingBird","Soda+1","CherryBlossoms","WallGazer","Twilight+1","GoldRush+1","ParadiseLost+1","GoldRush+1","CherryBlossom+1","MeltingLove","Mimicry+1","MHz","Christmas+1","RedShoes","DisciplinaryCode","LifeForTheDareDevil+1","Regret_ego+1","LittleHelper","Bloodbath"],"relics":["CogitoBucket","EVO:Axolotl","Blue Candle","ClockworkSouvenir","Strawberry","Boot","Eternal Feather","LuminousBracelet","SlaversCollar","BehaviorAdjustment","Vajra","Bottled Tornado","Bag of Marbles","Juzu Bracelet","DollysMirror","Coffee Dripper","FleshIdol","Kunai","Ancient Tea Set","Bottled Lightning","Frozen Egg 2","LaetitiaHeart","LetterFromLob"],"acts_visited":["Exordium","TheCity","TheBeyond"],"potions_floor_usage":[],"damage_taken":[{"damage":8.0,"enemies":"Small Slimes","floor":1.0,"turns":3.0},{"damage":6.0,"enemies":"Cultist","floor":4.0,"turns":3.0},{"damage":6.0,"enemies":"2 Louse","floor":5.0,"turns":2.0},{"damage":22.0,"enemies":"Red Slaver","floor":7.0,"turns":4.0},{"damage":20.0,"enemies":"Large Slime","floor":10.0,"turns":5.0},{"damage":43.0,"enemies":"3 Louse","floor":12.0,"turns":5.0},{"damage":11.0,"enemies":"2 Fungi Beasts","floor":13.0,"turns":3.0},{"damage":31.0,"enemies":"Large Slime","floor":14.0,"turns":9.0},{"damage":36.0,"enemies":"Slime Boss","floor":16.0,"turns":8.0},{"damage":17.0,"enemies":"3 Byrds","floor":18.0,"turns":4.0},{"damage":35.0,"enemies":"Spheric Guardian","floor":20.0,"turns":4.0},{"damage":1.0,"enemies":"Centurion and Healer","floor":24.0,"turns":3.0},{"damage":4.0,"enemies":"Sentry and Sphere","floor":25.0,"turns":3.0},{"damage":60.0,"enemies":"Chosen and Byrds","floor":27.0,"turns":5.0},{"damage":1.0,"enemies":"Snecko","floor":29.0,"turns":3.0},{"damage":66.0,"enemies":"Collector","floor":33.0,"turns":5.0},{"damage":105.0,"enemies":"3 Shapes","floor":35.0,"turns":8.0},{"damage":0.0,"enemies":"Orb Walker","floor":38.0,"turns":1.0},{"damage":6,"enemies":"Nemesis","floor":41,"turns":2},{"damage":0,"enemies":"4 Shapes","floor":42,"turns":1},{"damage":0,"enemies":"4 Shapes","floor":44,"turns":1},{"damage":0,"enemies":"2 Louse","floor":1,"turns":1}],"seed_played":"4855766800796210491","potions_obtained":[{"floor":5.0,"key":"Fire Potion"},{"floor":7.0,"key":"GamblersBrew"},{"floor":10.0,"key":"EssenceOfSteel"},{"floor":24.0,"key":"LiquidMemories"},{"floor":25.0,"key":"SpeedPotion"},{"floor":35.0,"key":"DistilledChaos"},{"floor":41,"key":"CultistPotion"}],"is_trial":false,"path_per_floor":["M","?","$","M","M","R","M","?","T","M","R","M","M","M","R","B",null,"M","?","M","?","$","R","M","M","T","M","R","M","?","$","R","B",null,"M","?","$","M","?","R","E","M","T","?","M","?","?"],"character_chosen":"Angela","items_purchased":["Blue Candle","ClockworkSouvenir","Strawberry","Ecstasy+1","Bag of Marbles","Juzu Bracelet","DollysMirror","Kunai","Ancient Tea Set"],"campfire_rested":0,"item_purchase_floors":[3,3,3,22,31,31,31,37,37],"current_hp_per_floor":[41,41,48,48,48,48,41,41,41,55,64,80,97,106,108,112,112,116,116,120,120,120,120,124,125,125,118,132,136,54,54,78,75,140,139,139,139,148,148,148,152,156,156,5,5,0,0],"gold":164,"neow_bonus":"TWO_FIFTY_GOLD","is_daily":false,"chose_seed":false,"campfire_upgraded":1,"win_rate":0.0,"timestamp":1610058262,"path_taken":["M","?","$","M","?","R","M","?","T","M","R","?","M","M","R","BOSS","M","?","M","?","$","R","M","M","T","M","R","M","?","$","R","BOSS","M","?","$","M","?","R","E","M","T","?","M","?","?"],"items_purchased_type":["Relic","Relic","Relic","Card","Relic","Relic","Relic","Relic","Relic"],"build_version":"2020-12-22","purchased_purges":2,"victory":false,"max_hp_per_floor":[70,70,77,77,77,77,77,77,77,81,81,100,104,108,108,112,112,116,116,120,120,120,120,124,128,128,132,132,136,136,136,136,140,140,144,144,144,148,148,148,152,156,156,5,5,5,5],"card_choices":[{"not_picked":["VoidDream","ShyLook"],"picked":"QueenOfHatred","floor":1.0},{"not_picked":["Noise","CherryBlossom"],"picked":"SKIP","floor":1.0},{"not_picked":["Loneliness","Diffraction"],"picked":"SKIP","floor":1.0},{"not_picked":["InTheNameOfLoveAndHate"],"picked":"Regret_ego","floor":4.0},{"not_picked":["Discord","Penitence"],"picked":"SKIP","floor":4.0},{"not_picked":["Discord","Penitence"],"picked":"SKIP","floor":4.0},{"not_picked":["MeatLantern","PunishingBird"],"picked":"Woodsman","floor":5.0},{"not_picked":["Noise","Penitence"],"picked":"SKIP","floor":5.0},{"not_picked":["Noise"],"picked":"Gaze","floor":7.0},{"not_picked":["Wingbeat","RapturousDream"],"picked":"SKIP","floor":7.0},{"not_picked":["GrinderMk4"],"picked":"CherryBlossom","floor":10.0},{"not_picked":["BigBadWolf","MHz"],"picked":"Scarecrow","floor":10.0},{"not_picked":["Horn","Amita"],"picked":"SKIP","floor":10.0},{"not_picked":["SwordSharpenedByTears","Lantern"],"picked":"GreenStem","floor":12.0},{"not_picked":["GreedKing","WhitesApple"],"picked":"OldLady","floor":12.0},{"not_picked":["Heaven","Tough"],"picked":"Christmas","floor":13.0},{"not_picked":["LittlePrince","SpiderBud"],"picked":"VoidDream","floor":13.0},{"not_picked":["Beak","CherryBlossom"],"picked":"MagicBullet","floor":14.0},{"not_picked":["BeautyBeast","ShyLook"],"picked":"OSAHOGD","floor":14.0},{"not_picked":["DaCapo+1","TheSmile+1"],"picked":"GoldRush+1","floor":16.0},{"not_picked":["CENSORED_ego+1","SoundOfStar+1"],"picked":"Twilight+1","floor":16.0},{"not_picked":["PunishingBird","LittlePrince"],"picked":"QueenBee","floor":16.0},{"not_picked":["Funeral","LaLuna","Murderer"],"picked":"Singing Bowl","floor":18.0},{"not_picked":["Wellcheers","SpiderBud"],"picked":"LongBird","floor":18.0},{"not_picked":["Amita+1","Harmony+1"],"picked":"Moonlight+1","floor":18.0},{"not_picked":["Penitence+1","Beak+1"],"picked":"Hornet+1","floor":20.0},{"not_picked":["MHz","Variant"],"picked":"Alriune","floor":20.0},{"not_picked":["BearPaw+1","SwordSharpenedByTears+1"],"picked":"Heaven+1","floor":24.0},{"not_picked":["FairyFestival","BeautyBeast","Funeral"],"picked":"Singing Bowl","floor":24.0},{"not_picked":["BeautyBeast","FairyFestival"],"picked":"CrumblingArmor","floor":24.0},{"not_picked":["Lantern+1","Justitia+1"],"picked":"FourthMatchFlame+1","floor":25.0},{"not_picked":["Scorched","Freischutz"],"picked":"PunishingBird","floor":25.0},{"not_picked":["Tough+1","Wingbeat+1"],"picked":"Soda+1","floor":27.0},{"not_picked":["FairyFestival","WhitesApple","SpiderBud"],"picked":"Singing Bowl","floor":27.0},{"not_picked":["ShyLook","Mercenary"],"picked":"CherryBlossoms","floor":27.0},{"not_picked":["SomewhereSpear+1","Laetitia_ego+1","Penitence+1"],"picked":"SKIP","floor":27.0},{"not_picked":["HeroicMonk","BeautyBeast"],"picked":"WallGazer","floor":29.0},{"not_picked":["Harvest+1","Diffraction+1"],"picked":"Twilight+1","floor":29.0},{"not_picked":["SoundOfStar+1","Pinks+1"],"picked":"ParadiseLost+1","floor":33.0},{"not_picked":["Twilight+1","SoundOfStar+1"],"picked":"GoldRush+1","floor":33.0},{"not_picked":["HappyTeddy","LittleHelper"],"picked":"BodiesMountain","floor":33.0},{"not_picked":["SomewhereSpear+1","BlueScar+1"],"picked":"CherryBlossom+1","floor":35.0},{"not_picked":["ShyLook","Funeral","UniverseFragment"],"picked":"Singing Bowl","floor":35.0},{"not_picked":["WhitesApple","SilentOrchestra"],"picked":"MeltingLove","floor":35.0},{"not_picked":["Gaze+1","RapturousDream+1","Loneliness+1"],"picked":"SKIP","floor":35.0},{"not_picked":["Penitence+1","Wingbeat+1"],"picked":"Mimicry+1","floor":38.0},{"not_picked":["MeatLantern","UniverseFragment"],"picked":"MHz","floor":38.0},{"not_picked":["ParadiseLost+1","Horn+1"],"picked":"Christmas+1","floor":41},{"not_picked":["BlueStar","Yin"],"picked":"RedShoes","floor":41},{"not_picked":["CUTE+1","RapturousDream+1","TodaysExpression+1"],"picked":"SKIP","floor":41},{"not_picked":["Lantern+1","Discord+1","Gaze+1"],"picked":"SKIP","floor":41},{"not_picked":["TodaysExpression+1","FourthMatchFlame+1"],"picked":"LifeForTheDareDevil+1","floor":42},{"not_picked":["Wingbeat+1","TodaysExpression+1"],"picked":"Regret_ego+1","floor":42},{"not_picked":["Porccubus","HeroicMonk"],"picked":"LittleHelper","floor":42},{"not_picked":["GalaxyChild","UniverseFragment","MeatLantern"],"picked":"Singing Bowl","floor":1},{"not_picked":["FairyFestival","Scorched"],"picked":"Bloodbath","floor":1},{"not_picked":["Harmony+1","Loneliness+1","Spore+1"],"picked":"SKIP","floor":1},{"not_picked":["Penitence+1","Loneliness+1","CUTE+1"],"picked":"SKIP","floor":1},{"not_picked":["Harmony+1","Loneliness+1","Spore+1"],"picked":"SKIP","floor":1},{"not_picked":["Penitence+1","Loneliness+1","CUTE+1"],"picked":"SKIP","floor":1}],"player_experience":1833100,"relics_obtained":[{"floor":1.0,"key":"LetterFromLob"},{"floor":8.0,"key":"Boot"},{"floor":9.0,"key":"Eternal Feather"},{"floor":26.0,"key":"Bottled Tornado"},{"floor":41,"key":"Bottled Lightning"},{"floor":43,"key":"Frozen Egg 2"},{"floor":1,"key":"LetterFromLob"}],"event_choices":[{"damage_healed":0.0,"max_hp_gain":0.0,"max_hp_loss":0.0,"gold_gain":275.0,"event_name":"Golden Shrine","player_choice":"Desecrate","floor":2.0,"gold_loss":0.0,"damage_taken":0.0,"cards_obtained":["Regret"]},{"damage_healed":0.0,"max_hp_gain":0.0,"max_hp_loss":0.0,"gold_gain":0.0,"event_name":"Wheel of Change","player_choice":"Relic","floor":8.0,"gold_loss":0.0,"damage_taken":0.0},{"damage_healed":0.0,"max_hp_gain":0.0,"max_hp_loss":0.0,"gold_gain":0.0,"event_name":"Ghosts","player_choice":"Ignored","floor":19.0,"gold_loss":0.0,"damage_taken":0.0},{"damage_healed":0.0,"max_hp_gain":0.0,"max_hp_loss":0.0,"gold_gain":0.0,"event_name":"Addict","player_choice":"Obtained Relic","floor":21.0,"gold_loss":85.0,"damage_taken":0.0,"relics_obtained":["Vajra"]},{"damage_healed":0.0,"max_hp_gain":0.0,"max_hp_loss":0.0,"gold_gain":720.0,"event_name":"Knowing Skull","player_choice":"GOLD GOLD GOLD GOLD GOLD GOLD GOLD GOLD ","floor":30.0,"potions_obtained":[],"gold_loss":0.0,"damage_taken":82.0,"cards_obtained":[]},{"damage_healed":0.0,"max_hp_gain":0.0,"max_hp_loss":0.0,"gold_gain":0.0,"event_name":"NoteForYourself","player_choice":"Ignored","floor":36.0,"gold_loss":0.0,"damage_taken":0.0},{"cards_removed":["MagicBullet"],"damage_healed":0.0,"max_hp_gain":0.0,"max_hp_loss":0.0,"gold_gain":0.0,"event_name":"Falling","player_choice":"Removed Attack","floor":39.0,"gold_loss":0.0,"damage_taken":0.0},{"cards_removed":["BodiesMountain"],"damage_healed":0,"gold_gain":0,"player_choice":"Card Removal","damage_taken":0,"max_hp_gain":0,"max_hp_loss":0,"event_name":"The Cleric","floor":2,"gold_loss":50},{"damage_healed":0,"gold_gain":0,"player_choice":"Entered Light","damage_taken":1,"max_hp_gain":0,"max_hp_loss":0,"event_name":"Shining Light","floor":3,"gold_loss":0,"cards_upgraded":["Gaze","CherryBlossom"]}],"is_beta":false,"boss_relics":[{"not_picked":["Runic Dome","Calling Bell"],"picked":"SlaversCollar"},{"not_picked":["Cursed Key","Busted Crown"],"picked":"Coffee Dripper"}],"items_purged_floors":[31,37],"is_endless":false,"potions_floor_spawned":[5,7,10,24,25,35,41,1],"ascension_level":0}}