{"host":"gk5m6v7zec9neb0j","time":1610002296,"event":{"mods":["AchievementEnabler","AlwaysNeverKeys","BaseMod","BetterRewards","Block Reminder","Minty Spire (QoL Compilation)","Rare Cards Sparkle","Relic Stats","StSLib"],"gold_per_floor":[124,149,29,55,55,55,67,67,67,67,50,50,50,34,34,130,130,150,174,194,221,121,155,155,196,196,196,219,129,146,54,54,153,153,173,192,70,125,148,177,191,191,216,241,43,93,118,18,18,18,18,18,18,53,53],"floor_reached":56,"playtime":2446,"items_purged":["Strike_G","Strike_G","Poisoned Stab"],"score":1638,"play_id":"33df607d-09dc-4557-bd71-ee25b7718563","local_time":"20210107015136","is_ascension_mode":false,"campfire_choices":[{"data":"Neutralize","floor":6,"key":"SMITH"},{"data":"Footwork","floor":8,"key":"SMITH"},{"data":"Cloak And Dagger","floor":10,"key":"SMITH"},{"data":"Cloak And Dagger","floor":12,"key":"SMITH"},{"floor":15,"key":"REST"},{"data":"Footwork","floor":24,"key":"SMITH"},{"data":"Blade Dance","floor":27,"key":"SMITH"},{"data":"A Thousand Cuts","floor":32,"key":"SMITH"},{"data":"Terror","floor":42,"key":"SMITH"},{"data":"Accuracy","floor":49,"key":"SMITH"},{"data":"Blur","floor":52,"key":"SMITH"}],"circlet_count":0,"master_deck":["Defend_G","Defend_G","Defend_G+1","Defend_G+1","Survivor","Neutralize+1","Footwork+1","Dagger Spray","Blade Dance+1","Cloak And Dagger+1","Cloak And Dagger+1","Dodge and Roll+1","Deflect+1","Blur+1","Footwork+1","Expertise+1","Blade Dance+1","Terror+1","A Thousand Cuts+1","Poisoned Stab","Escape Plan+1","Blade Dance+1","Accuracy+1"],"relics":["Ring of the Snake","Ninja Scroll","Tough Bandages","CeramicFish","Kunai","Sozu","Darkstone Periapt","Red Mask","The Courier","Orrery","Empty Cage","Medical Kit","Bird Faced Urn","Omamori","Peace Pipe","War Paint","Mummified Hand","Unceasing Top","Toy Ornithopter","Ornamental Fan"],"acts_visited":["Exordium","TheCity","TheBeyond","TheEnding"],"potions_floor_usage":[],"damage_taken":[{"damage":0,"enemies":"Small Slimes","floor":1,"turns":4},{"damage":0,"enemies":"Jaw Worm","floor":2,"turns":4},{"damage":0,"enemies":"2 Louse","floor":4,"turns":2},{"damage":0,"enemies":"Red Slaver","floor":7,"turns":3},{"damage":14,"enemies":"Hexaghost","floor":16,"turns":20},{"damage":0,"enemies":"3 Byrds","floor":18,"turns":6},{"damage":0,"enemies":"Chosen","floor":19,"turns":5},{"damage":0,"enemies":"Snecko","floor":20,"turns":7},{"damage":0,"enemies":"Centurion and Healer","floor":21,"turns":13},{"damage":6,"enemies":"Gremlin Leader","floor":23,"turns":15},{"damage":9,"enemies":"Masked Bandits","floor":25,"turns":10},{"damage":0,"enemies":"Cultist and Chosen","floor":28,"turns":9},{"damage":0,"enemies":"3 Cultists","floor":30,"turns":7},{"damage":0,"enemies":"Collector","floor":33,"turns":9},{"damage":0,"enemies":"Orb Walker","floor":35,"turns":4},{"damage":0,"enemies":"3 Darklings","floor":36,"turns":3},{"damage":8,"enemies":"2 Orb Walkers","floor":38,"turns":4},{"damage":0,"enemies":"Nemesis","floor":40,"turns":7},{"damage":0,"enemies":"Jaw Worm Horde","floor":41,"turns":3},{"damage":0,"enemies":"4 Shapes","floor":44,"turns":7},{"damage":0,"enemies":"Mind Bloom Boss Battle","floor":46,"turns":3},{"damage":0,"enemies":"Giant Head","floor":47,"turns":5},{"damage":0,"enemies":"Awakened One","floor":50,"turns":10},{"damage":0,"enemies":"Shield and Spear","floor":54,"turns":9},{"damage":34,"enemies":"The Heart","floor":55,"turns":11}],"seed_played":"-3333754620351910669","potions_obtained":[],"is_trial":false,"path_per_floor":["M","M","$","M","?","R","M","R","T","R","$","R","?","$","R","B",null,"M","M","M","M","$","E","R","?","T","R","M","?","M","$","R","B",null,"M","M","$","?","T","E","M","R","T","M","$","?","E","$","R","B",null,"R","$","E","B",null],"character_chosen":"THE_SILENT","items_purchased":["Ninja Scroll","Footwork","CeramicFish","Cloak And Dagger","Dodge and Roll","Deflect","Orrery","Medical Kit","Mummified Hand"],"campfire_rested":1,"item_purchase_floors":[0,0,0,3,11,14,31,37,45],"current_hp_per_floor":[41,41,41,41,41,41,41,41,41,41,41,41,27,27,48,34,70,70,70,70,70,70,64,64,55,55,55,55,55,55,55,55,55,70,70,70,70,62,62,68,70,70,70,70,70,70,70,70,70,70,70,70,70,70,41],"gold":53,"neow_bonus":"","is_daily":false,"chose_seed":false,"campfire_upgraded":10,"win_rate":0.0,"timestamp":1610002296,"path_taken":["M","M","$","M","?","R","M","R","T","R","$","R","?","?","R","BOSS","M","M","M","M","$","E","R","?","T","R","M","?","?","$","R","BOSS","M","M","$","?","?","E","?","R","T","M","$","?","E","$","R","BOSS","R","$","E","BOSS"],"items_purchased_type":["Relic","Card","Relic","Card","Card","Card","Relic","Relic","Relic"],"build_version":"2020-12-22","purchased_purges":3,"victory":true,"max_hp_per_floor":[70,70,70,70,70,70,70,70,70,70,70,70,70,70,70,70,70,70,70,70,70,70,70,70,70,70,70,70,70,70,70,70,70,70,70,70,70,70,70,70,70,70,70,70,70,70,70,70,70,70,70,70,70,70,70],"relic_stats":{"Darkstone Periapt":0,"counters":[197,1176],"CeramicFish":153,"War Paint":["Defend_G","Expertise"],"Medical Kit":[13],"Sozu":2,"Peace Pipe":0,"Tough Bandages":[57],"Mummified Hand":[180],"Ornamental Fan":[60],"Bird Faced Urn":[13],"Kunai":[179],"obtain_stats":[{"Ice Cream":7,"Calipers":13,"CeramicFish":0,"HoveringKite":34,"Vajra":43,"Ginger":0,"Whetstone":11,"Bottled Tornado":43,"Blood Vial":17,"Sozu":34,"Sundial":24,"DollysMirror":4,"Strawberry":26,"Prayer Wheel":38,"Kunai":0,"Toxic Egg 2":28,"Happy Flower":13,"Astrolabe":34,"Oddly Smooth Stone":0,"Eternal Feather":54,"War Paint":43,"Question Card":48,"Bottled Flame":25,"Shuriken":0,"Bronze Scales":10,"MutagenicStrength":19,"Bird Faced Urn":38,"Molten Egg 2":9,"Black Star":17,"StrikeDummy":27,"Unceasing Top":46,"Meat on the Bone":17,"Pocketwatch":17,"Darkstone Periapt":23,"Regal Pillow":9,"Torii":0,"Singing Bowl":43,"Enchiridion":22,"Juzu Bracelet":43,"Ancient Tea Set":4,"Empty Cage":17,"ClockworkSouvenir":20,"Tough Bandages":25,"Nunchaku":31,"Matryoshka":37,"WristBlade":34,"Mummified Hand":30,"Ninja Scroll":0,"Pantograph":12,"Tiny Chest":26,"WingedGreaves":17,"Red Mask":47,"Chemical X":37,"InkBottle":54,"Ring of the Snake":0,"Potion Belt":9,"Golden Idol":3,"The Courier":26,"Omamori":39,"Medical Kit":37,"White Beast Statue":9,"Peace Pipe":9,"Calling Bell":17,"Ornamental Fan":0,"Bloody Idol":31,"Orrery":0,"Turnip":38,"Art of War":17,"Bottled Lightning":43,"Membership Card":36,"Toy Ornithopter":27},{"Ice Cream":11,"Calipers":154,"CeramicFish":172,"HoveringKite":21,"Vajra":91,"Ginger":97,"Whetstone":100,"Bottled Tornado":52,"Blood Vial":129,"Sozu":136,"Sundial":44,"DollysMirror":123,"Strawberry":107,"Prayer Wheel":138,"Kunai":31,"Toxic Egg 2":108,"Happy Flower":12,"Astrolabe":86,"Oddly Smooth Stone":122,"Eternal Feather":146,"War Paint":191,"Question Card":94,"Bottled Flame":16,"Shuriken":97,"Bronze Scales":36,"MutagenicStrength":156,"Bird Faced Urn":189,"Molten Egg 2":151,"Black Star":13,"StrikeDummy":17,"Unceasing Top":193,"Meat on the Bone":80,"Pocketwatch":129,"Darkstone Periapt":182,"Regal Pillow":36,"Torii":31,"Singing Bowl":116,"Enchiridion":68,"Juzu Bracelet":141,"Ancient Tea Set":2,"Empty Cage":103,"ClockworkSouvenir":41,"Tough Bandages":16,"Nunchaku":85,"Matryoshka":137,"WristBlade":112,"Mummified Hand":110,"Ninja Scroll":172,"Pantograph":11,"Tiny Chest":16,"WingedGreaves":80,"Red Mask":54,"Chemical X":22,"InkBottle":57,"Ring of the Snake":0,"Potion Belt":3,"Golden Idol":2,"The Courier":183,"Omamori":189,"Medical Kit":188,"White Beast Statue":11,"Peace Pipe":62,"Calling Bell":80,"Ornamental Fan":72,"Bloody Idol":161,"Orrery":58,"Turnip":116,"Art of War":80,"Bottled Lightning":24,"Membership Card":163,"Toy Ornithopter":17},{"Ice Cream":57,"Calipers":823,"CeramicFish":996,"HoveringKite":124,"Vajra":558,"Ginger":599,"Whetstone":611,"Bottled Tornado":309,"Blood Vial":722,"Sozu":746,"Sundial":249,"DollysMirror":699,"Strawberry":637,"Prayer Wheel":755,"Kunai":183,"Toxic Egg 2":643,"Happy Flower":68,"Astrolabe":533,"Oddly Smooth Stone":696,"Eternal Feather":781,"War Paint":1131,"Question Card":574,"Bottled Flame":94,"Shuriken":599,"Bronze Scales":206,"MutagenicStrength":843,"Bird Faced Urn":1121,"Molten Egg 2":801,"Black Star":79,"StrikeDummy":100,"Unceasing Top":1141,"Meat on the Bone":500,"Pocketwatch":722,"Darkstone Periapt":1075,"Regal Pillow":206,"Torii":183,"Singing Bowl":676,"Enchiridion":435,"Juzu Bracelet":766,"Ancient Tea Set":5,"Empty Cage":621,"ClockworkSouvenir":234,"Tough Bandages":94,"Nunchaku":521,"Matryoshka":750,"WristBlade":661,"Mummified Hand":652,"Ninja Scroll":996,"Pantograph":57,"Tiny Chest":94,"WingedGreaves":500,"Red Mask":329,"Chemical X":129,"InkBottle":364,"Ring of the Snake":0,"Potion Belt":9,"Golden Idol":5,"The Courier":1085,"Omamori":1121,"Medical Kit":1117,"White Beast Statue":57,"Peace Pipe":387,"Calling Bell":500,"Ornamental Fan":459,"Bloody Idol":873,"Orrery":367,"Turnip":676,"Art of War":500,"Bottled Lightning":139,"Membership Card":899,"Toy Ornithopter":100}],"Unceasing Top":[18],"Toy Ornithopter":19,"Ring of the Snake":[394]},"card_choices":[{"not_picked":["Eviscerate","Noxious Fumes"],"picked":"Dagger Spray","floor":1},{"not_picked":["Predator","Dagger Spray"],"picked":"Blade Dance","floor":2},{"not_picked":["Dodge and Roll","Bane"],"picked":"Cloak And Dagger","floor":4},{"not_picked":["Choke","Flying Knee","Slice"],"picked":"SKIP","floor":7},{"not_picked":["Quick Slash","Bane","Riddle With Holes"],"picked":"SKIP","floor":18},{"not_picked":["Dagger Spray","Cloak And Dagger"],"picked":"Blur","floor":19},{"not_picked":["Bane+1","Distraction+1","Deadly Poison"],"picked":"SKIP","floor":20},{"not_picked":["Choke","Quick Slash"],"picked":"Footwork","floor":21},{"not_picked":["Slice","Flying Knee"],"picked":"Expertise","floor":23},{"not_picked":["Acrobatics+1","Dagger Throw"],"picked":"Blade Dance+1","floor":25},{"not_picked":["Sucker Punch","Slice"],"picked":"Poisoned Stab","floor":28},{"not_picked":["Dagger Throw","Crippling Poison","Dash"],"picked":"SKIP","floor":30},{"not_picked":["Grand Finale","Outmaneuver"],"picked":"Terror","floor":31},{"not_picked":["Dodge and Roll+1","Leg Sweep+1"],"picked":"A Thousand Cuts","floor":31},{"not_picked":["Expertise","Concentrate"],"picked":"Poisoned Stab","floor":31},{"not_picked":["Heel Hook+1","Flying Knee+1"],"picked":"Escape Plan+1","floor":35},{"not_picked":["Concentrate","Blur","Bouncing Flask+1"],"picked":"SKIP","floor":36},{"not_picked":["Flechettes+1","Dagger Throw+1"],"picked":"Blade Dance+1","floor":38},{"not_picked":["Prepared+1","Deadly Poison+1","Quick Slash"],"picked":"SKIP","floor":40},{"not_picked":["Slice+1","Terror","Predator"],"picked":"SKIP","floor":41},{"not_picked":["Crippling Poison","Outmaneuver"],"picked":"Accuracy","floor":44},{"not_picked":["Dagger Throw+1","Glass Knife","Predator+1"],"picked":"SKIP","floor":47},{"not_picked":["Noxious Fumes","Eviscerate+1","Backstab+1"],"picked":"SKIP","floor":54}],"player_experience":739193,"relics_obtained":[{"floor":9,"key":"Kunai"},{"floor":23,"key":"Darkstone Periapt"},{"floor":25,"key":"Red Mask"},{"floor":26,"key":"The Courier"},{"floor":38,"key":"Bird Faced Urn"},{"floor":39,"key":"Omamori"},{"floor":40,"key":"Peace Pipe"},{"floor":43,"key":"War Paint"},{"floor":46,"key":"Unceasing Top"},{"floor":47,"key":"Toy Ornithopter"},{"floor":54,"key":"Ornamental Fan"}],"event_choices":[{"cards_removed":["Strike_G"],"damage_healed":0,"gold_gain":0,"player_choice":"Forget","damage_taken":0,"max_hp_gain":0,"max_hp_loss":0,"event_name":"Living Wall","floor":5,"gold_loss":0},{"damage_healed":0,"gold_gain":0,"player_choice":"Entered Light","damage_taken":14,"max_hp_gain":0,"max_hp_loss":0,"event_name":"Shining Light","floor":13,"gold_loss":0,"cards_upgraded":["Dodge and Roll","Defend_G"]},{"damage_healed":0,"gold_gain":0,"player_choice":"Fought Bandits","damage_taken":0,"max_hp_gain":0,"max_hp_loss":0,"event_name":"Masked Bandits","floor":25,"gold_loss":0},{"cards_removed":["Strike_G"],"damage_healed":0,"gold_gain":0,"player_choice":"Upgrade and Remove","damage_taken":0,"max_hp_gain":0,"max_hp_loss":0,"event_name":"Designer","floor":29,"gold_loss":90,"cards_upgraded":["Deflect"]},{"damage_healed":0,"gold_gain":0,"player_choice":"Fight","damage_taken":0,"max_hp_gain":0,"max_hp_loss":0,"event_name":"Mysterious Sphere","floor":38,"gold_loss":0},{"damage_healed":0,"gold_gain":0,"player_choice":"Fight","damage_taken":0,"max_hp_gain":0,"max_hp_loss":0,"event_name":"MindBloom","floor":46,"gold_loss":0}],"is_beta":false,"boss_relics":[{"not_picked":["Pandora\u0027s Box","Astrolabe"],"picked":"Sozu"},{"not_picked":["Velvet Choker","SacredBark"],"picked":"Empty Cage"}],"items_purged_floors":[3,22,48],"is_endless":false,"potions_floor_spawned":[1,16,18,21,23,28,30,35,36,38,41,47],"ascension_level":0}}