{"host":"dzit4ljil6490tuf","time":1610061463,"event":{"mods":["BaseMod","Downfall","Hermit","Hubris","Marisa????????","Minty Spire (QoL Compilation)","StSLib","The Cursed","The Runesmith","The Servant 0.9.4"],"gold_per_floor":[99,111,111,111,131,18,41,57,57,57,57],"floor_reached":9,"playtime":311,"items_purged":[],"score":54,"play_id":"b22cf47e-52e3-4274-9ea3-6408c13994b5","local_time":"20210108001743","is_ascension_mode":true,"campfire_choices":[{"data":"champ:Taunt","floor":1,"key":"SMITH"}],"circlet_count":0,"master_deck":["champ:Strike","champ:Strike+1","champ:Strike","champ:Strike","champ:Defend","champ:Defend","champ:Defend","champ:Defend","champ:Execute+1","champ:Taunt+1","champ:FlashCut+1","Regret","champ:GladiatorsShout","champ:PreciseThrust","champ:CrookedStrike","champ:StanceDance","champ:BerserkerStyle"],"relics":["champ:ChampionCrown","downfall:ShatteredFragment","hubris:SlimyHat"],"acts_visited":["Exordium"],"potions_floor_usage":[],"damage_taken":[{"damage":7,"enemies":"2 Louse","floor":2,"turns":3},{"damage":9,"enemies":"Small Slimes","floor":5,"turns":2},{"damage":13,"enemies":"downfall:FleeingMerchant","floor":6,"turns":4},{"damage":10,"enemies":"Jaw Worm","floor":8,"turns":3},{"damage":14,"enemies":"3 Sentries","floor":9,"turns":3}],"seed_played":"-5402924934872082127","potions_obtained":[],"is_trial":false,"path_per_floor":["R","M","?","?","M","$","T","M","E"],"character_chosen":"THE_CHAMP","items_purchased":["champ:CrookedStrike","champ:StanceDance"],"campfire_rested":0,"item_purchase_floors":[6,6],"current_hp_per_floor":[99,97,97,70,66,58,58,48,34,34,34],"gold":57,"neow_bonus":"TEN_PERCENT_HP_BONUS","is_daily":false,"chose_seed":false,"campfire_upgraded":1,"win_rate":0.0,"timestamp":1610061463,"path_taken":["R","M","?","?","M","$","T","M","E"],"items_purchased_type":["Card","Card"],"build_version":"2020-12-22","purchased_purges":0,"victory":false,"max_hp_per_floor":[99,99,99,99,99,99,99,99,99,99,99],"card_choices":[{"not_picked":["champ:DefensiveShout","champ:BerserkersShout"],"picked":"champ:FlashCut","floor":2},{"not_picked":["champ:Circumvent","champ:SkillfulDodge"],"picked":"champ:GladiatorsShout","floor":5},{"not_picked":["champ:DefensiveShout","champ:Duel"],"picked":"champ:PreciseThrust","floor":6},{"not_picked":["champ:TornadoPunch","champ:StanceDance"],"picked":"champ:BerserkerStyle","floor":8}],"player_experience":553542,"relics_obtained":[{"floor":7,"key":"hubris:SlimyHat"}],"event_choices":[],"is_beta":false,"boss_relics":[],"items_purged_floors":[],"is_endless":false,"potions_floor_spawned":[],"killed_by":"3 Sentries","ascension_level":1}}