{"host":"J","time":1610021247,"event":{"mods":["BaseMod","Better Third Choice","Minty Spire (QoL Compilation)","StSLib"],"gold_per_floor":[116,266,266,55,80,80,110,110,165,192,117,150,163,2,2,75,75,87,106,21,21,21,21],"floor_reached":22,"playtime":457,"items_purged":["Doubt"],"score":496,"play_id":"16954cda-f242-4c13-9b99-dffcd9e880d8","local_time":"20210107130727","is_ascension_mode":true,"campfire_choices":[{"data":"Backstab","floor":6,"key":"SMITH"},{"data":"Neutralize","floor":8,"key":"SMITH"},{"data":"All Out Attack","floor":15,"key":"SMITH"}],"circlet_count":0,"master_deck":["AscendersBane","Strike_G","Defend_G","Defend_G","Defend_G","Defend_G","Defend_G","Survivor","Neutralize+1","Quick Slash+1","Backstab+1","Dagger Throw","Poisoned Stab","All Out Attack+1","Blade Dance","Venomology","Blade Dance+1","Poisoned Stab+1","Night Terror+1","Concentrate","Acrobatics"],"relics":["Ring of the Snake","NeowsBlessing","Bag of Marbles","Blue Candle","Omamori","PreservedInsect","Juzu Bracelet","OrangePellets","Astrolabe","Lantern"],"acts_visited":["Exordium","TheCity"],"potions_floor_usage":[16],"damage_taken":[{"damage":0,"enemies":"Jaw Worm","floor":1,"turns":1},{"damage":0,"enemies":"Gremlin Nob","floor":7,"turns":1},{"damage":0,"enemies":"Lagavulin","floor":10,"turns":1},{"damage":9,"enemies":"3 Sentries","floor":12,"turns":8},{"damage":0,"enemies":"2 Louse","floor":13,"turns":1},{"damage":8,"enemies":"Slime Boss","floor":16,"turns":7},{"damage":16,"enemies":"Shell Parasite","floor":18,"turns":3},{"damage":8,"enemies":"2 Thieves","floor":19,"turns":4},{"damage":42,"enemies":"Cultist and Chosen","floor":22,"turns":5}],"seed_played":"7141720713779738425","potions_obtained":[{"floor":1,"key":"FearPotion"},{"floor":16,"key":"Dexterity Potion"}],"is_trial":false,"path_per_floor":["M","?","?","$","T","R","E","R","T","E","?","E","M","$","R","B",null,"M","M","?","$","M"],"character_chosen":"THE_SILENT","items_purchased":["Backstab","Dagger Throw","OrangePellets"],"campfire_rested":0,"item_purchase_floors":[4,4,14],"current_hp_per_floor":[59,59,59,59,59,59,59,59,59,59,59,50,50,50,50,42,60,44,36,36,36,0,0],"gold":21,"neow_bonus":"THREE_ENEMY_KILL","is_daily":false,"chose_seed":false,"campfire_upgraded":3,"win_rate":0.0,"timestamp":1610021247,"path_taken":["M","?","?","$","?","R","E","R","T","E","?","E","M","$","R","BOSS","M","M","?","$","M"],"items_purchased_type":["Card","Card","Relic"],"build_version":"2020-12-18","purchased_purges":1,"victory":false,"max_hp_per_floor":[66,66,66,66,66,66,66,66,66,66,66,66,66,66,66,66,66,66,66,66,66,66,66],"card_choices":[{"not_picked":["Footwork","Expertise"],"picked":"Quick Slash","floor":1},{"not_picked":["Outmaneuver","Bane"],"picked":"Poisoned Stab","floor":7},{"not_picked":["Dagger Throw","Escape Plan"],"picked":"All Out Attack","floor":10},{"not_picked":["Escape Plan","Finisher"],"picked":"Blade Dance","floor":12},{"not_picked":["Crippling Poison","Flying Knee","Dagger Throw"],"picked":"SKIP","floor":13},{"not_picked":["Storm of Steel","Wraith Form v2"],"picked":"Venomology","floor":16},{"not_picked":["Outmaneuver","Sucker Punch"],"picked":"Concentrate","floor":18},{"not_picked":["Deadly Poison","Outmaneuver"],"picked":"Acrobatics","floor":19}],"player_experience":1071789,"relics_obtained":[{"floor":5,"key":"Bag of Marbles"},{"floor":7,"key":"Blue Candle"},{"floor":9,"key":"Omamori"},{"floor":10,"key":"PreservedInsect"},{"floor":12,"key":"Juzu Bracelet"}],"event_choices":[{"damage_healed":0,"gold_gain":150,"player_choice":"AGREE","damage_taken":116,"max_hp_gain":0,"max_hp_loss":0,"event_name":"betterThird:BetterSerpent","floor":2,"gold_loss":0},{"damage_healed":0,"gold_gain":0,"player_choice":"Grow","damage_taken":0,"max_hp_gain":0,"max_hp_loss":0,"event_name":"Living Wall","floor":3,"gold_loss":0,"cards_upgraded":["Quick Slash"]},{"cards_removed":["Strike_G"],"damage_healed":0,"gold_gain":0,"player_choice":"Card Removal","damage_taken":0,"max_hp_gain":0,"max_hp_loss":0,"event_name":"The Cleric","floor":11,"gold_loss":75},{"damage_healed":0,"gold_gain":0,"player_choice":"Obtained Relic","damage_taken":0,"relics_obtained":["Lantern"],"max_hp_gain":0,"max_hp_loss":0,"event_name":"Addict","floor":20,"gold_loss":85}],"is_beta":true,"boss_relics":[{"not_picked":["Snecko Eye","Runic Dome"],"picked":"Astrolabe"}],"items_purged_floors":[4],"is_endless":false,"potions_floor_spawned":[1,16],"killed_by":"Cultist and Chosen","ascension_level":20}}