{"host":"g01l53quoe6lrer0","time":1610031983,"event":{"mods":["2.2 Compatiblity","AchievementEnabler","BaseMod","Colored Map","Highlight Path","Keyboard Shortcuts","Minty Spire (QoL Compilation)","Permanent Neow","StSLib","SuperFastMode","everything is the same but u backflip on backflip"],"gold_per_floor":[117,130,141,159,159,159,84,84,137,157,107,120,120,147,147,252,252,263,263,112,132,150,150,168,182,206,218,235,91,102,102,102,102,102],"floor_reached":33,"playtime":625,"items_purged":["Defend_P","Defend_P"],"score":375,"play_id":"d5f26446-e14d-49f6-9664-2af9f5afd333","local_time":"20210108000623","is_ascension_mode":true,"campfire_choices":[{"data":"Eruption","floor":6.0,"key":"SMITH"},{"data":"FlurryOfBlows","floor":8.0,"key":"SMITH"},{"floor":13.0,"key":"REST"},{"data":"Strike_P","floor":15.0,"key":"SMITH"},{"floor":23,"key":"REST"},{"floor":32,"key":"REST"}],"circlet_count":0,"master_deck":["Strike_P+1","Strike_P","Strike_P","Eruption+1","Vigilance+1","FlurryOfBlows+1"],"relics":["PureWater","PreservedInsect","Akabeko","Black Star","Anchor","Dream Catcher"],"acts_visited":["Exordium","TheCity"],"potions_floor_usage":[16,16,21,24,33,33],"damage_taken":[{"damage":0.0,"enemies":"Small Slimes","floor":1.0,"turns":2.0},{"damage":0.0,"enemies":"2 Louse","floor":2.0,"turns":2.0},{"damage":0.0,"enemies":"Cultist","floor":3.0,"turns":2.0},{"damage":2.0,"enemies":"2 Fungi Beasts","floor":4.0,"turns":4.0},{"damage":0.0,"enemies":"Blue Slaver","floor":10.0,"turns":2.0},{"damage":0.0,"enemies":"Large Slime","floor":12.0,"turns":3.0},{"damage":0.0,"enemies":"Gremlin Nob","floor":14.0,"turns":1.0},{"damage":20,"enemies":"Hexaghost","floor":16,"turns":7},{"damage":20,"enemies":"Shell Parasite","floor":18,"turns":3},{"damage":0,"enemies":"Chosen","floor":21,"turns":1},{"damage":0,"enemies":"Sentry and Sphere","floor":22,"turns":3},{"damage":0,"enemies":"3 Cultists","floor":24,"turns":4},{"damage":12,"enemies":"Chosen and Byrds","floor":25,"turns":3},{"damage":0,"enemies":"Sentry and Sphere","floor":27,"turns":3},{"damage":2,"enemies":"Snake Plant","floor":28,"turns":2},{"damage":0,"enemies":"Cultist and Chosen","floor":30,"turns":3},{"damage":81,"enemies":"Champ","floor":33,"turns":10}],"seed_played":"-3652749263438292458","potions_obtained":[{"floor":2.0,"key":"Fire Potion"},{"floor":3.0,"key":"Block Potion"},{"floor":10.0,"key":"LiquidBronze"},{"floor":21,"key":"GamblersBrew"},{"floor":22,"key":"DistilledChaos"},{"floor":30,"key":"Explosive Potion"}],"is_trial":false,"path_per_floor":["M","M","M","M","$","R","$","R","T","M","?","M","R","E","R","B",null,"M","?","$","M","M","R","M","M","T","M","M","$","M","$","R","B"],"character_chosen":"WATCHER","items_purchased":["SteroidPotion","Dream Catcher"],"campfire_rested":3,"item_purchase_floors":[20,29],"current_hp_per_floor":[47,47,47,45,45,45,45,45,45,45,45,45,66,66,66,46,66,46,46,46,46,46,67,67,55,55,55,53,53,53,53,72,0,0],"gold":102,"neow_bonus":"REMOVE_TWO","is_daily":false,"chose_seed":false,"campfire_upgraded":3,"win_rate":0.0,"timestamp":1610031983,"path_taken":["M","M","M","M","$","R","$","R","T","M","?","M","R","E","R","BOSS","M","?","$","M","M","R","M","M","T","?","M","$","M","$","R","BOSS"],"items_purchased_type":["Potion","Relic"],"build_version":"2020-12-22","purchased_purges":2,"victory":false,"max_hp_per_floor":[72,72,72,72,72,72,72,72,72,72,72,72,72,72,72,72,72,72,72,72,72,72,72,72,72,72,72,72,72,72,72,72,72,72],"card_choices":[{"not_picked":["Halt","EmptyFist","Consecrate"],"picked":"SKIP","floor":1.0},{"not_picked":["Prostrate","ClearTheMind"],"picked":"FlurryOfBlows","floor":2.0},{"not_picked":["FlyingSleeves","Vault","DeceiveReality"],"picked":"SKIP","floor":3.0},{"not_picked":["EmptyBody","FlurryOfBlows","Halt"],"picked":"SKIP","floor":4.0},{"not_picked":["InnerPeace","PathToVictory","Prostrate"],"picked":"SKIP","floor":10.0},{"not_picked":["ClearTheMind","CutThroughFate","EmptyFist"],"picked":"SKIP","floor":12.0},{"not_picked":["ForeignInfluence","EmptyFist","EmptyBody"],"picked":"SKIP","floor":14.0},{"not_picked":["CrushJoints","ThirdEye","Evaluate"],"picked":"SKIP","floor":18},{"not_picked":["Halt","EmptyMind","Fasting2"],"picked":"SKIP","floor":21},{"not_picked":["Crescendo","Study","Ragnarok"],"picked":"SKIP","floor":22},{"not_picked":["WaveOfTheHand","Evaluate","Crescendo"],"picked":"SKIP","floor":24},{"not_picked":["PathToVictory","EmptyBody","Evaluate+1"],"picked":"SKIP","floor":25},{"not_picked":["Vault","EmptyFist+1","Halt"],"picked":"SKIP","floor":27},{"not_picked":["Protect","ForeignInfluence","EmptyFist"],"picked":"SKIP","floor":28},{"not_picked":["CutThroughFate+1","Crescendo","Worship"],"picked":"SKIP","floor":30}],"player_experience":65824,"relics_obtained":[{"floor":9.0,"key":"PreservedInsect"},{"floor":14.0,"key":"Akabeko"},{"floor":26,"key":"Anchor"}],"event_choices":[{"cards_removed":["Strike_P"],"damage_healed":0.0,"max_hp_gain":0.0,"max_hp_loss":0.0,"gold_gain":0.0,"event_name":"The Cleric","player_choice":"Card Removal","floor":11.0,"gold_loss":50.0,"damage_taken":0.0},{"damage_healed":0,"gold_gain":0,"player_choice":"Upgraded","damage_taken":0,"max_hp_gain":0,"max_hp_loss":0,"event_name":"Upgrade Shrine","floor":19,"gold_loss":0,"cards_upgraded":["Vigilance"]}],"is_beta":false,"boss_relics":[{"not_picked":["Philosopher\u0027s Stone","Snecko Eye"],"picked":"Black Star"}],"items_purged_floors":[7,20],"is_endless":false,"potions_floor_spawned":[2,3,10,14,21,22,30],"killed_by":"Champ","ascension_level":7}}