{"host":"wghdsg8ym2wc7ov9","time":1610001112,"event":{"mods":["AchievementEnabler","Astrologer","BaseMod","Beaked The Cultist","Better Altar","Better Note","Colored Map","Downfall","Hermit","Highlight Path","Jorbs\u0027s Wanderer Trilogy","KinomotoSakuraMod(????)","Minty Spire (QoL Compilation)","Random Character Button","Relic Stats","SIMod","Shop Mod","StSLib","The Blackbeard","The Bladedancer","The Construct","The Cursed","The Death Knight","The Gatherer","The Hierophant","The Marked","The Mystic","The Necromancer","The Runesmith","The Senshi","The Servant 0.9.4"],"gold_per_floor":[144,189,234,279,279,279,354,471,321,246,291,381,381,426,426,726,726,726,771,771,1071,1116,1116,1141,1231,1276,1201,1246,1246,1246,551,605,923,923,923,977,96,150,204,303,374,440,461,527,593,713,797,863,929,950],"floor_reached":51,"playtime":7793,"items_purged":[],"score":1285,"play_id":"00f8cfe9-c298-4560-81ce-7e37b02a9ce9","local_time":"20210106223152","daily_mods":["Cursed Run","Hoarder","Midas"],"is_ascension_mode":false,"campfire_choices":[{"floor":6.0,"key":"RECALL"},{"floor":10.0,"key":"REST"},{"floor":13.0,"key":"REST"},{"floor":15.0,"key":"REST"},{"floor":18.0,"key":"REST"},{"floor":27.0,"key":"REST"},{"floor":29.0,"key":"REST"},{"floor":35.0,"key":"REST"}],"circlet_count":0,"master_deck":["Guardian:Strike_Guardian","Guardian:Strike_Guardian","Guardian:Strike_Guardian","Guardian:Defend_Guardian","Guardian:Defend_Guardian","Guardian:Defend_Guardian","Guardian:Defend_Guardian","Guardian:CurlUp","Guardian:TwinSlam","Guardian:Reroute","Guardian:Reroute","Guardian:Reroute","Guardian:Repulse+1","Guardian:Repulse","Guardian:Repulse","Guardian:DonusPower","Guardian:DonusPower","Guardian:DonusPower+1","Parasite","Parasite","Parasite","Guardian:SentryBeam+1","Guardian:SentryBeam","Guardian:SentryBeam","Guardian:PiercingHide","Guardian:PiercingHide","Guardian:PiercingHide","Guardian:DecasProtection","Guardian:DecasProtection","Guardian:DecasProtection","Regret","Regret","Regret","Guardian:TimeSifter","Guardian:TimeSifter","Guardian:TimeSifter","stsjorbsmod:Procrastination","stsjorbsmod:Procrastination","stsjorbsmod:Procrastination","Guardian:DonusPower+1","Guardian:DonusPower+1","Guardian:DonusPower+1","Guardian:TemporalStrike","Guardian:TemporalStrike","Guardian:TemporalStrike","Writhe","Guardian:FloatingOrbs+1","Guardian:FloatingOrbs+1","Guardian:FloatingOrbs+1","Guardian:Gem_Lightblue","Guardian:ArmoredProtocol","Guardian:ArmoredProtocol","Guardian:ArmoredProtocol","Guardian:PrismaticBarrier","Guardian:PrismaticBarrier","Guardian:PrismaticBarrier","Injury","Injury","Injury","Guardian:FierceBash","Guardian:FierceBash","Guardian:FierceBash","Guardian:RollAttack+1","Guardian:RollAttack+1","Guardian:RollAttack+1","Guardian:TemporalStrike+1","Guardian:TemporalStrike+1","Guardian:TemporalStrike+1","Guardian:Preprogram","Guardian:Preprogram","Guardian:Preprogram","Guardian:MultiBeam","Guardian:MultiBeam","Guardian:MultiBeam","expansioncontent:DashGenerateEvil","expansioncontent:DashGenerateEvil","expansioncontent:DashGenerateEvil","Discovery","Discovery","Discovery","Guardian:Orbwalk","Guardian:Orbwalk","Guardian:Orbwalk","Guardian:RefractedBeam","Guardian:RefractedBeam","Guardian:RefractedBeam","Guardian:Gem_Green","Guardian:Gem_Green","Guardian:Gem_Green","Guardian:ShieldSpikes","Guardian:ShieldSpikes","Guardian:ShieldSpikes","Guardian:RefractedBeam+1","Guardian:RefractedBeam+1","Guardian:RefractedBeam+1","Guardian:ShieldCharger+1","Guardian:ShieldCharger+1","Guardian:ShieldCharger+1","Pain","Pain","Pain","Guardian:CrystalBeam","Guardian:CrystalBeam","Guardian:CrystalBeam","Guardian:Aged","Guardian:Aged","Guardian:Aged","Guardian:GemFinder","Guardian:GemFinder","Guardian:GemFinder","Guardian:ShieldSpikes","Guardian:ShieldSpikes","Guardian:ShieldSpikes","Guardian:Gem_Red","Guardian:Gem_Red","Guardian:Gem_Red","Guardian:BronzeOrb+1","Guardian:BronzeOrb+1","Guardian:BronzeOrb+1","Guardian:Gem_Red","Guardian:Gem_Red","Guardian:Gem_Red","Guardian:Gem_Lightblue","Guardian:Gem_Lightblue","Guardian:Gem_Lightblue","Guardian:GuardianWhirl","Guardian:GuardianWhirl","Guardian:GuardianWhirl","Guardian:SpikerProtocol+1","Guardian:SpikerProtocol+1","Guardian:SpikerProtocol+1","Guardian:TimeCapacitor+1","Guardian:TimeCapacitor+1","Guardian:TimeCapacitor+1","Doubt","Doubt","Doubt"],"relics":["Cursed Key","Darkstone Periapt","Du-Vu Doll","Blue Candle","MealTicket","downfall:HeartBlessingRed","Question Card","construct:WeddingRing","Mummified Hand","Ice Cream","Ornamental Fan","Art of War","Potion Belt","downfall:HeartBlessingGreen","DeathKnight:SindragosasSkull","CeramicFish","Chemical X","Empty Cage","construct:FoamFinger","Toolbox","Pear","MawBank","Happy Flower","Guardian:StasisEgg","Orichalcum"],"acts_visited":["Exordium","TheCity","TheBeyond"],"potions_floor_usage":[],"damage_taken":[{"damage":0.0,"enemies":"Small Slimes","floor":1.0,"turns":3.0},{"damage":0.0,"enemies":"2 Louse","floor":2.0,"turns":2.0},{"damage":1.0,"enemies":"Cultist","floor":3.0,"turns":3.0},{"damage":0.0,"enemies":"2 Fungi Beasts","floor":4.0,"turns":3.0},{"damage":9.0,"enemies":"Lagavulin Event","floor":8.0,"turns":5.0},{"damage":0.0,"enemies":"Blue Slaver","floor":11.0,"turns":1.0},{"damage":0.0,"enemies":"Lagavulin","floor":12.0,"turns":3.0},{"damage":6.0,"enemies":"Exordium Wildlife","floor":14.0,"turns":3.0},{"damage":7.0,"enemies":"The Guardian","floor":16.0,"turns":7.0},{"damage":3.0,"enemies":"Spheric Guardian","floor":19.0,"turns":3.0},{"damage":10.0,"enemies":"downfall:Ironclad","floor":21.0,"turns":4.0},{"damage":18.0,"enemies":"3 Byrds","floor":22.0,"turns":4.0},{"damage":21.0,"enemies":"Gremlin Leader","floor":25.0,"turns":5.0},{"damage":9.0,"enemies":"Snecko","floor":26.0,"turns":5.0},{"damage":1.0,"enemies":"Sentry and Sphere","floor":28.0,"turns":3.0},{"damage":0.0,"enemies":"downfall:FleeingMerchant","floor":31.0,"turns":4.0},{"damage":2.0,"enemies":"3 Cultists","floor":32.0,"turns":5.0},{"damage":40.0,"enemies":"downfall:Silent","floor":33.0,"turns":5.0},{"damage":5.0,"enemies":"Orb Walker","floor":36.0,"turns":3.0},{"damage":2.0,"enemies":"downfall:FleeingMerchant","floor":37.0,"turns":3.0},{"damage":0.0,"enemies":"3 Shapes","floor":38.0,"turns":2.0},{"damage":0.0,"enemies":"3 Darklings","floor":39.0,"turns":2.0},{"damage":17.0,"enemies":"Nemesis","floor":40.0,"turns":3.0},{"damage":1.0,"enemies":"Sphere and 2 Shapes","floor":42.0,"turns":1.0},{"damage":0.0,"enemies":"Transient","floor":44.0,"turns":5.0},{"damage":0.0,"enemies":"Jaw Worm Horde","floor":45.0,"turns":2.0},{"damage":1,"enemies":"Giant Head","floor":46,"turns":3},{"damage":1,"enemies":"3 Darklings","floor":47,"turns":4},{"damage":2,"enemies":"Transient","floor":48,"turns":5},{"damage":1,"enemies":"4 Shapes","floor":49,"turns":3},{"damage":3,"enemies":"downfall:Ironclad","floor":50,"turns":4}],"seed_played":"-5218424555718163201","potions_obtained":[{"floor":2.0,"key":"GamblersBrew"},{"floor":3.0,"key":"SpeedPotion"},{"floor":8.0,"key":"champ:CounterPotion"},{"floor":14.0,"key":"Explosive Potion"},{"floor":22.0,"key":"AttackPotion"},{"floor":32.0,"key":"EssenceOfSteel"},{"floor":39.0,"key":"DeathKnight:RimePotion"}],"is_trial":false,"path_per_floor":["M","M","M","M","?","R","T","?","?","R","M","E","R","M","R","B",null,"R","M","T","?","M","?","T","E","M","R","M","R","?","$","M","B",null,"R","M","$","M","M","E","T","M","?","M","M","E","M","M","M","B",null],"character_chosen":"GUARDIAN","items_purchased":["DeathKnight:SindragosasSkull","CeramicFish","Chemical X","Guardian:ArmoredProtocol","Energy Potion","SkillPotion","construct:FoamFinger","Toolbox","Pear","Guardian:Preprogram","Guardian:MultiBeam","expansioncontent:DashGenerateEvil","Discovery","Guardian:Orbwalk","Guardian:RefractedBeam","Guardian:Gem_Green"],"campfire_rested":7,"item_purchase_floors":[31,31,31,31,31,31,37,37,37,37,37,37,37,37,37,37],"current_hp_per_floor":[80,80,79,79,79,79,97,88,108,108,108,108,108,102,108,119,126,126,123,141,131,113,113,131,110,101,149,148,162,114,129,127,105,180,180,175,188,188,188,171,189,188,206,206,206,205,204,202,201,216],"gold":962,"neow_bonus":"","is_daily":true,"chose_seed":false,"campfire_upgraded":0,"win_rate":0.0,"timestamp":1610001112,"path_taken":["M","M","M","M","?","R","T","?","?","R","M","E","R","M","R","BOSS","R","M","?","?","M","?","T","E","M","R","?","R","?","$","M","BOSS","R","M","$","M","M","E","T","M","?","M","M","E","M","M","M","BOSS"],"items_purchased_type":["Relic","Relic","Relic","Card","Potion","Potion","Relic","Relic","Relic","Card","Card","Card","Card","Card","Card","Card"],"build_version":"2020-12-22","purchased_purges":0,"victory":true,"max_hp_per_floor":[80,80,80,80,80,80,98,98,108,108,108,108,108,108,108,126,126,126,126,144,144,144,144,162,162,162,162,162,162,162,162,162,180,180,180,180,190,190,190,190,208,208,226,226,226,226,226,226,226,244],"relic_stats":{"Darkstone Periapt":144,"Happy Flower":[9],"counters":[31,108],"Blue Candle":[14],"CeramicFish":261,"Orichalcum":[6],"Cursed Key":4,"Question Card":26,"MawBank":132,"Mummified Hand":[122],"Ornamental Fan":[96],"MealTicket":20,"Art of War":[10],"Chemical X":[3],"obtain_stats":[{"Darkstone Periapt":0,"Ice Cream":21,"construct:FoamFinger":37,"Guardian:StasisEgg":43,"CeramicFish":31,"downfall:HeartBlessingGreen":27,"Cursed Key":0,"Empty Cage":34,"Mummified Hand":20,"Toolbox":37,"MealTicket":8,"Chemical X":31,"Potion Belt":25,"construct:WeddingRing":17,"Pear":37,"downfall:HeartBlessingRed":10,"Happy Flower":41,"Blue Candle":7,"Orichalcum":46,"Question Card":12,"MawBank":40,"Du-Vu Doll":0,"Ornamental Fan":21,"Art of War":24,"DeathKnight:SindragosasSkull":31},{"Darkstone Periapt":0,"Ice Cream":11,"construct:FoamFinger":20,"Guardian:StasisEgg":24,"CeramicFish":16,"downfall:HeartBlessingGreen":14,"Cursed Key":0,"Empty Cage":18,"Mummified Hand":10,"Toolbox":20,"MealTicket":5,"Chemical X":16,"Potion Belt":13,"construct:WeddingRing":9,"Pear":20,"downfall:HeartBlessingRed":5,"Happy Flower":23,"Blue Candle":4,"Orichalcum":27,"Question Card":7,"MawBank":23,"Du-Vu Doll":0,"Ornamental Fan":11,"Art of War":12,"DeathKnight:SindragosasSkull":16},{"Darkstone Periapt":0,"Ice Cream":37,"construct:FoamFinger":74,"Guardian:StasisEgg":82,"CeramicFish":58,"downfall:HeartBlessingGreen":51,"Cursed Key":0,"Empty Cage":68,"Mummified Hand":33,"Toolbox":74,"MealTicket":16,"Chemical X":58,"Potion Belt":46,"construct:WeddingRing":30,"Pear":74,"downfall:HeartBlessingRed":16,"Happy Flower":81,"Blue Candle":11,"Orichalcum":92,"Question Card":20,"MawBank":81,"Du-Vu Doll":0,"Ornamental Fan":37,"Art of War":41,"DeathKnight:SindragosasSkull":58}]},"card_choices":[{"not_picked":["Guardian:Gem_Green","Guardian:WalkerClaw"],"picked":"Guardian:Reroute","floor":1.0},{"not_picked":["Guardian:MultiBeam","Guardian:ShieldCharger"],"picked":"Guardian:Gem_Crimson","floor":2.0},{"not_picked":["Guardian:PrimingBeam","Guardian:Recover"],"picked":"Guardian:Repulse","floor":3.0},{"not_picked":["Guardian:TemporalShield","Guardian:TemporalStrike"],"picked":"Guardian:DonusPower","floor":4.0},{"not_picked":["Guardian:Gem_Blue","Guardian:Gem_Lightblue"],"picked":"Guardian:SentryBeam","floor":8.0},{"not_picked":["Guardian:BronzeArmor","Guardian:Repulse"],"picked":"Guardian:PiercingHide","floor":11.0},{"not_picked":["Guardian:PrismaticBeam","Guardian:RefractedBeam"],"picked":"Guardian:DecasProtection","floor":12.0},{"not_picked":["Guardian:ExploitGems","Guardian:VentSteam","Guardian:Gem_Lightblue"],"picked":"Guardian:Gem_Blue","floor":14.0},{"not_picked":["Guardian:ConstructionForm","Guardian:ExploitGems","Guardian:StasisEngine"],"picked":"Guardian:TimeSifter","floor":16.0},{"not_picked":["Guardian:RollAttack","Guardian:Gem_Blue","Guardian:ChargeCore"],"picked":"Guardian:Gem_Lightblue","floor":19.0},{"not_picked":["Guardian:Gem_Crimson","Guardian:Reroute","Guardian:Gem_Lightblue"],"picked":"Guardian:DonusPower+1","floor":21.0},{"not_picked":["Guardian:Repulse","Guardian:Gem_Lightblue","Guardian:TimeBomb"],"picked":"Guardian:TemporalStrike","floor":22.0},{"not_picked":["Guardian:Suspension+1","Guardian:RollAttack","Guardian:PiercingHide+1"],"picked":"Guardian:FloatingOrbs+1","floor":25.0},{"not_picked":["Guardian:Gem_Cyan","Guardian:Gem_Crimson","Guardian:Incinerate"],"picked":"Guardian:Gem_Green","floor":26.0},{"not_picked":["Guardian:WalkerClaw","Guardian:MultiBeam","Guardian:Incinerate"],"picked":"Guardian:Gem_Orange","floor":28.0},{"not_picked":["Guardian:Gem_Yellow","Guardian:Gem_Cyan","Guardian:Harden"],"picked":"Guardian:Gem_Lightblue","floor":31.0},{"not_picked":["Guardian:TemporalShield+1","Guardian:TimeCapacitor","Guardian:Gem_Purple"],"picked":"Guardian:PrismaticBarrier","floor":32.0},{"not_picked":["Guardian:StasisStrike","Guardian:ExploitGems","Guardian:StasisField"],"picked":"Guardian:FierceBash","floor":33.0},{"not_picked":["Guardian:Gem_Green","Guardian:SentryBeam+1","Guardian:Reroute+1"],"picked":"Guardian:RollAttack+1","floor":36.0},{"not_picked":["Guardian:Gem_Cyan","Guardian:Gem_Green","Guardian:PolyBeam"],"picked":"Guardian:TemporalStrike+1","floor":37.0},{"not_picked":["Guardian:DonusPower","Guardian:ShieldCharger","Guardian:Gem_Lightblue"],"picked":"Guardian:ShieldSpikes","floor":38.0},{"not_picked":["Guardian:Gem_Cyan","Guardian:ChargeCore+1","Guardian:VentSteam+1"],"picked":"Guardian:RefractedBeam+1","floor":39.0},{"not_picked":["Guardian:PiercingHide+1","Guardian:Repulse","Guardian:Gem_Crimson"],"picked":"Guardian:ShieldCharger+1","floor":40.0},{"not_picked":["Guardian:PiercingHide","Guardian:Clone","Guardian:Gem_White"],"picked":"Guardian:CrystalBeam","floor":42.0},{"not_picked":["Guardian:FuturePlans","Guardian:ChargeCore","Guardian:Gem_Red"],"picked":"Guardian:GemFinder","floor":44.0},{"not_picked":["Guardian:Incinerate","Guardian:Gem_Lightblue","Guardian:PolyBeam+1"],"picked":"Guardian:ShieldSpikes","floor":45.0},{"not_picked":["Guardian:Gem_Cyan","Guardian:Gem_Green"],"picked":"Guardian:Gem_Red","floor":46},{"not_picked":["Guardian:ShieldCharger+1","Guardian:TemporalStrike+1","Guardian:WalkerClaw"],"picked":"Guardian:BronzeOrb+1","floor":46},{"not_picked":["Guardian:Gem_Cyan","Guardian:Gem_Green"],"picked":"Guardian:Gem_Red","floor":47},{"not_picked":["Guardian:Gem_Red","Guardian:Gem_Cyan"],"picked":"Guardian:Gem_Lightblue","floor":47},{"not_picked":["Guardian:Preprogram+1","Guardian:SentryBeam","Guardian:Gem_Red"],"picked":"Guardian:GuardianWhirl","floor":47},{"not_picked":["Guardian:CrystalBeam+1","Guardian:Gem_Lightblue","Guardian:Incinerate"],"picked":"Guardian:SpikerProtocol+1","floor":48},{"not_picked":["Guardian:VentSteam","Guardian:SentryBeam+1","Guardian:RollAttack"],"picked":"Guardian:TimeCapacitor+1","floor":49}],"player_experience":616562,"relics_obtained":[{"floor":7.0,"key":"Blue Candle"},{"floor":8.0,"key":"MealTicket"},{"floor":12.0,"key":"Question Card"},{"floor":20.0,"key":"Mummified Hand"},{"floor":21.0,"key":"Ice Cream"},{"floor":21.0,"key":"Ornamental Fan"},{"floor":24.0,"key":"Art of War"},{"floor":25.0,"key":"Potion Belt"},{"floor":40.0,"key":"MawBank"},{"floor":41.0,"key":"Happy Flower"},{"floor":46,"key":"Orichalcum"}],"event_choices":[{"damage_healed":0.0,"max_hp_gain":0.0,"max_hp_loss":0.0,"gold_gain":0.0,"event_name":"Dead Adventurer","player_choice":"Searched \u00271\u0027 times","floor":8.0,"gold_loss":0.0,"damage_taken":0.0}],"is_beta":false,"boss_relics":[{"not_picked":["Runic Dome","SacredBark"],"picked":"construct:WeddingRing"},{"not_picked":["Busted Crown","Coffee Dripper"],"picked":"Empty Cage"}],"items_purged_floors":[],"is_endless":false,"potions_floor_spawned":[2,3,8,14,19,22,32,39,40,44,45,49],"ascension_level":0}}