{"host":"exhp4inpfmbngj23","time":1610045338,"event":{"mods":["Abigail Mod","BaseMod","Beaked The Cultist","Friendly Minions","Gremlin Mod","Kiyohime????","Minty Spire (QoL Compilation)","StSLib","The Alterego"],"gold_per_floor":[14,89,100,111,122,157,157,157,157,173,207,220,238,238,238,333,333,353,353,268,286,286,286,286],"floor_reached":23,"playtime":1974,"items_purged":[],"score":248,"play_id":"d778af19-630f-4363-8c3a-b8462a681d68","local_time":"20210107104858","is_ascension_mode":true,"campfire_choices":[{"floor":7,"key":"REST"},{"data":"alterego_mod:Impale","floor":15,"key":"SMITH"}],"circlet_count":0,"master_deck":["alterego_mod:Strike+1","alterego_mod:Strike+1","alterego_mod:Strike+1","alterego_mod:Strike+1","alterego_mod:Defend+1","alterego_mod:Defend+1","alterego_mod:Defend+1","alterego_mod:Defend+1","alterego_mod:Impale+1","alterego_mod:BigMeatyClaws","alterego_mod:BrynhildrsRune","alterego_mod:MagicResistance","alterego_mod:Collar","alterego_mod:DeftHands","alterego_mod:Nekomimi","alterego_mod:Bounce","alterego_mod:DiscoLights+1","alterego_mod:DiscoLights+1","alterego_mod:Stockings","alterego_mod:Cooking","Parasite","alterego_mod:AlterEgo+1","CurseOfTheBell","alterego_mod:Nekomimi+1","alterego_mod:Bounce"],"relics":["alterego_mod:MasochisticConstitution","Frozen Egg 2","Mercury Hourglass","Blue Candle","Calling Bell","Ancient Tea Set","Pantograph","Incense Burner","WingedGreaves"],"acts_visited":["Exordium","TheCity"],"potions_floor_usage":[5,16,18,23,23],"damage_taken":[{"damage":19,"enemies":"Cultist","floor":1,"turns":5},{"damage":10,"enemies":"Jaw Worm","floor":3,"turns":5},{"damage":9,"enemies":"2 Louse","floor":4,"turns":3},{"damage":16,"enemies":"Large Slime","floor":5,"turns":8},{"damage":21,"enemies":"Lagavulin","floor":6,"turns":16},{"damage":10,"enemies":"Exordium Thugs","floor":10,"turns":3},{"damage":24,"enemies":"3 Sentries","floor":11,"turns":9},{"damage":16,"enemies":"Blue Slaver","floor":12,"turns":6},{"damage":16,"enemies":"Red Slaver","floor":13,"turns":4},{"damage":58,"enemies":"Hexaghost","floor":16,"turns":12},{"damage":45,"enemies":"2 Thieves","floor":18,"turns":4},{"damage":18,"enemies":"Shell Parasite","floor":21,"turns":14},{"damage":56,"enemies":"Slavers","floor":23,"turns":3}],"seed_played":"6180363737618942458","potions_obtained":[{"floor":4,"key":"SkillPotion"},{"floor":10,"key":"Ancient Potion"},{"floor":11,"key":"Fire Potion"},{"floor":12,"key":"AttackPotion"},{"floor":18,"key":"Swift Potion"}],"is_trial":false,"path_per_floor":["M","?","M","M","M","E","R","?","T","M","E","M","M","?","R","B",null,"M","?","?","M","?","E"],"character_chosen":"The_Alterego","items_purchased":[],"campfire_rested":1,"item_purchase_floors":[],"current_hp_per_floor":[66,55,46,38,32,12,38,89,89,80,71,63,48,71,71,17,94,53,53,53,46,46,0,0],"gold":286,"neow_bonus":"TWENTY_PERCENT_HP_BONUS","is_daily":false,"chose_seed":false,"campfire_upgraded":1,"win_rate":0.0,"timestamp":1610045338,"path_taken":["M","?","M","M","M","E","R","?","T","?","E","M","M","?","R","BOSS","M","?","?","M","?","E"],"items_purchased_type":[],"build_version":"2020-12-22","purchased_purges":0,"victory":false,"max_hp_per_floor":[85,85,86,87,88,89,89,89,89,90,91,92,93,93,93,94,94,95,95,95,96,96,96,96],"card_choices":[{"not_picked":["alterego_mod:SakuraLabyrinth","alterego_mod:Skirt"],"picked":"alterego_mod:MagicResistance","floor":1},{"not_picked":["alterego_mod:HighServant","alterego_mod:Pet"],"picked":"alterego_mod:Collar","floor":3},{"not_picked":["alterego_mod:HighServant","alterego_mod:Pet"],"picked":"alterego_mod:DeftHands","floor":4},{"not_picked":["alterego_mod:Tantrum","alterego_mod:Cooking"],"picked":"alterego_mod:Nekomimi","floor":5},{"not_picked":["alterego_mod:Belle","alterego_mod:Birthday"],"picked":"alterego_mod:Bounce","floor":6},{"not_picked":["alterego_mod:HighServant","alterego_mod:TrashNCrash"],"picked":"alterego_mod:DiscoLights+1","floor":10},{"not_picked":["alterego_mod:MagicResistance","alterego_mod:Clap"],"picked":"alterego_mod:DiscoLights+1","floor":11},{"not_picked":["alterego_mod:HighServant","alterego_mod:TrashNCrash"],"picked":"alterego_mod:Stockings","floor":12},{"not_picked":["alterego_mod:MaintainEyeContact","alterego_mod:Table"],"picked":"alterego_mod:Cooking","floor":13},{"not_picked":["alterego_mod:ClassAdvantage+1","alterego_mod:TrickOrTreatment+1"],"picked":"alterego_mod:AlterEgo+1","floor":16},{"not_picked":["alterego_mod:IndependentAction","alterego_mod:Undulate+1"],"picked":"alterego_mod:Nekomimi+1","floor":18},{"not_picked":["alterego_mod:PurpleHair","alterego_mod:1TonWallop"],"picked":"alterego_mod:Bounce","floor":21}],"player_experience":1909194,"relics_obtained":[{"floor":6,"key":"Frozen Egg 2"},{"floor":9,"key":"Mercury Hourglass"},{"floor":11,"key":"Blue Candle"},{"floor":17,"key":"Ancient Tea Set"},{"floor":17,"key":"Pantograph"},{"floor":17,"key":"Incense Burner"}],"event_choices":[{"damage_healed":0,"gold_gain":75,"player_choice":"Gather Gold","damage_taken":11,"max_hp_gain":0,"max_hp_loss":0,"event_name":"World of Goop","floor":2,"gold_loss":0},{"damage_healed":51,"gold_gain":0,"player_choice":"Full Heal","damage_taken":0,"max_hp_gain":0,"max_hp_loss":0,"event_name":"Wheel of Change","floor":8,"gold_loss":0},{"damage_healed":23,"gold_gain":0,"player_choice":"Healed and dodged fight","damage_taken":0,"max_hp_gain":0,"max_hp_loss":0,"event_name":"Mushrooms","floor":14,"gold_loss":0,"cards_obtained":["Parasite"]},{"damage_healed":0,"gold_gain":0,"player_choice":"Simplicity","damage_taken":0,"max_hp_gain":0,"max_hp_loss":0,"event_name":"Back to Basics","floor":19,"gold_loss":0,"cards_upgraded":["alterego_mod:Strike","alterego_mod:Strike","alterego_mod:Strike","alterego_mod:Strike","alterego_mod:Defend","alterego_mod:Defend","alterego_mod:Defend","alterego_mod:Defend"]},{"damage_healed":0,"gold_gain":0,"player_choice":"Obtained Relic","damage_taken":0,"relics_obtained":["WingedGreaves"],"max_hp_gain":0,"max_hp_loss":0,"event_name":"Addict","floor":20,"gold_loss":85},{"damage_healed":0,"gold_gain":0,"player_choice":"Ignored","damage_taken":0,"max_hp_gain":0,"max_hp_loss":0,"event_name":"N\u0027loth","floor":22,"gold_loss":0}],"is_beta":false,"boss_relics":[{"not_picked":["beaked:SacredDeck","Pandora\u0027s Box"],"picked":"Calling Bell"}],"items_purged_floors":[],"is_endless":false,"potions_floor_spawned":[4,10,11,12,18],"killed_by":"Slavers","ascension_level":2}}