{"host":"2se5dq1do2gp0x9k","time":1610034546,"event":{"mods":["AchievementEnabler","BaseMod","Block Reminder","Colored Map","Colored Powertips","Minty Spire (QoL Compilation)","Relic Stats","StSLib","SuperFastMode"],"gold_per_floor":[111,128,141,291,291,291,291,331,331,331,331],"floor_reached":10,"playtime":201,"items_purged":[],"score":116,"play_id":"6ca184d6-d755-4db9-a4a5-bb91388d1e96","local_time":"20210107074906","is_ascension_mode":true,"campfire_choices":[{"data":"Eruption","floor":6,"key":"SMITH"}],"circlet_count":0,"master_deck":["AscendersBane","Strike_P","Strike_P","Strike_P","Strike_P","Defend_P","Defend_P","Defend_P","Defend_P","Eruption+1","Vigilance","Consecrate","Consecrate","Crescendo","Doubt","Vengeance"],"relics":["PureWater","NeowsBlessing","Golden Idol","Meat on the Bone","Toxic Egg 2"],"acts_visited":["Exordium"],"potions_floor_usage":[8],"damage_taken":[{"damage":0,"enemies":"Cultist","floor":1,"turns":1},{"damage":0,"enemies":"Jaw Worm","floor":2,"turns":1},{"damage":0,"enemies":"2 Louse","floor":3,"turns":1},{"damage":19,"enemies":"Lagavulin","floor":8,"turns":5},{"damage":42,"enemies":"3 Sentries","floor":10,"turns":7}],"seed_played":"4161838448367429887","potions_obtained":[{"floor":1,"key":"DistilledChaos"}],"is_trial":false,"path_per_floor":["M","M","M","?","?","R","?","E","T","E"],"character_chosen":"WATCHER","items_purchased":[],"campfire_rested":0,"item_purchase_floors":[],"current_hp_per_floor":[61,61,61,61,61,61,61,42,42,0,0],"gold":331,"neow_bonus":"THREE_ENEMY_KILL","is_daily":false,"chose_seed":false,"campfire_upgraded":1,"win_rate":0.0,"timestamp":1610034546,"path_taken":["M","?","M","?","?","R","?","E","T","E"],"items_purchased_type":[],"build_version":"2020-12-22","purchased_purges":0,"victory":false,"max_hp_per_floor":[68,68,68,68,62,62,62,62,62,62,62],"relic_stats":{"counters":[5,15],"Golden Idol":8,"obtain_stats":[{"NeowsBlessing":0,"Golden Idol":5,"PureWater":0,"Toxic Egg 2":9,"Meat on the Bone":8},{"NeowsBlessing":0,"Golden Idol":3,"PureWater":0,"Toxic Egg 2":4,"Meat on the Bone":4},{"NeowsBlessing":0,"Golden Idol":3,"PureWater":0,"Toxic Egg 2":8,"Meat on the Bone":8}],"Meat on the Bone":0},"card_choices":[{"not_picked":["WaveOfTheHand","Prostrate"],"picked":"Consecrate","floor":1},{"not_picked":["Crescendo","Wish"],"picked":"Consecrate","floor":2},{"not_picked":["BattleHymn","BowlingBash"],"picked":"Crescendo","floor":3},{"not_picked":["WreathOfFlame","BowlingBash"],"picked":"Vengeance","floor":8}],"player_experience":3794326,"relics_obtained":[{"floor":8,"key":"Meat on the Bone"},{"floor":9,"key":"Toxic Egg 2"}],"event_choices":[{"damage_healed":0,"gold_gain":150,"player_choice":"AGREE","damage_taken":0,"max_hp_gain":0,"max_hp_loss":0,"event_name":"Liars Game","floor":4,"gold_loss":0,"cards_obtained":["Doubt"]},{"damage_healed":0,"gold_gain":0,"player_choice":"Lose Max HP","damage_taken":0,"relics_obtained":["Golden Idol"],"max_hp_gain":0,"max_hp_loss":6,"event_name":"Golden Idol","floor":5,"gold_loss":0},{"damage_healed":0,"gold_gain":0,"player_choice":"Leave","damage_taken":0,"max_hp_gain":0,"max_hp_loss":0,"event_name":"The Cleric","floor":7,"gold_loss":0}],"is_beta":false,"boss_relics":[],"items_purged_floors":[],"is_endless":false,"potions_floor_spawned":[1],"killed_by":"3 Sentries","ascension_level":15}}