{"host":"y9cfhv0nasly8qeh","time":1610012928,"event":{"mods":["BaseMod","Minty Spire (QoL Compilation)","Relic Stats","StSLib","[IsaacMod]ÒÔÈö¼âËþ"],"gold_per_floor":[118,118,141,154,134,134,168,93,93,122,122,22,97,111,111,111,111],"floor_reached":16,"playtime":426,"items_purged":["Strike_R","Regret"],"score":201,"play_id":"e40f94df-ec3e-4ea7-a132-f8f15ce1ee7f","local_time":"20210107174848","is_ascension_mode":true,"campfire_choices":[{"data":"Inflame","floor":6.0,"key":"SMITH"},{"data":"Armaments","floor":15.0,"key":"SMITH"}],"circlet_count":0,"master_deck":["AscendersBane","Strike_R","Strike_R","Strike_R","Defend_R+1","Defend_R","Defend_R","Defend_R+1","Bash","Shrug It Off","Inflame+1","Armaments+1","Rampage"],"relics":["Burning Blood","HushsDoor","War Paint","TheBean","Bronze Scales","Pen Nib","BelialBook","Akabeko","Boot"],"acts_visited":[],"potions_floor_usage":[16],"damage_taken":[{"damage":0.0,"enemies":"2 Louse","floor":1.0,"turns":2.0},{"damage":0.0,"enemies":"Jaw Worm","floor":4.0,"turns":4.0},{"damage":28.0,"enemies":"Gremlin Nob","floor":7.0,"turns":4.0},{"damage":18.0,"enemies":"Lagavulin","floor":10.0,"turns":7.0},{"damage":0.0,"enemies":"Cultist","floor":14.0,"turns":3.0},{"damage":29,"enemies":"Slime Boss","floor":16,"turns":9}],"seed_played":"-7400611056945686043","potions_obtained":[{"floor":4.0,"key":"ColorlessPotion"},{"floor":5.0,"key":"LiquidMemories"}],"is_trial":false,"path_per_floor":["M","?","T","M","?","R","E","$","T","E","?","$","?","M","R","B"],"character_chosen":"IRONCLAD","items_purchased":[],"campfire_rested":0,"item_purchase_floors":[],"current_hp_per_floor":[74,74,74,75,75,75,53,53,53,41,41,41,30,36,36,7,7],"gold":111,"neow_bonus":"RANDOM_COMMON_RELIC","is_daily":false,"chose_seed":false,"campfire_upgraded":2,"win_rate":0.0,"timestamp":1610012928,"path_taken":["M","?","?","?","?","R","E","$","T","E","?","$","?","M","R","BOSS"],"items_purchased_type":[],"build_version":"2020-12-22","purchased_purges":2,"victory":false,"max_hp_per_floor":[75,75,75,75,75,75,75,75,75,75,75,75,75,75,75,75,75],"relic_stats":{"counters":[6,29],"Bronze Scales":[33],"Pen Nib":[2],"War Paint":["Defend_R","Defend_R"],"Boot":[0],"obtain_stats":[{"KeepersGift":0,"TheBean":0,"Bronze Scales":3,"BelialBook":9,"Pen Nib":7,"War Paint":0,"HushsDoor":0,"Boot":11,"Burning Blood":0,"Akabeko":10},{"KeepersGift":0,"TheBean":0,"Bronze Scales":1,"BelialBook":3,"Pen Nib":3,"War Paint":0,"HushsDoor":0,"Boot":4,"Burning Blood":0,"Akabeko":4},{"KeepersGift":0,"TheBean":0,"Bronze Scales":2,"BelialBook":10,"Pen Nib":10,"War Paint":0,"HushsDoor":0,"Boot":17,"Burning Blood":0,"Akabeko":17}],"Burning Blood":25},"card_choices":[{"not_picked":["Heavy Blade","Bloodletting"],"picked":"Shrug It Off","floor":1.0},{"not_picked":["Anger","Infernal Blade"],"picked":"Inflame","floor":4.0},{"not_picked":["Havoc","Burning Pact"],"picked":"Armaments","floor":7.0},{"not_picked":["Flame Barrier","Feel No Pain"],"picked":"Rampage","floor":10.0},{"not_picked":["Perfected Strike","Clash","Flex"],"picked":"SKIP","floor":14.0}],"player_experience":555152,"relics_obtained":[{"floor":3.0,"key":"Bronze Scales"},{"floor":7.0,"key":"Pen Nib"},{"floor":9.0,"key":"BelialBook"},{"floor":10.0,"key":"Akabeko"}],"event_choices":[{"cards_removed":["Strike_R"],"damage_healed":0.0,"max_hp_gain":0.0,"max_hp_loss":0.0,"gold_gain":0.0,"event_name":"Living Wall","player_choice":"Forget","floor":2.0,"gold_loss":0.0,"damage_taken":0.0},{"damage_healed":0.0,"max_hp_gain":0.0,"max_hp_loss":0.0,"gold_gain":0.0,"event_name":"The Woman in Blue","player_choice":"Bought 1 Potion","floor":5.0,"gold_loss":0.0,"damage_taken":0.0},{"damage_healed":0.0,"max_hp_gain":0.0,"max_hp_loss":0.0,"gold_gain":0.0,"event_name":"Big Fish","player_choice":"Box","floor":11.0,"gold_loss":0.0,"damage_taken":0.0,"relics_obtained":["Boot"],"cards_obtained":["Regret"]},{"damage_healed":0.0,"max_hp_gain":0.0,"max_hp_loss":0.0,"gold_gain":75.0,"event_name":"World of Goop","player_choice":"Gather Gold","floor":13.0,"gold_loss":0.0,"damage_taken":11.0}],"is_beta":false,"boss_relics":[],"items_purged_floors":[8,12],"is_endless":false,"potions_floor_spawned":[4],"killed_by":"Slime Boss","ascension_level":18}}