{"host":"i0avyit1s6jb1siw","time":1610022228,"event":{"mods":["BaseMod","DeckTracker","Dota2Spire","Highlight Path","Minty Spire (QoL Compilation)","Quick Restart","StSLib","SuperFastMode"],"gold_per_floor":[112,112,37,51,111,111,86,86,137,174,297,297,308,352,352,432,432,455,474,278,328,378,378,398,442,442,442,521,107,166,216,216,302,302,317,386,447,466,167,195,223,261,261,298,382,401,401,412,412,412,412,412,412,48,73,73,73],"floor_reached":56,"playtime":2213,"items_purged":["Strike_G","Strike_G","Strike_G","Defend_G"],"score":2124,"play_id":"452acf0b-5d87-4f83-88ff-276889a7f2bb","local_time":"20210107132348","is_ascension_mode":true,"campfire_choices":[{"data":"Well Laid Plans","floor":6.0,"key":"SMITH"},{"data":"Bouncing Flask","floor":8.0,"key":"SMITH"},{"data":"Predator","floor":12.0,"key":"SMITH"},{"data":"Adrenaline","floor":15.0,"key":"SMITH"},{"floor":23.0,"key":"REST"},{"floor":27.0,"key":"REST"},{"floor":32.0,"key":"REST"},{"floor":47,"key":"RECALL"},{"floor":49,"key":"REST"},{"floor":53,"key":"REST"}],"circlet_count":0,"master_deck":["AscendersBane","Defend_G","Defend_G","Defend_G","Defend_G","Survivor","Neutralize","Bouncing Flask+1","Dagger Throw","Well Laid Plans+1","Predator+1","Adrenaline+1","Venomology","Cloak And Dagger","Dark Shackles","Catalyst","Venomology+1","Cloak And Dagger+1","Tactician","Blade Dance","Escape Plan","Necronomicurse","Burst","Adrenaline+1","Terror+1","Outmaneuver+1","Bullet Time","Prepared+1","Accuracy","After Image","Footwork","Blur"],"relics":["Ring of the Snake","NeowsBlessing","SsserpentHead","CeramicFish","Dota2Spire:HeartOfTarrasque","Dead Branch","WristBlade","StrikeDummy","Dota2Spire:EyeOfSkadi","Bag of Preparation","Orrery","Necronomicon","Black Star","DollysMirror","Dota2Spire:LotusOrb","Meat on the Bone","Dota2Spire:MagicBottle","Dota2Spire:PowerTreads","TungstenRod","Nunchaku","Strawberry","Tingsha"],"acts_visited":["Exordium","TheCity","TheBeyond","TheEnding"],"potions_floor_usage":[33,33,35,35,37,38,38,40,41,42,42,44,45,45,46,50,50,50,51,55,55,56,56],"damage_taken":[{"damage":0.0,"enemies":"Jaw Worm","floor":1.0,"turns":1.0},{"damage":0.0,"enemies":"Cultist","floor":4.0,"turns":1.0},{"damage":0.0,"enemies":"Small Slimes","floor":5.0,"turns":1.0},{"damage":30.0,"enemies":"3 Sentries","floor":10.0,"turns":10.0},{"damage":6.0,"enemies":"Looter","floor":13.0,"turns":3.0},{"damage":10.0,"enemies":"Lagavulin","floor":14.0,"turns":6.0},{"damage":18.0,"enemies":"Hexaghost","floor":16.0,"turns":9.0},{"damage":0.0,"enemies":"Chosen","floor":18.0,"turns":2.0},{"damage":27.0,"enemies":"2 Thieves","floor":19.0,"turns":5.0},{"damage":3.0,"enemies":"Centurion and Healer","floor":24.0,"turns":6.0},{"damage":54.0,"enemies":"Slavers","floor":25.0,"turns":7.0},{"damage":2.0,"enemies":"Sentry and Sphere","floor":28.0,"turns":5.0},{"damage":0,"enemies":"Automaton","floor":33,"turns":6},{"damage":0,"enemies":"3 Shapes","floor":35,"turns":3},{"damage":0,"enemies":"Orb Walker","floor":36,"turns":3},{"damage":0,"enemies":"3 Darklings","floor":37,"turns":2},{"damage":41,"enemies":"Spire Growth","floor":38,"turns":4},{"damage":0,"enemies":"Jaw Worm Horde","floor":40,"turns":2},{"damage":0,"enemies":"Transient","floor":41,"turns":6},{"damage":8,"enemies":"Giant Head","floor":42,"turns":6},{"damage":3,"enemies":"Nemesis","floor":44,"turns":3},{"damage":0,"enemies":"Mind Bloom Boss Battle","floor":45,"turns":2},{"damage":21,"enemies":"Writhing Mass","floor":46,"turns":5},{"damage":0,"enemies":"Sphere and 2 Shapes","floor":48,"turns":2},{"damage":88,"enemies":"Awakened One","floor":50,"turns":11},{"damage":0,"enemies":"Donu and Deca","floor":51,"turns":5},{"damage":49,"enemies":"Shield and Spear","floor":55,"turns":10},{"damage":75,"enemies":"The Heart","floor":56,"turns":6}],"seed_played":"-2276779264818332265","potions_obtained":[{"floor":1.0,"key":"EssenceOfSteel"},{"floor":10.0,"key":"Dota2Spire:Clarity"},{"floor":13.0,"key":"BlessingOfTheForge"},{"floor":24.0,"key":"Regen Potion"},{"floor":35,"key":"Weak Potion"},{"floor":42,"key":"SteroidPotion"},{"floor":44,"key":"LiquidMemories"},{"floor":45,"key":"Fruit Juice"}],"is_trial":false,"path_per_floor":["M","?","$","M","M","R","?","R","T","E","?","R","M","E","R","B",null,"M","M","$","?","?","R","M","E","T","R","M","$","?","?","R","B",null,"M","M","M","M","$","M","M","E","T","E","?","M","R","M","R","B","B",null,"R","$","E","B"],"character_chosen":"THE_SILENT","items_purchased":["Dark Shackles","Bag of Preparation","Orrery","DollysMirror","Footwork","Energy Potion","Blur","Nunchaku"],"campfire_rested":5,"item_purchase_floors":[20,29,29,39,54,54,54,54],"current_hp_per_floor":[59,59,59,59,59,59,59,59,59,37,37,37,31,25,25,11,58,58,31,31,31,31,53,54,15,20,43,41,41,20,20,43,55,73,73,73,73,32,32,41,53,49,49,46,51,46,46,46,71,20,49,75,84,84,55,0,0],"gold":73,"neow_bonus":"THREE_ENEMY_KILL","is_daily":false,"chose_seed":false,"campfire_upgraded":4,"win_rate":0.0,"timestamp":1610022228,"path_taken":["M","?","$","M","?","R","?","R","T","E","?","R","M","E","R","BOSS","M","M","$","?","?","R","M","E","T","R","?","$","?","?","R","BOSS","M","?","?","M","$","M","M","E","T","E","?","M","R","M","R","BOSS","BOSS","R","$","E","BOSS"],"items_purchased_type":["Card","Relic","Relic","Relic","Card","Potion","Card","Relic"],"build_version":"2020-12-22","purchased_purges":4,"victory":false,"max_hp_per_floor":[66,66,66,66,66,66,66,66,66,74,74,74,74,74,74,74,74,74,74,74,74,74,74,74,74,79,79,79,79,79,79,79,79,79,79,79,79,79,79,79,79,79,79,79,84,84,84,84,84,84,84,84,84,84,91,91,91],"card_choices":[{"not_picked":["Flechettes","Backflip"],"picked":"Bouncing Flask","floor":1.0},{"not_picked":["Cloak And Dagger","Riddle With Holes"],"picked":"Dagger Throw","floor":4.0},{"not_picked":["Backflip","Flechettes"],"picked":"Well Laid Plans","floor":5.0},{"not_picked":["Grand Finale","Expertise"],"picked":"Predator","floor":10.0},{"not_picked":["Acrobatics","Dodge and Roll","Slice"],"picked":"SKIP","floor":13.0},{"not_picked":["Footwork","Dagger Spray"],"picked":"Adrenaline","floor":14.0},{"not_picked":["A Thousand Cuts","Doppelganger"],"picked":"Venomology","floor":16.0},{"not_picked":["Quick Slash","Dagger Spray"],"picked":"Cloak And Dagger","floor":18.0},{"not_picked":["Prepared","Quick Slash","Expertise"],"picked":"SKIP","floor":19.0},{"not_picked":["PiercingWail","Bane+1"],"picked":"Catalyst","floor":24.0},{"not_picked":["Deflect","Sucker Punch"],"picked":"Venomology","floor":25.0},{"not_picked":["Slice","Acrobatics"],"picked":"Cloak And Dagger+1","floor":28.0},{"not_picked":["Dagger Spray","Blur"],"picked":"Tactician","floor":29.0},{"not_picked":["PiercingWail","Accuracy"],"picked":"Blade Dance","floor":29.0},{"not_picked":["Outmaneuver","Dagger Spray"],"picked":"Escape Plan","floor":29.0},{"not_picked":["Malaise","A Thousand Cuts"],"picked":"Burst","floor":33},{"not_picked":["Dodge and Roll","Flying Knee","Expertise"],"picked":"SKIP","floor":35},{"not_picked":["Quick Slash","Prepared","Dodge and Roll"],"picked":"SKIP","floor":36},{"not_picked":["Die Die Die","Cloak And Dagger","Finisher"],"picked":"SKIP","floor":37},{"not_picked":["Underhanded Strike+1","Reflex","Poisoned Stab"],"picked":"SKIP","floor":38},{"not_picked":["Quick Slash+1","Finisher"],"picked":"Terror+1","floor":40},{"not_picked":["Deadly Poison","Underhanded Strike+1"],"picked":"Outmaneuver+1","floor":41},{"not_picked":["Footwork","Poisoned Stab"],"picked":"Bullet Time","floor":42},{"not_picked":["Deadly Poison+1","Prepared+1","Blade Dance"],"picked":"SKIP","floor":44},{"not_picked":["Deadly Poison+1","Blade Dance"],"picked":"Prepared+1","floor":44},{"not_picked":["Terror","Prepared+1"],"picked":"Accuracy","floor":45},{"not_picked":["Dodge and Roll","Prepared"],"picked":"After Image","floor":46},{"not_picked":["Poisoned Stab+1","Underhanded Strike","Flying Knee"],"picked":"SKIP","floor":48},{"not_picked":["Cloak And Dagger","Setup+1","Choke"],"picked":"SKIP","floor":55}],"player_experience":2183333,"relics_obtained":[{"floor":9.0,"key":"CeramicFish"},{"floor":10.0,"key":"Dota2Spire:HeartOfTarrasque"},{"floor":14.0,"key":"Dead Branch"},{"floor":25.0,"key":"StrikeDummy"},{"floor":26.0,"key":"Dota2Spire:EyeOfSkadi"},{"floor":30.0,"key":"Necronomicon"},{"floor":42,"key":"Dota2Spire:LotusOrb"},{"floor":42,"key":"Meat on the Bone"},{"floor":44,"key":"Dota2Spire:MagicBottle"},{"floor":44,"key":"Dota2Spire:PowerTreads"},{"floor":45,"key":"TungstenRod"},{"floor":55,"key":"Strawberry"},{"floor":55,"key":"Tingsha"}],"event_choices":[{"damage_healed":0.0,"max_hp_gain":0.0,"max_hp_loss":0.0,"gold_gain":0.0,"event_name":"FaceTrader","player_choice":"Trade","floor":2.0,"gold_loss":0.0,"damage_taken":0.0,"relics_obtained":["SsserpentHead"]},{"cards_removed":["Strike_G"],"damage_healed":0.0,"max_hp_gain":0.0,"max_hp_loss":0.0,"gold_gain":0.0,"event_name":"The Cleric","player_choice":"Card Removal","floor":7.0,"gold_loss":75.0,"damage_taken":0.0},{"damage_healed":0.0,"max_hp_gain":0.0,"max_hp_loss":0.0,"gold_gain":73.0,"event_name":"Golden Wing","player_choice":"Gained Gold","floor":11.0,"gold_loss":0.0,"damage_taken":0.0},{"damage_healed":0.0,"max_hp_gain":0.0,"max_hp_loss":0.0,"gold_gain":0.0,"event_name":"The Mausoleum","player_choice":"Ignored","floor":21.0,"gold_loss":0.0,"damage_taken":0.0},{"cards_removed":["Strike_G"],"damage_healed":0.0,"max_hp_gain":0.0,"max_hp_loss":0.0,"gold_gain":0.0,"event_name":"Purifier","player_choice":"Purged","floor":22.0,"gold_loss":0.0,"damage_taken":0.0},{"damage_healed":0.0,"max_hp_gain":0.0,"max_hp_loss":0.0,"gold_gain":0.0,"event_name":"Cursed Tome","player_choice":"Obtained Book","floor":30.0,"gold_loss":0.0,"damage_taken":21.0},{"damage_healed":0.0,"max_hp_gain":0.0,"max_hp_loss":0.0,"gold_gain":0.0,"event_name":"Upgrade Shrine","player_choice":"Upgraded","floor":31.0,"gold_loss":0.0,"damage_taken":0.0,"cards_upgraded":["Venomology"]},{"damage_healed":0,"gold_gain":0,"player_choice":"Fight","damage_taken":0,"max_hp_gain":0,"max_hp_loss":0,"event_name":"MindBloom","floor":45,"gold_loss":0}],"is_beta":false,"boss_relics":[{"not_picked":["Philosopher\u0027s Stone","Sozu"],"picked":"WristBlade"},{"not_picked":["Tiny House","Runic Dome"],"picked":"Black Star"}],"items_purged_floors":[3,20,29,39],"is_endless":false,"potions_floor_spawned":[1,10,13,24,28,35,41,42,44,45,46],"killed_by":"The Heart","ascension_level":20}}