{"host":"q6wyndrixvj3w9nl","time":1610063147,"event":{"mods":["AchievementEnabler","BaseMod","Better Third Choice","Colored Map","Curses Come First","Hermit","Jorbs\u0027s Wanderer Trilogy","Minty Spire (QoL Compilation)","Permanent Neow","Quick Restart","Rare Cards Sparkle","Relic Stats","StSLib","The Cursed","The Hierophant"],"gold_per_floor":[111,124,139,139,154,179,179,211,211,224,258,274,274,305,305,402,402,412,426,59,59,59,59,69,89,89,119,135,35,35,63,63,162,162,178,53,103,30,330,330,344,354,354,354,354,454,480,493,493,493],"floor_reached":51,"playtime":2817,"items_purged":["Strike_P","Strike_P","Defend_P"],"score":1106,"play_id":"aabff95c-088a-47aa-b1b2-fa5186d5e86d","local_time":"20210108004547","is_ascension_mode":true,"campfire_choices":[{"data":"LikeWater","floor":7,"key":"SMITH"},{"data":"BattleHymn","floor":13,"key":"SMITH"},{"data":"TalkToTheHand","floor":15,"key":"SMITH"},{"data":"Ragnarok","floor":23,"key":"SMITH"},{"data":"Ragnarok","floor":30,"key":"SMITH"},{"floor":32,"key":"REST"},{"data":"Ragnarok","floor":40,"key":"SMITH"},{"data":"Swivel","floor":44,"key":"SMITH"},{"floor":49,"key":"REST"}],"circlet_count":0,"master_deck":["Defend_P+1","Defend_P+1","Eruption","Vigilance","LikeWater+1","TalkToTheHand+1","BattleHymn+1","Tantrum","Swivel+1","Ragnarok+1","Ragnarok+1","Meditate+1","LessonLearned","Ragnarok+1","Wallop","LikeWater+1"],"relics":["Snecko Eye","NlothsMask","Frozen Egg 2","Centennial Puzzle","Yang","Vajra","Empty Cage","Anchor","Potion Belt","Damaru","Turnip","SlaversCollar","GoldenEye","Bottled Flame","Gambling Chip"],"acts_visited":["Exordium","TheCity","TheBeyond"],"potions_floor_usage":[8,8,8,14,27,31,33,37,47,50,50],"damage_taken":[{"damage":0,"enemies":"Small Slimes","floor":1,"turns":3},{"damage":0,"enemies":"Cultist","floor":2,"turns":2},{"damage":0,"enemies":"2 Louse","floor":3,"turns":2},{"damage":0,"enemies":"Blue Slaver","floor":5,"turns":5},{"damage":13,"enemies":"Gremlin Nob","floor":6,"turns":4},{"damage":9,"enemies":"Lagavulin","floor":8,"turns":3},{"damage":16,"enemies":"Exordium Thugs","floor":10,"turns":5},{"damage":5,"enemies":"Gremlin Nob","floor":11,"turns":5},{"damage":9,"enemies":"Red Slaver","floor":12,"turns":4},{"damage":7,"enemies":"3 Sentries","floor":14,"turns":8},{"damage":0,"enemies":"Hexaghost","floor":16,"turns":7},{"damage":0,"enemies":"Shell Parasite","floor":18,"turns":3},{"damage":7,"enemies":"Chosen","floor":19,"turns":3},{"damage":14,"enemies":"Snake Plant","floor":24,"turns":3},{"damage":2,"enemies":"Cultist and Chosen","floor":25,"turns":2},{"damage":0,"enemies":"Book of Stabbing","floor":27,"turns":3},{"damage":0,"enemies":"Snecko","floor":28,"turns":2},{"damage":21,"enemies":"Slavers","floor":31,"turns":3},{"damage":0,"enemies":"Collector","floor":33,"turns":4},{"damage":12,"enemies":"3 Shapes","floor":35,"turns":2},{"damage":3,"enemies":"Mind Bloom Boss Battle","floor":37,"turns":3},{"damage":3,"enemies":"3 Darklings","floor":41,"turns":2},{"damage":0,"enemies":"Jaw Worm Horde","floor":42,"turns":2},{"damage":0,"enemies":"Giant Head","floor":47,"turns":5},{"damage":4,"enemies":"Sphere and 2 Shapes","floor":48,"turns":3},{"damage":16,"enemies":"Donu and Deca","floor":50,"turns":3}],"seed_played":"1766368713951403322","potions_obtained":[{"floor":2,"key":"FearPotion"},{"floor":5,"key":"DistilledChaos"},{"floor":6,"key":"Fruit Juice"},{"floor":8,"key":"BottledMiracle"},{"floor":10,"key":"SteroidPotion"},{"floor":16,"key":"AttackPotion"},{"floor":18,"key":"LiquidMemories"},{"floor":28,"key":"DuplicationPotion"},{"floor":33,"key":"Swift Potion"},{"floor":35,"key":"AttackPotion"},{"floor":42,"key":"Explosive Potion"}],"is_trial":false,"path_per_floor":["M","M","M","?","M","E","R","E","T","M","E","M","R","E","R","B",null,"M","M","$","?","?","R","M","M","T","E","M","$","R","E","R","B",null,"M","$","?","$","?","R","M","M","T","R","?","?","E","M","R","B",null],"character_chosen":"WATCHER","items_purchased":["Ragnarok","Anchor","LiquidMemories"],"campfire_rested":2,"item_purchase_floors":[20,20,38],"current_hp_per_floor":[72,72,72,72,72,59,59,55,55,39,34,25,25,18,18,18,62,62,55,55,55,55,55,41,39,39,39,39,39,39,18,41,41,68,56,56,53,53,53,53,50,50,50,50,50,50,50,46,69,53],"gold":493,"neow_bonus":"BOSS_RELIC","is_daily":false,"chose_seed":false,"campfire_upgraded":7,"win_rate":0.0,"timestamp":1610063147,"path_taken":["M","M","M","?","M","E","R","E","T","M","E","?","R","E","R","BOSS","M","M","$","?","?","R","M","M","T","E","M","$","R","E","R","BOSS","M","$","?","$","?","R","?","?","T","R","?","?","E","?","R","BOSS"],"items_purchased_type":["Card","Relic","Potion"],"build_version":"2020-12-22","purchased_purges":3,"victory":true,"max_hp_per_floor":[72,72,72,72,72,72,72,77,77,77,77,77,77,77,77,77,77,77,77,77,77,77,77,77,77,77,77,77,77,77,77,77,77,77,77,77,77,77,77,77,77,77,77,77,77,77,77,77,77,77],"relic_stats":{"Centennial Puzzle":[38],"counters":[26,91],"Gambling Chip":[3],"Snecko Eye":[160,176,150,156],"Yang":[132],"Turnip":[5],"GoldenEye":[0],"obtain_stats":[{"Potion Belt":26,"Vajra":14,"Damaru":27,"Yang":11,"Frozen Egg 2":6,"Empty Cage":17,"GoldenEye":37,"SlaversCollar":34,"Centennial Puzzle":8,"Anchor":20,"Bottled Flame":43,"Gambling Chip":47,"Snecko Eye":0,"Turnip":31,"PureWater":0,"NlothsMask":4},{"Potion Belt":15,"Vajra":10,"Damaru":16,"Yang":8,"Frozen Egg 2":5,"Empty Cage":11,"GoldenEye":21,"SlaversCollar":19,"Centennial Puzzle":6,"Anchor":13,"Bottled Flame":23,"Gambling Chip":24,"Snecko Eye":0,"Turnip":18,"PureWater":0,"NlothsMask":3},{"Potion Belt":59,"Vajra":41,"Damaru":62,"Yang":29,"Frozen Egg 2":16,"Empty Cage":48,"GoldenEye":76,"SlaversCollar":71,"Centennial Puzzle":19,"Anchor":54,"Bottled Flame":80,"Gambling Chip":85,"Snecko Eye":0,"Turnip":67,"PureWater":0,"NlothsMask":7}]},"card_choices":[{"not_picked":["BowlingBash","EmptyBody","CrushJoints"],"picked":"SKIP","floor":1},{"not_picked":["JustLucky","WreathOfFlame"],"picked":"LikeWater","floor":2},{"not_picked":["Halt","Fasting2"],"picked":"TalkToTheHand","floor":3},{"not_picked":["SashWhip","ThirdEye"],"picked":"BattleHymn","floor":5},{"not_picked":["CrushJoints","Crescendo"],"picked":"Tantrum","floor":6},{"not_picked":["EmptyFist","SashWhip","ForeignInfluence"],"picked":"SKIP","floor":8},{"not_picked":["Crescendo","Consecrate","SashWhip"],"picked":"SKIP","floor":10},{"not_picked":["Fasting2+1","BattleHymn+1"],"picked":"Swivel","floor":11},{"not_picked":["Prostrate","PathToVictory","ThirdEye"],"picked":"SKIP","floor":12},{"not_picked":["EmptyBody","Evaluate","CarveReality"],"picked":"SKIP","floor":14},{"not_picked":["Scrawl","LessonLearned"],"picked":"Ragnarok","floor":16},{"not_picked":["Worship","Conclude","FollowUp"],"picked":"SKIP","floor":18},{"not_picked":["PathToVictory","Sanctity","CrushJoints"],"picked":"SKIP","floor":19},{"not_picked":["Consecrate+1","CrushJoints"],"picked":"Meditate","floor":24},{"not_picked":["Halt","EmptyMind"],"picked":"LessonLearned","floor":25},{"not_picked":["CutThroughFate","EmptyFist","Fasting2+1"],"picked":"SKIP","floor":27},{"not_picked":["FlyingSleeves","CrushJoints","Consecrate+1"],"picked":"SKIP","floor":28},{"not_picked":["Crescendo","Evaluate","ForeignInfluence"],"picked":"SKIP","floor":31},{"not_picked":["Scrawl","Judgement"],"picked":"Ragnarok","floor":33},{"not_picked":["PathToVictory+1","Consecrate","SandsOfTime+1"],"picked":"SKIP","floor":35},{"not_picked":["InnerPeace","CrushJoints"],"picked":"Wallop","floor":37},{"not_picked":["Evaluate","FlurryOfBlows","Consecrate"],"picked":"SKIP","floor":41},{"not_picked":["Evaluate","FlurryOfBlows","Consecrate"],"picked":"SKIP","floor":41},{"not_picked":["ThirdEye+1","WindmillStrike"],"picked":"LikeWater+1","floor":42},{"not_picked":["SignatureMove+1","InnerPeace+1","Study+1"],"picked":"SKIP","floor":47},{"not_picked":["CarveReality+1","Pray","ClearTheMind"],"picked":"SKIP","floor":48}],"player_experience":340995,"relics_obtained":[{"floor":6,"key":"Frozen Egg 2"},{"floor":8,"key":"Centennial Puzzle"},{"floor":11,"key":"Yang"},{"floor":14,"key":"Vajra"},{"floor":26,"key":"Potion Belt"},{"floor":27,"key":"Damaru"},{"floor":31,"key":"Turnip"},{"floor":37,"key":"GoldenEye"},{"floor":43,"key":"Bottled Flame"},{"floor":47,"key":"Gambling Chip"}],"event_choices":[{"damage_healed":0,"gold_gain":0,"player_choice":"Trade","damage_taken":0,"relics_obtained":["NlothsMask"],"max_hp_gain":0,"max_hp_loss":0,"event_name":"FaceTrader","floor":4,"gold_loss":0},{"cards_removed":["Defend_P"],"damage_healed":0,"gold_gain":0,"player_choice":"Purged","damage_taken":0,"max_hp_gain":0,"max_hp_loss":0,"event_name":"Purifier","floor":22,"gold_loss":0},{"damage_healed":0,"gold_gain":0,"player_choice":"Fight","damage_taken":0,"max_hp_gain":0,"max_hp_loss":0,"event_name":"MindBloom","floor":37,"gold_loss":0},{"damage_healed":0,"gold_gain":300,"player_choice":"Gold","damage_taken":0,"max_hp_gain":0,"max_hp_loss":0,"event_name":"Wheel of Change","floor":39,"gold_loss":0},{"damage_healed":0,"gold_gain":0,"player_choice":"Ignored","damage_taken":0,"max_hp_gain":0,"max_hp_loss":0,"event_name":"Tomb of Lord Red Mask","floor":45,"gold_loss":0},{"damage_healed":0,"gold_gain":100,"player_choice":"Pray","damage_taken":0,"max_hp_gain":0,"max_hp_loss":0,"event_name":"Golden Shrine","floor":46,"gold_loss":0}],"is_beta":false,"boss_relics":[{"not_picked":["Black Star","Velvet Choker"],"picked":"Empty Cage"},{"not_picked":["Astrolabe","Fusion Hammer"],"picked":"SlaversCollar"}],"items_purged_floors":[20,29,36],"is_endless":false,"potions_floor_spawned":[2,5,6,8,10,16,18,28,33,35,42],"ascension_level":5}}