{"host":"rylkjufw9dlhr07b","time":1610049743,"event":{"mods":["AchievementEnabler","BaseMod","Better Note","BetterRewards","Hubris","Minty Spire (QoL Compilation)","Quick Restart","Replay The Spire","StSLib"],"gold_per_floor":[114,125,125,136,136,164,164,184,184,184,200,200,200,219,219,219,219],"floor_reached":16,"playtime":843,"items_purged":[],"score":236,"play_id":"080b63cd-a35f-4920-9628-1f3175f04f28","local_time":"20210107210223","is_ascension_mode":true,"campfire_choices":[{"floor":7,"key":"REST"},{"floor":12,"key":"REST"},{"floor":15,"key":"REST"}],"circlet_count":0,"master_deck":["AscendersBane","Strike_B+1","Strike_B","Strike_B","Defend_B","Defend_B","Defend_B","Defend_B","Zap","Dualcast","Clumsy","Storm","Coolheaded","Doom and Gloom+1","Stack","Conserve Battery","Force Field+1","Static Discharge","White Noise+1","Barrage","BootSequence","Multi-Cast"],"relics":["Cracked Core","ReplayTheSpireMod:CursedCoin","Nunchaku","Pondfish Scales","Oddly Smooth Stone","Replay:PocketPolymizer"],"acts_visited":["Exordium"],"potions_floor_usage":[6,16],"damage_taken":[{"damage":3,"enemies":"Jaw Worm","floor":1,"turns":4},{"damage":2,"enemies":"2 Louse","floor":2,"turns":3},{"damage":0,"enemies":"Cultist","floor":4,"turns":3},{"damage":24,"enemies":"3 Sentries","floor":6,"turns":5},{"damage":8,"enemies":"Large Slime","floor":8,"turns":5},{"damage":6,"enemies":"Exordium Wildlife","floor":11,"turns":5},{"damage":4,"enemies":"Gremlin Gang","floor":14,"turns":2},{"damage":68,"enemies":"Slime Boss","floor":16,"turns":9}],"seed_played":"2793003501475366936","potions_obtained":[{"floor":2,"key":"CultistPotion"},{"floor":14,"key":"Swift Potion"}],"is_trial":false,"path_per_floor":["M","M","?","M","?","E","R","M","T","?","M","R","?","M","R","B"],"character_chosen":"DEFECT","items_purchased":["ReplayTheSpireMod:CursedCoin","Storm","Coolheaded","Nunchaku","Doom and Gloom"],"campfire_rested":3,"item_purchase_floors":[0,0,0,0,0],"current_hp_per_floor":[57,55,40,40,40,16,38,30,30,30,24,46,43,39,61,0,0],"gold":219,"neow_bonus":"","is_daily":false,"chose_seed":false,"campfire_upgraded":0,"win_rate":0.0,"timestamp":1610049743,"path_taken":["M","M","?","M","?","E","R","M","T","?","?","R","?","M","R","BOSS"],"items_purchased_type":["Relic","Card","Card","Relic","Card"],"build_version":"2020-12-22","purchased_purges":0,"victory":false,"max_hp_per_floor":[75,75,75,75,75,75,75,75,75,75,75,75,75,75,75,75,75],"card_choices":[{"not_picked":["Turbo","Gash"],"picked":"Stack","floor":1},{"not_picked":["Coolheaded","Streamline"],"picked":"Conserve Battery","floor":2},{"not_picked":["Steam","Double Energy"],"picked":"Force Field","floor":4},{"not_picked":["ReplayGash","Hyperbeam"],"picked":"Static Discharge","floor":6},{"not_picked":["Rebound","Beam Cell"],"picked":"White Noise","floor":8},{"not_picked":["Turbo","Redo"],"picked":"Barrage","floor":11},{"not_picked":["Sweeping Beam","Gash"],"picked":"BootSequence","floor":14}],"player_experience":522825,"relics_obtained":[{"floor":6,"key":"Pondfish Scales"},{"floor":9,"key":"Oddly Smooth Stone"}],"event_choices":[{"damage_healed":0,"gold_gain":0,"player_choice":"Entered Light","damage_taken":15,"max_hp_gain":0,"max_hp_loss":0,"event_name":"Shining Light","floor":3,"gold_loss":0,"cards_upgraded":["Strike_B","Doom and Gloom"]},{"damage_healed":0,"gold_gain":0,"player_choice":"Upgraded","damage_taken":0,"max_hp_gain":0,"max_hp_loss":0,"event_name":"Upgrade Shrine","floor":10,"gold_loss":0,"cards_upgraded":["White Noise"]},{"damage_healed":0,"gold_gain":0,"player_choice":"Success","damage_taken":3,"relics_obtained":["Replay:PocketPolymizer"],"max_hp_gain":0,"max_hp_loss":0,"event_name":"Scrap Ooze","floor":13,"gold_loss":0}],"is_beta":false,"boss_relics":[],"items_purged_floors":[],"is_endless":false,"potions_floor_spawned":[2,14],"killed_by":"Slime Boss","ascension_level":11}}