{"host":"e2uqnaep9nhbuq3z","time":1610050009,"event":{"mods":["AchievementEnabler","Act Like it!","Aspiration","BaseMod","Better Altar","Better Note","Better Skull","Better Third Choice","ChefMod","Colored Map","Colored Powertips","Dark Map","Disable Question Mark Monsters","Energized Spire","Gensokyo","Hallownest","Hermit","Hubris","Infinite Spire","Minty Spire (QoL Compilation)","Pale of the Ancients","Rare Cards Sparkle","Replay The Spire","Retaliation","Shade Mod","Spikes Relics","StSLib","The Blue Laboratory","The Cursed","The Disciple","The Hierophant","The IronCluck","The Marked"],"gold_per_floor":[114,114,130,130,147,147,158,83,83,101,101,151,164,7,7,160,160,170,182,182,197,197,197],"floor_reached":22,"playtime":3631,"items_purged":["theMarked:Strike","Delirium"],"score":178,"play_id":"dbebaa51-e579-4b4f-85a5-7129334dc7e9","local_time":"20210107210649","is_ascension_mode":false,"campfire_choices":[{"data":"theMarked:Improvise","floor":6,"key":"SMITH"},{"data":"theMarked:ParalyzingBlade","floor":11,"key":"SMITH"},{"data":"theMarked:StartUp","floor":15,"key":"SMITH"}],"circlet_count":0,"master_deck":["theMarked:Strike","theMarked:Strike","theMarked:Strike","theMarked:Strike","theMarked:Defend","theMarked:Defend","theMarked:Defend","theMarked:Defend","theMarked:SoldierOfQuellstein","theMarked:Improvise+1","Fiend Fire","theMarked:StartUp+1","theMarked:ParalyzingBlade+1","theMarked:EmpowerWeapon","theMarked:Opportunist","theMarked:UnarmedFury","theMarked:BanishingStrike"],"relics":["energizedSpire:MagnifyingGlass","ShockBauble","Ring of Greed","hubris:MobiusCoin","Replay:Wax Seal","Potion Belt","SacredBark","aspiration:Nostalgia","hierophant:PropheticMaskRelic"],"acts_visited":["Exordium","TheCity"],"potions_floor_usage":[16,18,21],"damage_taken":[{"damage":1,"enemies":"Cultist","floor":1,"turns":4},{"damage":1,"enemies":"2 Louse","floor":3,"turns":3},{"damage":1,"enemies":"Jaw Worm","floor":5,"turns":3},{"damage":4,"enemies":"Red Slaver","floor":7,"turns":3},{"damage":4,"enemies":"Exordium Thugs","floor":10,"turns":4},{"damage":4,"enemies":"Gremlin Gang","floor":13,"turns":6},{"damage":27,"enemies":"The Guardian","floor":16,"turns":10},{"damage":27,"enemies":"2 Thieves","floor":18,"turns":4},{"damage":16,"enemies":"Shell Parasite","floor":19,"turns":6},{"damage":32,"enemies":"Shelled Parasite and Fungi","floor":21,"turns":6},{"damage":27,"enemies":"3 Cultists","floor":22,"turns":4}],"seed_played":"5146207916424972808","potions_obtained":[{"floor":1,"key":"blueLaboratory:PhilterOfMotion"},{"floor":3,"key":"Regen Potion"},{"floor":18,"key":"Swift Potion"},{"floor":19,"key":"blueLaboratory:EnragingPotion"}],"is_trial":false,"path_per_floor":["M","?","M","?","M","R","M","$","T","M","R","?","M","$","R","B",null,"M","M","AVR","M","M"],"character_chosen":"THE_DEFAULT","items_purchased":["Potion Belt"],"campfire_rested":0,"item_purchase_floors":[14],"current_hp_per_floor":[69,64,63,68,67,67,63,63,63,59,59,59,55,55,55,28,75,67,51,51,19,0,0],"gold":197,"neow_bonus":"BOSS_RELIC","is_daily":false,"chose_seed":false,"campfire_upgraded":3,"win_rate":0.0,"timestamp":1610050009,"path_taken":["M","?","M","?","M","R","M","$","T","M","R","?","?","?","R","BOSS","M","?","AVR","M","M"],"items_purchased_type":["Relic"],"build_version":"2020-12-22","purchased_purges":2,"victory":false,"max_hp_per_floor":[70,70,70,75,75,75,75,75,75,75,75,75,75,75,75,75,75,75,75,75,75,75,75],"card_choices":[{"not_picked":["theMarked:Aftermath","theMarked:ElectricStrings"],"picked":"theMarked:Improvise","floor":1},{"not_picked":["theMarked:WastefulDefense","theMarked:HeritageOfTheMarked"],"picked":"theMarked:StartUp","floor":3},{"not_picked":["theMarked:Frustration","theMarked:DeterminationOfTheMarked"],"picked":"theMarked:ParalyzingBlade","floor":5},{"not_picked":["theMarked:Improvise","theMarked:ChainLightning"],"picked":"theMarked:EmpowerWeapon","floor":7},{"not_picked":["theMarked:WastefulDefense","theMarked:Frustration","theMarked:TwofoldDefense"],"picked":"SKIP","floor":10},{"not_picked":["theMarked:Standoff","theMarked:ComboAttacks"],"picked":"theMarked:Opportunist","floor":13},{"not_picked":["theMarked:Snap","theMarked:MagicAdept"],"picked":"theMarked:UnarmedFury","floor":16},{"not_picked":["theMarked:Improvise","theMarked:DeterminationOfTheMarked","theMarked:Electrify"],"picked":"SKIP","floor":18},{"not_picked":["theMarked:ResourceFulStrike","theMarked:Standoff"],"picked":"theMarked:BanishingStrike","floor":19},{"not_picked":["theMarked:HeightenedSenses","theMarked:ResourceFulStrike","theMarked:SwordAndMagic"],"picked":"SKIP","floor":21}],"player_experience":490894,"relics_obtained":[{"floor":9,"key":"ShockBauble"},{"floor":12,"key":"Ring of Greed"},{"floor":12,"key":"hubris:MobiusCoin"},{"floor":12,"key":"Replay:Wax Seal"}],"event_choices":[{"damage_healed":0,"gold_gain":0,"player_choice":"Card ","damage_taken":5,"max_hp_gain":0,"max_hp_loss":0,"event_name":"betterThird:BetterScrap","floor":2,"gold_loss":0,"cards_obtained":["Fiend Fire"]},{"damage_healed":0,"gold_gain":0,"player_choice":"Donut","damage_taken":0,"max_hp_gain":5,"max_hp_loss":0,"event_name":"Big Fish","floor":4,"gold_loss":0}],"is_beta":false,"boss_relics":[{"not_picked":["Fusion Hammer","Snecko Eye"],"picked":"SacredBark"}],"items_purged_floors":[8,20],"is_endless":false,"potions_floor_spawned":[1,3,18,19],"killed_by":"3 Cultists","ascension_level":0}}