{"host":"vrsxkkch9ccrec7k","time":1610052752,"event":{"mods":["Act Like it!","BaseMod","Bestiary","Better Third Choice","Better Vampires","Gensokyo","Hermit","Minty Spire (QoL Compilation)","Permanent Neow","Relic Stats","Spicy Shops","StSLib"],"gold_per_floor":[110,121,135,235,235,235,235,260,260,260,295,155,155,182,182,182,182],"floor_reached":16,"playtime":1612,"items_purged":[],"score":105,"play_id":"90684b22-f461-4016-a316-73016c3d586e","local_time":"20210107155232","is_ascension_mode":true,"campfire_choices":[{"data":"hermit:Snapshot","floor":6,"key":"SMITH"},{"data":"hermit:Scavenge","floor":10,"key":"SMITH"},{"data":"1","floor":15,"key":"LIFT"}],"circlet_count":0,"master_deck":["hermit:Strike_Hermit","hermit:Strike_Hermit","hermit:Strike_Hermit","hermit:Defend_Hermit","hermit:Defend_Hermit","hermit:Defend_Hermit","hermit:Defend_Hermit","hermit:Snapshot+1","hermit:Covet","hermit:TakeAim","hermit:BigShot","hermit:Scavenge+1","hermit:TrackingShot","hermit:HeroicBravado+1","hermit:Enervate"],"relics":["hermit:Momento","Tiny Chest","Matryoshka","Girya"],"acts_visited":["Exordium"],"potions_floor_usage":[11,14,16,16,16],"damage_taken":[{"damage":2,"enemies":"Gensokyo:3_Fairies","floor":1,"turns":5},{"damage":7,"enemies":"Gensokyo:Python","floor":2,"turns":6},{"damage":4,"enemies":"Gensokyo:2_Kodama","floor":3,"turns":5},{"damage":9,"enemies":"Gensokyo:Gryphon_and_Rabbit","floor":8,"turns":10},{"damage":5,"enemies":"Gensokyo:Mamizou","floor":11,"turns":9},{"damage":10,"enemies":"Gensokyo:LivingMonolith","floor":14,"turns":5},{"damage":58,"enemies":"Gensokyo:Reimu","floor":16,"turns":11}],"seed_played":"2073311967133610927","potions_obtained":[{"floor":1,"key":"SkillPotion"},{"floor":2,"key":"Swift Potion"},{"floor":14,"key":"EntropicBrew"}],"is_trial":false,"path_per_floor":["M","M","M","?","?","R","?","M","T","R","E","?","?","M","R","B"],"character_chosen":"HERMIT","items_purchased":[],"campfire_rested":0,"item_purchase_floors":[],"current_hp_per_floor":[73,66,62,62,62,62,62,53,53,53,48,48,48,38,38,0,0],"gold":182,"neow_bonus":"TRANSFORM_CARD","is_daily":false,"chose_seed":false,"campfire_upgraded":2,"win_rate":0.0,"timestamp":1610052752,"path_taken":["M","?","M","?","?","R","?","M","T","R","E","?","?","M","R","BOSS"],"items_purchased_type":[],"build_version":"2020-12-22","purchased_purges":0,"victory":false,"max_hp_per_floor":[75,75,75,75,75,75,75,75,75,75,75,75,75,75,75,75,75],"relic_stats":{"counters":[7,51],"Tiny Chest":0,"obtain_stats":[{"Girya":12,"Matryoshka":11,"Tiny Chest":9,"hermit:Momento":0},{"Girya":5,"Matryoshka":5,"Tiny Chest":4,"hermit:Momento":0},{"Girya":35,"Matryoshka":35,"Tiny Chest":26,"hermit:Momento":0}]},"card_choices":[{"not_picked":["hermit:Maintenance","hermit:WideOpen"],"picked":"hermit:BigShot","floor":1},{"not_picked":["hermit:Roulette","hermit:CalledShot","hermit:Feint"],"picked":"SKIP","floor":2},{"not_picked":["hermit:Dive","hermit:Headshot"],"picked":"hermit:Scavenge","floor":3},{"not_picked":["hermit:Glare","hermit:Manifest","hermit:SprayPray"],"picked":"SKIP","floor":8},{"not_picked":["hermit:Midnight","hermit:HoleUp"],"picked":"hermit:TrackingShot","floor":11},{"not_picked":["hermit:Brawl","hermit:HighCaliber"],"picked":"hermit:Enervate","floor":14}],"player_experience":1341575,"relics_obtained":[{"floor":9,"key":"Tiny Chest"},{"floor":11,"key":"Matryoshka"}],"event_choices":[],"is_beta":false,"boss_relics":[],"items_purged_floors":[],"is_endless":false,"potions_floor_spawned":[1,2,14],"killed_by":"Gensokyo:Reimu","ascension_level":1}}