{"host":"4q8tqz186r0pap1a","time":1610004180,"event":{"mods":["ATMod(阿瑾Mod)","Act Like it!","Arknights The Spire","BaseMod","Bestiary","Block Reminder","Colored Powertips","Curses Come First","Dota2Spire","Downfall","Gensokyo","Gold Saver","GungeonMod","Hallownest","Highlight Path","Hubris","Hunter 猎人","Jedi Mod","KinomotoSakuraMod(木之本樱)","KomeijiMod","Luminous","Minty Spire (QoL Compilation)","Nova Terra(诺娃・泰拉)","Pale of the Ancients","Quarter Circle Forward PUNCH!","Red Circlet Mod","Relic Stats","Replay The Spire","SIMod","Shop Mod","Spicy Shops","StSLib","The Animator","The Bug Knight","The Construct","The Cursed","The Hierophant","The Marked","TheWitcher","UnlockEverythingMod","WarShipGirlsR/战舰少女R mod","Yakumo Yukari mod","Yuyuko","[IsaacMod]以撒尖塔","[地精首领爬塔]The Maniac","vexMod","【功能Mod】混沌之环修复补丁","【功能Mod】聪明的最终Boss","【遗物卡牌】REMEMod","残留之物"],"gold_per_floor":[109,128,140,152,164,191,222,222,222,247,267,98799,98817,98849,98849,98922,98922,98934,98946,98960,98979,98991,99019,99019,99051,99051,98208,97896,97896,97936,97954,97954,98039,98039,98050,98061,98061,97961,97971,98001,98040,98084,98084,98102,98144,98162,98180,98189,98207,98279,98367,98367,98386,98395,98417,98417,98483,98501,98501,98669,98669,98679,98728,98750,98777,98901,98901,99045,99045,99105,99132,99132,99182,99182,99182,99227,99227,99346,99346,99355,99355,99391,99432,99432,99517,99517,99517],"floor_reached":85,"playtime":8664,"items_purged":["Guardian:Defend_Guardian","Writhe","Guardian:Strike_Guardian+1","Guardian:Defend_Guardian","Guardian:Defend_Guardian","Guardian:Defend_Guardian"],"score":4825,"play_id":"7efcd9f4-26a6-45ba-981d-42d2da386ed1","local_time":"20210107152300","daily_mods":["Vintage","Heirloom","Time Dilation","Flight","Lethality","Terminal"],"is_ascension_mode":true,"campfire_choices":[{"data":"Guardian:AncientConstruct","floor":15.0,"key":"SMITH"},{"data":"AT_FalsePromise","floor":24.0,"key":"SMITH"},{"data":"Guardian:TwinSlam","floor":29.0,"key":"SMITH"},{"data":"Guardian:PrismaticBeam","floor":32.0,"key":"SMITH"},{"floor":67.0,"key":"REST"},{"data":"Guardian:Strike_Guardian","floor":75.0,"key":"SMITH"},{"data":"Guardian:Strike_Guardian","floor":77.0,"key":"SMITH"},{"data":"Guardian:Strike_Guardian","floor":79.0,"key":"SMITH"},{"data":"Guardian:TimeCapacitor","floor":81.0,"key":"SMITH"},{"data":"ReplayUltimateDefense","floor":84.0,"key":"SMITH"}],"circlet_count":17,"master_deck":["AscendersBane","Guardian:Strike_Guardian","Guardian:Strike_Guardian","Guardian:Strike_Guardian","Guardian:CurlUp+1","Guardian:TwinSlam+1","AT_BreakingExtremeWeapon+1","AT_FalsePromise+1","Guardian:AncientConstruct+1","Guardian:PrismaticBeam+1","Guardian:RollAttack+1","Guardian:SphericShield+1","PiercingWail+1","Guardian:ShieldCharger+1","Guardian:Incinerate+1","Guardian:Incinerate+1","Master of Strategy+1","Guardian:StasisStrike+1","Guardian:RevengeProtocol+1","Guardian:VentSteam+1","Guardian:BaubleBeam+1","Guardian:Harden+1","Guardian:Repulse+1","Guardian:BronzeOrb+1","Guardian:TimeBomb+1","BloodyBrimstone+1","Guardian:Gem_Purple","Guardian:Gem_Orange","BloodyBrimstone+1","Guardian:Gem_Lightblue","Guardian:Emergency+1","Guardian:TimeBomb+1","Guardian:SphericShield+1","Guardian:TemporalShield+1","Guardian:BaubleBeam+1","Guardian:Gem_Crimson","Guardian:Gem_Purple","Guardian:Gem_Purple","Guardian:BaubleBeam+1","Guardian:TimeCapacitor+1","Mayhem+1","ReplayUltimateDefense+1","expansioncontent:Flail+1","expansioncontent:ChargeUp+1"],"relics":["Guardian:ModeShifter","qcfpunch:Spiky_Bracers","qcfpunch:White_Boots","qcfpunch:Handcuffs","qcfpunch:Army_Boots","qcfpunch:Chain_With_Nametags","qcfpunch:Combat_Fatigues","qcfpunch:Black_Training_Shirt","qcfpunch:Red_Gi","qcfpunch:Unceasing_Flame","qcfpunch:Wrestler\u0027s_Cloak","qcfpunch:Wild_Herbs_Ointment","qcfpunch:Red_Cyclone_Teachings","qcfpunch:Broken_Tusk","qcfpunch:Necklace_of_Skulls","qcfpunch:Lotus_Statue","qcfpunch:Red_Beret","qcfpunch:Green_Leotard","qcfpunch:Special_Ops_Insignia","AT_ATBox","HushsDoor","REME_ComplimentaryCards","HowToJump","hubris:CuriousFeather","Omamori","Circlet","jedi:matchstick","TheBible","DemoMod:GlassGuonStoneRelic","hubris:OldNail","Dota2Spire:Vanguard","hubris:MysteriousPyramids","Blood Vial","Nunchaku","ReplayTheSpireMod:Lightbulb","GuppysPaw","DemoMod:MemoryAlloy","qcfpunch:School_Backpack","hubris:ToyBattleship","Dota2Spire:OctarineCore","SteamSale","jedi:kaleidoscope","Leech","ChewingGum","hubris:GlazedTorus","Prayer Wheel","Akabeko","Chameleon Ring","hubris:PeanutButter","Bag of Preparation","jedi:HeartOfTheCards","Eternal Feather","Kunai","DemoMod:AgedBell","PlaceholderMod:DaolothFragment","Guardian:BottledAnomaly","PillsDrop","Guardian:SackOfGems","HollowMod:JonisBlessing","DemoMod:PartiallyEatenCheese","CeramicFish","Membership Card","REME_PuzzleBoxRelic","vexMod:Dragonfruit","DemoMod:JetPack","DeadEye","UnicornStump","vexMod:GhostlyGear","Dota2Spire:ShadowBlade","Onion Ring","TheBattery","hubris:VirtuousBlindfold","Smiling Mask","Toy Ornithopter","hexamod:BolsterEngine","hubris:TinFlute","Iron Hammer","jedi:angrymask","qcfpunch:Red_Headband","Replay:WaspNest","Dota2Spire:BladeMail","jedi:heavyjacket","REME_OnlineShoppingPlatform","TuHaoJin","Lantern","vexMod:BarristanHead","Guardian:PickAxe","Guardian:GemstoneGun","Quantum Egg","Pantograph","TheBean","vexMod:MemoryStick","hubris:HerbalPaste","BookOfRevelations","MealTicket","HandDrill","SlaversCollar","Whetstone","Replay:Bandana","Dota2Spire:BlackKingBar","Gremlin Food","Dota2Spire:LinkenSphere","Frozen Eye","DollysMirror","ForgetMeNow","hubris:SlimyHat","Dota2Spire:AssaultCuirass","Durian","Centennial Puzzle","ReplayTheSpireMod:CursedCoin","Bottled Tornado","InkBottle","HollowMod:LifeEnderRelic","qcfpunch:Not_Strongest_Fighting_Style_Guidebook","AT_MibuBalloonWealth","White Beast Statue","Replay:PocketPolymizer","Toxic Egg 2","vexMod:PaidLearning","ReplayTheSpireMod:TigerMarble","Dota2Spire:ArmletOfMordiggian","jedi:Pinwheel","hubris:FunFungus","Medical Kit","DemoMod:SerJunkan","Replay:Baseball","AT_BellDemon","Simple Rune","Pen Nib","Gremlin Horn","Dota2Spire:MantaStyle","Dota2Spire:MaskOfMadness","DemoMod:ChaffGrenade","jedi:cryingmask","OrangePellets","Potion Belt","AT_DeathDance","Habit","DemoMod:Bottle","DemoMod:GreenGuonStone","ReplayTheSpireMod:ShopPack","DemoMod:BlueGuonStone","DemoMod:Relodestone"],"acts_visited":["Exordium","TheCity","TheBeyond","Exordium","TheCity"],"potions_floor_usage":[85,85],"damage_taken":[{"damage":0.0,"enemies":"Cultist","floor":1.0,"turns":2.0},{"damage":0.0,"enemies":"Small Slimes","floor":2.0,"turns":2.0},{"damage":0.0,"enemies":"2 Louse","floor":3.0,"turns":1.0},{"damage":0.0,"enemies":"Lots of Slimes","floor":4.0,"turns":3.0},{"damage":0.0,"enemies":"Large Slime","floor":5.0,"turns":2.0},{"damage":0.0,"enemies":"Replay:BlueRogue","floor":6.0,"turns":4.0},{"damage":0.0,"enemies":"Lagavulin","floor":7.0,"turns":4.0},{"damage":0.0,"enemies":"Replay:BlueRogue","floor":10.0,"turns":3.0},{"damage":0.0,"enemies":"2 Fungi Beasts","floor":11.0,"turns":3.0},{"damage":0.0,"enemies":"3 Louse","floor":13.0,"turns":1.0},{"damage":0.0,"enemies":"HollowMod:MossKnight","floor":14.0,"turns":3.0},{"damage":0.0,"enemies":"The Guardian","floor":16.0,"turns":4.0},{"damage":0.0,"enemies":"Shell Parasite","floor":18.0,"turns":2.0},{"damage":0.0,"enemies":"Chosen","floor":19.0,"turns":3.0},{"damage":0.0,"enemies":"Shelled Parasite and Fungi","floor":20.0,"turns":2.0},{"damage":0.0,"enemies":"Snake Plant","floor":21.0,"turns":2.0},{"damage":0.0,"enemies":"Sentry and Sphere","floor":22.0,"turns":3.0},{"damage":0.0,"enemies":"Slavers","floor":23.0,"turns":3.0},{"damage":0.0,"enemies":"Replay:Snechameleon","floor":25.0,"turns":2.0},{"damage":0.0,"enemies":"HollowMod:Nosk","floor":30.0,"turns":1.0},{"damage":0.0,"enemies":"Pondfish","floor":33.0,"turns":3.0},{"damage":0.0,"enemies":"3 Shapes","floor":35.0,"turns":1.0},{"damage":0.0,"enemies":"3 Darklings","floor":36.0,"turns":2.0},{"damage":0.0,"enemies":"Spire Growth","floor":39.0,"turns":1.0},{"damage":0.0,"enemies":"Nemesis","floor":40.0,"turns":1.0},{"damage":0.0,"enemies":"R_Hoarder","floor":41.0,"turns":1.0},{"damage":0.0,"enemies":"Reptomancer","floor":42.0,"turns":1.0},{"damage":0.0,"enemies":"R_Hoarder","floor":45.0,"turns":1.0},{"damage":0.0,"enemies":"Awakened One","floor":50.0,"turns":7.0},{"damage":0.0,"enemies":"hubris:GrandSnecko","floor":51.0,"turns":1.0},{"damage":0.0,"enemies":"Small Slimes","floor":53.0,"turns":1.0},{"damage":0.0,"enemies":"2 Louse","floor":55.0,"turns":1.0},{"damage":0.0,"enemies":"Jaw Worm","floor":57.0,"turns":1.0},{"damage":0.0,"enemies":"3 Louse","floor":62.0,"turns":1.0},{"damage":0.0,"enemies":"3 Sentries","floor":63.0,"turns":1.0},{"damage":0.0,"enemies":"Large Slime","floor":64.0,"turns":1.0},{"damage":0.0,"enemies":"Gremlin Gang","floor":66.0,"turns":1.0},{"damage":0.0,"enemies":"Delirium","floor":68.0,"turns":1.0},{"damage":0.0,"enemies":"2 Thieves","floor":70.0,"turns":1.0},{"damage":0.0,"enemies":"Chosen","floor":73.0,"turns":1.0},{"damage":0.0,"enemies":"Snake Plant","floor":76.0,"turns":1.0},{"damage":0.0,"enemies":"Slavers","floor":78.0,"turns":1.0},{"damage":0.0,"enemies":"Snecko","floor":83.0,"turns":1.0},{"damage":0,"enemies":"Delirium","floor":85,"turns":6}],"seed_played":"1594792291799322529","potions_obtained":[{"floor":4.0,"key":"Dexterity Potion"},{"floor":10.0,"key":"Fire Potion"},{"floor":83.0,"key":"Fire Potion"}],"is_trial":true,"path_per_floor":["M","M","M","M","M","E","E","M","T","E","M","$","M","E","R","B",null,"M","M","M","M","M","E","R","E","T","$","$","R","E","$","R","B",null,"M","M","T","NS","M","E","E","E","T","$","E","$","R","$","R","B","B",null,"M","$","M","?","M","R","R","$","T","M","E","M","$","M","R","B",null,"M","$","?","M","?","R","M","R","E","R","$","R","$","M","R","B"],"character_chosen":"GUARDIAN","items_purchased":["Guardian:RollAttack","Guardian:ArmoredProtocol","Guardian:PiercingHide","DemoMod:MemoryAlloy","qcfpunch:School_Backpack","hubris:ToyBattleship","Dota2Spire:OctarineCore","SteamSale","DemoMod:LeadSkinPotion","DemoMod:AgedBell","PlaceholderMod:DaolothFragment","Guardian:BottledAnomaly","PillsDrop","DemoMod:WeirdEgg","HollowMod:JonisBlessing","Guardian:Gem_Green","Guardian:Incinerate","Master of Strategy","DemoMod:PartiallyEatenCheese","CeramicFish","Membership Card","REME_PuzzleBoxRelic","vexMod:Dragonfruit","qcfpunch:Cattail","Guardian:StasisStrike","Guardian:Gem_Crimson","DeadEye","UnicornStump","vexMod:GhostlyGear","Dota2Spire:ShadowBlade","Onion Ring","TheBattery","Guardian:RevengeProtocol","Guardian:VentSteam","Dota2Spire:BladeMail","jedi:heavyjacket","REME_OnlineShoppingPlatform","TuHaoJin","Lantern","Guardian:Gem_White","Guardian:BronzeOrb","Guardian:PickAxe","Guardian:GemstoneGun","Quantum Egg","Pantograph","Guardian:Gem_Green","BloodyBrimstone","TheBean","vexMod:MemoryStick","hubris:HerbalPaste","BookOfRevelations","MealTicket","HandDrill","Guardian:Gem_White","Replay:Bandana","Dota2Spire:BlackKingBar","Gremlin Food","Dota2Spire:LinkenSphere","Frozen Eye","DollysMirror","Dota2Spire:AssaultCuirass","Durian","Centennial Puzzle","ReplayTheSpireMod:CursedCoin","Bottled Tornado","Guardian:Gem_Lightblue","Guardian:Emergency","AT_MibuBalloonWealth","White Beast Statue","qcfpunch:Cattail","Replay:PocketPolymizer","Toxic Egg 2","vexMod:PaidLearning","Guardian:SphericShield+1","Guardian:TemporalShield+1","jedi:Pinwheel","hubris:FunFungus","Medical Kit","DemoMod:SerJunkan","Guardian:Gem_Crimson","Guardian:Gem_Purple","Replay:Baseball","Dota2Spire:MaskOfMadness","DemoMod:ChaffGrenade","jedi:cryingmask","OrangePellets","Guardian:TimeCapacitor","Potion Belt","AT_DeathDance","Habit","DemoMod:Bottle","Mayhem","DemoMod:GreenGuonStone","ReplayTheSpireMod:ShopPack"],"campfire_rested":1,"item_purchase_floors":[12,12,12,12,12,12,12,12,12,27,27,27,27,27,27,27,27,27,28,28,28,28,28,28,28,28,31,31,31,31,31,31,31,31,44,44,44,44,44,44,44,46,46,46,46,46,46,48,48,48,48,48,48,48,54,54,54,54,54,54,60,60,60,60,60,60,60,65,65,65,65,65,65,65,65,71,71,71,71,71,71,71,80,80,80,80,80,82,82,82,82,82,82,82],"current_hp_per_floor":[4,3,6,5,4,3,3,3,3,3,3,3,4,3,2,2,4,3,6,5,4,3,6,5,4,3,2,6,5,4,3,2,2,4,3,3,3,3,1,1,1,1,1,1,1,1,2,1,1,1,1,1,4,6,3,3,2,4,3,7,6,3,3,3,3,3,5,1,1,1,3,2,2,2,3,3,5,5,9,8,7,6,5,4,0,0,0],"gold":99517,"neow_bonus":"","is_daily":false,"chose_seed":false,"campfire_upgraded":9,"win_rate":0.0,"timestamp":1610004180,"path_taken":["M","M","M","M","M","E","E","M","T","E","M","$","M","E","R","BOSS","M","M","M","M","M","E","R","E","T","$","$","R","E","$","R","BOSS","M","?","?","NS","?","E","E","E","T","$","E","$","R","$","R","BOSS","BOSS","M","$","M","?","M","R","R","$","T","M","E","M","$","M","R","BOSS","M","?","?","?","?","R","M","R","E","R","$","R","$","M","R","BOSS"],"items_purchased_type":["Card","Card","Card","Relic","Relic","Relic","Relic","Relic","Undefined","Relic","Relic","Relic","Relic","Relic","Relic","Card","Card","Card","Relic","Relic","Relic","Relic","Relic","Relic","Card","Card","Relic","Relic","Relic","Relic","Relic","Relic","Card","Card","Relic","Relic","Relic","Relic","Relic","Card","Card","Relic","Relic","Relic","Relic","Card","Card","Relic","Relic","Relic","Relic","Relic","Relic","Card","Relic","Relic","Relic","Relic","Relic","Relic","Relic","Relic","Relic","Relic","Relic","Card","Card","Relic","Relic","Relic","Relic","Relic","Relic","Card","Card","Relic","Relic","Relic","Relic","Card","Card","Relic","Relic","Relic","Relic","Relic","Card","Relic","Relic","Relic","Relic","Card","Relic","Relic"],"build_version":"2020-12-22","purchased_purges":6,"victory":false,"max_hp_per_floor":[4,3,6,5,4,3,6,5,4,3,6,5,4,3,2,5,4,3,6,5,4,3,6,5,4,3,2,6,5,4,3,2,5,4,3,6,5,4,7,1,4,3,2,1,4,3,2,1,1,4,1,1,7,6,6,5,5,4,3,7,6,6,5,4,3,6,5,1,1,4,3,2,5,4,3,6,5,10,9,8,7,6,5,4,0,0,0],"relic_stats":{"Gremlin Horn":[1,3],"counters":[44,88],"CeramicFish":387,"Eternal Feather":18,"Pen Nib":[12],"Bag of Preparation":[58],"Whetstone":["Guardian:Strike_Guardian","Guardian:Strike_Guardian"],"Smiling Mask":76,"Medical Kit":[0],"Blood Vial":3,"OrangePellets":[8],"Nunchaku":[20],"Centennial Puzzle":[0],"Pantograph":0,"Prayer Wheel":0,"MealTicket":7,"HandDrill":[8],"Kunai":[35],"obtain_stats":[{"jedi:angrymask":41,"vexMod:MemoryStick":48,"AT_ATBox":0,"DemoMod:AgedBell":27,"qcfpunch:Special_Ops_Insignia":0,"qcfpunch:Red_Beret":0,"DeadEye":31,"Whetstone":53,"hubris:MysteriousPyramids":6,"Bottled Tornado":60,"Leech":14,"Blood Vial":7,"Guardian:PickAxe":46,"TheBean":48,"hubris:HerbalPaste":48,"qcfpunch:Lotus_Statue":0,"MealTicket":48,"TuHaoJin":44,"HandDrill":48,"Kunai":26,"qcfpunch:Red_Cyclone_Teachings":0,"hubris:TinFlute":39,"KeepersGift":0,"HollowMod:JonisBlessing":27,"Eternal Feather":25,"Pen Nib":76,"SteamSale":12,"Akabeko":19,"qcfpunch:Combat_Fatigues":0,"vexMod:GhostlyGear":31,"SlaversCollar":52,"qcfpunch:Broken_Tusk":0,"qcfpunch:School_Backpack":12,"DemoMod:SerJunkan":71,"DemoMod:Relodestone":83,"HushsDoor":0,"AT_BellDemon":73,"qcfpunch:Spiky_Bracers":0,"UnicornStump":31,"Lantern":44,"Dota2Spire:Vanguard":5,"Bag of Preparation":22,"TheBattery":31,"Smiling Mask":35,"qcfpunch:Wild_Herbs_Ointment":0,"Dota2Spire:BladeMail":44,"hubris:CuriousFeather":0,"hubris:FunFungus":71,"qcfpunch:Cattail":28,"Dota2Spire:AssaultCuirass":60,"Guardian:BottledAnomaly":27,"InkBottle":61,"hubris:GlazedTorus":18,"Potion Belt":82,"Dota2Spire:MantaStyle":78,"qcfpunch:Black_Training_Shirt":0,"DemoMod:WeirdEgg":27,"Guardian:GemstoneGun":46,"Circlet":0,"DemoMod:PartiallyEatenCheese":28,"Omamori":1,"Habit":82,"TheBible":3,"Dota2Spire:OctarineCore":12,"Durian":60,"REME_PuzzleBoxRelic":28,"hexamod:BolsterEngine":37,"ReplayTheSpireMod:Lightbulb":10,"Toy Ornithopter":36,"REME_ComplimentaryCards":0,"DemoMod:GreenGuonStone":82,"Dota2Spire:MaskOfMadness":80,"DemoMod:BlueGuonStone":83,"Gremlin Horn":76,"CeramicFish":28,"AT_MibuBalloonWealth":65,"Dota2Spire:ArmletOfMordiggian":70,"hubris:VirtuousBlindfold":34,"Guardian:SackOfGems":57,"DemoMod:GlassGuonStoneRelic":4,"Dota2Spire:ShadowBlade":31,"qcfpunch:Unceasing_Flame":0,"Centennial Puzzle":60,"DollysMirror":54,"qcfpunch:Red_Gi":0,"Prayer Wheel":19,"Iron Hammer":40,"qcfpunch:Handcuffs":0,"Toxic Egg 2":65,"qcfpunch:Chain_With_Nametags":0,"REME_OnlineShoppingPlatform":44,"Dota2Spire:BlackKingBar":54,"ReplayTheSpireMod:CursedCoin":60,"DemoMod:ChaffGrenade":80,"Guardian:ModeShifter":0,"BookOfRevelations":48,"vexMod:PaidLearning":65,"jedi:HeartOfTheCards":23,"jedi:heavyjacket":44,"OrangePellets":80,"Replay:Baseball":71,"ForgetMeNow":55,"hubris:PeanutButter":21,"Onion Ring":31,"Simple Rune":74,"hubris:ToyBattleship":12,"ReplayTheSpireMod:TigerMarble":66,"AT_DeathDance":82,"Replay:PocketPolymizer":65,"PlaceholderMod:DaolothFragment":27,"GuppysPaw":11,"qcfpunch:Not_Strongest_Fighting_Style_Guidebook":64,"hubris:SlimyHat":57,"jedi:Pinwheel":71,"Frozen Eye":54,"Nunchaku":9,"Replay:Bandana":54,"Chameleon Ring":20,"qcfpunch:Green_Leotard":0,"PillsDrop":27,"Pantograph":46,"qcfpunch:Necklace_of_Skulls":0,"jedi:matchstick":2,"jedi:cryingmask":80,"qcfpunch:Wrestler\u0027s_Cloak":0,"DemoMod:JetPack":30,"Gremlin Food":54,"qcfpunch:Army_Boots":0,"HollowMod:LifeEnderRelic":62,"HowToJump":0,"DemoMod:MemoryAlloy":12,"Quantum Egg":46,"Replay:WaspNest":43,"qcfpunch:White_Boots":0,"Medical Kit":71,"White Beast Statue":65,"vexMod:Dragonfruit":28,"jedi:kaleidoscope":13,"vexMod:BarristanHead":45,"ChewingGum":17,"Dota2Spire:LinkenSphere":54,"RedMistMask":83,"LetterFromLob":1,"qcfpunch:Red_Headband":42,"Membership Card":28,"DemoMod:Bottle":82,"hubris:OldNail":4,"ReplayTheSpireMod:ShopPack":82},{"jedi:angrymask":26,"vexMod:MemoryStick":28,"AT_ATBox":0,"DemoMod:AgedBell":19,"qcfpunch:Special_Ops_Insignia":0,"qcfpunch:Red_Beret":0,"DeadEye":20,"Whetstone":31,"hubris:MysteriousPyramids":6,"Bottled Tornado":33,"Leech":11,"Blood Vial":7,"Guardian:PickAxe":28,"TheBean":28,"hubris:HerbalPaste":28,"qcfpunch:Lotus_Statue":0,"MealTicket":28,"TuHaoJin":27,"HandDrill":28,"Kunai":19,"qcfpunch:Red_Cyclone_Teachings":0,"hubris:TinFlute":24,"KeepersGift":0,"HollowMod:JonisBlessing":19,"Eternal Feather":19,"Pen Nib":41,"SteamSale":9,"Akabeko":14,"qcfpunch:Combat_Fatigues":0,"vexMod:GhostlyGear":20,"SlaversCollar":30,"qcfpunch:Broken_Tusk":0,"qcfpunch:School_Backpack":9,"DemoMod:SerJunkan":39,"DemoMod:Relodestone":43,"HushsDoor":0,"AT_BellDemon":40,"qcfpunch:Spiky_Bracers":0,"UnicornStump":20,"Lantern":27,"Dota2Spire:Vanguard":5,"Bag of Preparation":17,"TheBattery":20,"Smiling Mask":22,"qcfpunch:Wild_Herbs_Ointment":0,"Dota2Spire:BladeMail":27,"hubris:CuriousFeather":0,"hubris:FunFungus":39,"qcfpunch:Cattail":19,"Dota2Spire:AssaultCuirass":33,"Guardian:BottledAnomaly":19,"InkBottle":33,"hubris:GlazedTorus":13,"Potion Belt":42,"Dota2Spire:MantaStyle":42,"qcfpunch:Black_Training_Shirt":0,"DemoMod:WeirdEgg":19,"Guardian:GemstoneGun":28,"Circlet":0,"DemoMod:PartiallyEatenCheese":19,"Omamori":1,"Habit":42,"TheBible":3,"Dota2Spire:OctarineCore":9,"Durian":33,"REME_PuzzleBoxRelic":19,"hexamod:BolsterEngine":23,"ReplayTheSpireMod:Lightbulb":8,"Toy Ornithopter":23,"REME_ComplimentaryCards":0,"DemoMod:GreenGuonStone":42,"Dota2Spire:MaskOfMadness":42,"DemoMod:BlueGuonStone":43,"Gremlin Horn":41,"CeramicFish":19,"AT_MibuBalloonWealth":36,"Dota2Spire:ArmletOfMordiggian":39,"hubris:VirtuousBlindfold":21,"Guardian:SackOfGems":33,"DemoMod:GlassGuonStoneRelic":4,"Dota2Spire:ShadowBlade":20,"qcfpunch:Unceasing_Flame":0,"Centennial Puzzle":33,"DollysMirror":31,"qcfpunch:Red_Gi":0,"Prayer Wheel":14,"Iron Hammer":25,"qcfpunch:Handcuffs":0,"Toxic Egg 2":36,"qcfpunch:Chain_With_Nametags":0,"REME_OnlineShoppingPlatform":27,"Dota2Spire:BlackKingBar":31,"ReplayTheSpireMod:CursedCoin":33,"DemoMod:ChaffGrenade":42,"Guardian:ModeShifter":0,"BookOfRevelations":28,"vexMod:PaidLearning":36,"jedi:HeartOfTheCards":18,"jedi:heavyjacket":27,"OrangePellets":42,"Replay:Baseball":39,"ForgetMeNow":32,"hubris:PeanutButter":16,"Onion Ring":20,"Simple Rune":40,"hubris:ToyBattleship":9,"ReplayTheSpireMod:TigerMarble":37,"AT_DeathDance":42,"Replay:PocketPolymizer":36,"PlaceholderMod:DaolothFragment":19,"GuppysPaw":9,"qcfpunch:Not_Strongest_Fighting_Style_Guidebook":36,"hubris:SlimyHat":33,"jedi:Pinwheel":39,"Frozen Eye":31,"Nunchaku":7,"Replay:Bandana":31,"Chameleon Ring":15,"qcfpunch:Green_Leotard":0,"PillsDrop":19,"Pantograph":28,"qcfpunch:Necklace_of_Skulls":0,"jedi:matchstick":2,"jedi:cryingmask":42,"qcfpunch:Wrestler\u0027s_Cloak":0,"DemoMod:JetPack":20,"Gremlin Food":31,"qcfpunch:Army_Boots":0,"HollowMod:LifeEnderRelic":34,"HowToJump":0,"DemoMod:MemoryAlloy":9,"Quantum Egg":28,"Replay:WaspNest":27,"qcfpunch:White_Boots":0,"Medical Kit":39,"White Beast Statue":36,"vexMod:Dragonfruit":19,"jedi:kaleidoscope":10,"vexMod:BarristanHead":28,"ChewingGum":12,"Dota2Spire:LinkenSphere":31,"RedMistMask":43,"LetterFromLob":1,"qcfpunch:Red_Headband":27,"Membership Card":19,"DemoMod:Bottle":42,"hubris:OldNail":4,"ReplayTheSpireMod:ShopPack":42},{"jedi:angrymask":59,"vexMod:MemoryStick":61,"AT_ATBox":0,"DemoMod:AgedBell":49,"qcfpunch:Special_Ops_Insignia":0,"qcfpunch:Red_Beret":0,"DeadEye":50,"Whetstone":70,"hubris:MysteriousPyramids":14,"Bottled Tornado":72,"Leech":28,"Blood Vial":18,"Guardian:PickAxe":61,"TheBean":61,"hubris:HerbalPaste":61,"qcfpunch:Lotus_Statue":0,"MealTicket":61,"TuHaoJin":60,"HandDrill":61,"Kunai":49,"qcfpunch:Red_Cyclone_Teachings":0,"hubris:TinFlute":57,"KeepersGift":0,"HollowMod:JonisBlessing":49,"Eternal Feather":49,"Pen Nib":80,"SteamSale":24,"Akabeko":37,"qcfpunch:Combat_Fatigues":0,"vexMod:GhostlyGear":50,"SlaversCollar":69,"qcfpunch:Broken_Tusk":0,"qcfpunch:School_Backpack":24,"DemoMod:SerJunkan":78,"DemoMod:Relodestone":82,"HushsDoor":0,"AT_BellDemon":79,"qcfpunch:Spiky_Bracers":0,"UnicornStump":50,"Lantern":60,"Dota2Spire:Vanguard":10,"Bag of Preparation":44,"TheBattery":50,"Smiling Mask":54,"qcfpunch:Wild_Herbs_Ointment":0,"Dota2Spire:BladeMail":60,"hubris:CuriousFeather":0,"hubris:FunFungus":78,"qcfpunch:Cattail":49,"Dota2Spire:AssaultCuirass":72,"Guardian:BottledAnomaly":49,"InkBottle":72,"hubris:GlazedTorus":34,"Potion Belt":81,"Dota2Spire:MantaStyle":81,"qcfpunch:Black_Training_Shirt":0,"DemoMod:WeirdEgg":49,"Guardian:GemstoneGun":61,"Circlet":0,"DemoMod:PartiallyEatenCheese":49,"Omamori":2,"Habit":81,"TheBible":5,"Dota2Spire:OctarineCore":24,"Durian":72,"REME_PuzzleBoxRelic":49,"hexamod:BolsterEngine":56,"ReplayTheSpireMod:Lightbulb":21,"Toy Ornithopter":56,"REME_ComplimentaryCards":0,"DemoMod:GreenGuonStone":81,"Dota2Spire:MaskOfMadness":81,"DemoMod:BlueGuonStone":82,"Gremlin Horn":80,"CeramicFish":49,"AT_MibuBalloonWealth":75,"Dota2Spire:ArmletOfMordiggian":78,"hubris:VirtuousBlindfold":53,"Guardian:SackOfGems":72,"DemoMod:GlassGuonStoneRelic":8,"Dota2Spire:ShadowBlade":50,"qcfpunch:Unceasing_Flame":0,"Centennial Puzzle":72,"DollysMirror":70,"qcfpunch:Red_Gi":0,"Prayer Wheel":37,"Iron Hammer":58,"qcfpunch:Handcuffs":0,"Toxic Egg 2":75,"qcfpunch:Chain_With_Nametags":0,"REME_OnlineShoppingPlatform":60,"Dota2Spire:BlackKingBar":70,"ReplayTheSpireMod:CursedCoin":72,"DemoMod:ChaffGrenade":81,"Guardian:ModeShifter":0,"BookOfRevelations":61,"vexMod:PaidLearning":75,"jedi:HeartOfTheCards":47,"jedi:heavyjacket":60,"OrangePellets":81,"Replay:Baseball":78,"ForgetMeNow":71,"hubris:PeanutButter":41,"Onion Ring":50,"Simple Rune":79,"hubris:ToyBattleship":24,"ReplayTheSpireMod:TigerMarble":76,"AT_DeathDance":81,"Replay:PocketPolymizer":75,"PlaceholderMod:DaolothFragment":49,"GuppysPaw":24,"qcfpunch:Not_Strongest_Fighting_Style_Guidebook":75,"hubris:SlimyHat":72,"jedi:Pinwheel":78,"Frozen Eye":70,"Nunchaku":18,"Replay:Bandana":70,"Chameleon Ring":39,"qcfpunch:Green_Leotard":0,"PillsDrop":49,"Pantograph":61,"qcfpunch:Necklace_of_Skulls":0,"jedi:matchstick":4,"jedi:cryingmask":81,"qcfpunch:Wrestler\u0027s_Cloak":0,"DemoMod:JetPack":50,"Gremlin Food":70,"qcfpunch:Army_Boots":0,"HollowMod:LifeEnderRelic":73,"HowToJump":0,"DemoMod:MemoryAlloy":24,"Quantum Egg":61,"Replay:WaspNest":60,"qcfpunch:White_Boots":0,"Medical Kit":78,"White Beast Statue":75,"vexMod:Dragonfruit":49,"jedi:kaleidoscope":25,"vexMod:BarristanHead":61,"ChewingGum":32,"Dota2Spire:LinkenSphere":70,"RedMistMask":82,"LetterFromLob":2,"qcfpunch:Red_Headband":60,"Membership Card":49,"DemoMod:Bottle":81,"hubris:OldNail":8,"ReplayTheSpireMod:ShopPack":81}],"Toy Ornithopter":0,"InkBottle":[13]},"card_choices":[{"not_picked":[],"picked":"ChaosCard","floor":0.0},{"not_picked":["Guardian:TimeBomb","Guardian:Emergency"],"picked":"Guardian:AncientConstruct","floor":6.0},{"not_picked":["Guardian:TemporalStrike","Guardian:WalkerClaw"],"picked":"Guardian:Gem_Blue","floor":7.0},{"not_picked":["Guardian:TemporalShield","Guardian:Gem_Cyan"],"picked":"Guardian:PrismaticBeam","floor":10.0},{"not_picked":["Fusion","Ball Lightning","BasicCrystalCard"],"picked":"SKIP","floor":13.0},{"not_picked":["Guardian:PiercingHide","Guardian:TimeBomb"],"picked":"Guardian:Gem_White","floor":14.0},{"not_picked":["Hologram+1","hubris:Ukulele","REME_SelfUpgrade"],"picked":"SKIP","floor":14.0},{"not_picked":["AT_RightCognition","jedi:BurstDark"],"picked":"ReplayTheSpireMod:Fabricate Wheel","floor":16.0},{"not_picked":["Guardian:Gem_Orange","Guardian:ExploitGems"],"picked":"Guardian:SphericShield","floor":16.0},{"not_picked":["Deadly Poison","ReplayTheSpireMod:Shiv Toss"],"picked":"PiercingWail","floor":18.0},{"not_picked":["EmptyFist","Prostrate","Collect"],"picked":"SKIP","floor":19.0},{"not_picked":["Guardian:Gem_Cyan","Guardian:PrimingBeam"],"picked":"Guardian:ShieldCharger","floor":23.0},{"not_picked":["Guardian:SphericShield","Guardian:Reroute+1"],"picked":"Guardian:Gem_White","floor":25.0},{"not_picked":["Guardian:PrimingBeam","Guardian:Incinerate"],"picked":"Guardian:Gem_Red","floor":30.0},{"not_picked":["Guardian:ExploitGems","Guardian:TimeSifter"],"picked":"Guardian:BaubleBeam","floor":33.0},{"not_picked":["Guardian:ShieldCharger","Guardian:SentryBeam+1","Guardian:RefractedBeam+1"],"picked":"SKIP","floor":40.0},{"not_picked":["Guardian:Planning+1","Guardian:BronzeArmor"],"picked":"Guardian:Harden","floor":41.0},{"not_picked":["Guardian:Harden","Guardian:RollAttack+1"],"picked":"Guardian:Repulse","floor":42.0},{"not_picked":["Guardian:TimeCapacitor","Guardian:ArmoredProtocol"],"picked":"Guardian:TimeBomb","floor":45.0},{"not_picked":["Guardian:RevengeProtocol","Guardian:FastForward"],"picked":"Guardian:Gem_Orange","floor":51.0},{"not_picked":["Guardian:Suspension","Guardian:Gem_White"],"picked":"Guardian:TimeBomb","floor":63.0},{"not_picked":["Guardian:StasisStrike","Guardian:TimeSifter"],"picked":"Guardian:BaubleBeam","floor":68.0},{"not_picked":["Guardian:BronzeOrb","Guardian:BronzeArmor+1"],"picked":"Guardian:BaubleBeam","floor":78.0},{"not_picked":["GreatAndPowerful","expansioncontent:DashGenerateEvil"],"picked":"ReplayUltimateDefense","floor":82.0},{"not_picked":["Purity","expansioncontent:DonusPower"],"picked":"expansioncontent:Flail","floor":82.0},{"not_picked":["Enlightenment","Bomb"],"picked":"expansioncontent:ChargeUp","floor":82.0}],"player_experience":117688,"relics_obtained":[{"floor":1.0,"key":"Omamori"},{"floor":1.0,"key":"LetterFromLob"},{"floor":2.0,"key":"jedi:matchstick"},{"floor":3.0,"key":"TheBible"},{"floor":4.0,"key":"hubris:OldNail"},{"floor":5.0,"key":"Dota2Spire:Vanguard"},{"floor":6.0,"key":"hubris:MysteriousPyramids"},{"floor":7.0,"key":"Blood Vial"},{"floor":9.0,"key":"Nunchaku"},{"floor":10.0,"key":"ReplayTheSpireMod:Lightbulb"},{"floor":11.0,"key":"GuppysPaw"},{"floor":13.0,"key":"jedi:kaleidoscope"},{"floor":14.0,"key":"Leech"},{"floor":18.0,"key":"hubris:GlazedTorus"},{"floor":19.0,"key":"Akabeko"},{"floor":20.0,"key":"Chameleon Ring"},{"floor":21.0,"key":"hubris:PeanutButter"},{"floor":22.0,"key":"Bag of Preparation"},{"floor":23.0,"key":"jedi:HeartOfTheCards"},{"floor":25.0,"key":"Eternal Feather"},{"floor":26.0,"key":"Kunai"},{"floor":30.0,"key":"DemoMod:JetPack"},{"floor":35.0,"key":"Smiling Mask"},{"floor":36.0,"key":"Toy Ornithopter"},{"floor":37.0,"key":"hexamod:BolsterEngine"},{"floor":39.0,"key":"hubris:TinFlute"},{"floor":40.0,"key":"Iron Hammer"},{"floor":41.0,"key":"jedi:angrymask"},{"floor":42.0,"key":"qcfpunch:Red_Headband"},{"floor":43.0,"key":"Replay:WaspNest"},{"floor":45.0,"key":"vexMod:BarristanHead"},{"floor":53.0,"key":"Whetstone"},{"floor":55.0,"key":"ForgetMeNow"},{"floor":57.0,"key":"hubris:SlimyHat"},{"floor":61.0,"key":"InkBottle"},{"floor":62.0,"key":"HollowMod:LifeEnderRelic"},{"floor":64.0,"key":"qcfpunch:Not_Strongest_Fighting_Style_Guidebook"},{"floor":66.0,"key":"ReplayTheSpireMod:TigerMarble"},{"floor":70.0,"key":"Dota2Spire:ArmletOfMordiggian"},{"floor":73.0,"key":"AT_BellDemon"},{"floor":74.0,"key":"Simple Rune"},{"floor":76.0,"key":"Pen Nib"},{"floor":76.0,"key":"Gremlin Horn"},{"floor":78.0,"key":"Dota2Spire:MantaStyle"},{"floor":83.0,"key":"DemoMod:BlueGuonStone"},{"floor":83.0,"key":"DemoMod:Relodestone"},{"floor":83.0,"key":"RedMistMask"}],"event_choices":[{"damage_healed":0.0,"max_hp_gain":0.0,"max_hp_loss":0.0,"gold_gain":0.0,"event_name":"Vampires","player_choice":"Ignored","floor":72.0,"gold_loss":0.0,"damage_taken":0.0}],"is_beta":false,"boss_relics":[{"not_picked":["jedi:battlestandard","REME_DemonsWealth"],"picked":"ChewingGum"},{"not_picked":[]},{"not_picked":["Empty Cage","qcfpunch:Killian_Engine_Alpha"],"picked":"hubris:VirtuousBlindfold"},{"not_picked":[]},{"not_picked":["Replay:Bronze Core","expansioncontent:StudyCardRelic"],"picked":"SlaversCollar"},{"not_picked":[]},{"not_picked":["VoidEssence"],"picked":"Scatterbrain"},{"not_picked":[]}],"items_purged_floors":[12,65,71,80,82,82],"is_endless":true,"potions_floor_spawned":[4,10,13,14,16,18,22,30,33,35,36,39,55,57,66,68,70,73,76,78,83],"killed_by":"Delirium","ascension_level":20}}