{"host":"mz5qq3pkwvwcu15a","time":1610039247,"event":{"mods":["BaseMod","Better Match","Better Note","Googly Eyes","Marked Mod","Minty Spire (QoL Compilation)","Permanent Neow","Quick Restart","Rare Cards Sparkle","StSLib"],"gold_per_floor":[115,132,132,144,29,29,45,63,63,97,97,54,54,74,74,185,185,207,52,72,92,119,154,154,175,202,202,9,31,31,31,31,31,31],"floor_reached":33,"playtime":2725,"items_purged":[],"score":309,"play_id":"ce538a8c-3e46-4a50-8589-00a74d7166de","local_time":"20210107120727","is_ascension_mode":false,"campfire_choices":[{"data":"Flex","floor":6,"key":"SMITH"},{"data":"Carnage","floor":11,"key":"SMITH"},{"data":"Flex","floor":13,"key":"SMITH"},{"data":"Shrug It Off","floor":15,"key":"SMITH"},{"floor":24,"key":"REST"},{"floor":27,"key":"REST"},{"floor":32,"key":"REST"}],"circlet_count":0,"master_deck":["Strike_R","Strike_R","Strike_R","Strike_R","Strike_R","Defend_R","Defend_R","Defend_R","Defend_R","Bash","Cleave","Spot Weakness","Flex+1","Clash","Dark Shackles+1","Anger","Carnage+1","Shrug It Off+1","Flex+1","Rage","Impervious","Battle Trance+1","Carnage","Headbutt","Iron Wave","Offering","Clothesline"],"relics":["Burning Blood","CeramicFish","Odd Mushroom","Mark of Pain","HandDrill","Centennial Puzzle","War Paint"],"acts_visited":["Exordium","TheCity"],"potions_floor_usage":[0,16,23,33,33],"damage_taken":[{"damage":15,"enemies":"Cultist","floor":1,"turns":4},{"damage":0,"enemies":"2 Louse","floor":2,"turns":3},{"damage":6,"enemies":"Jaw Worm","floor":4,"turns":4},{"damage":2,"enemies":"Large Slime","floor":7,"turns":5},{"damage":3,"enemies":"Red Slaver","floor":8,"turns":3},{"damage":21,"enemies":"The Mushroom Lair","floor":10,"turns":4},{"damage":9,"enemies":"Exordium Thugs","floor":14,"turns":4},{"damage":0,"enemies":"Slime Boss","floor":16,"turns":5},{"damage":10,"enemies":"Spheric Guardian","floor":18,"turns":4},{"damage":7,"enemies":"Chosen","floor":20,"turns":4},{"damage":32,"enemies":"3 Cultists","floor":21,"turns":6},{"damage":10,"enemies":"Snake Plant","floor":22,"turns":4},{"damage":36,"enemies":"Gremlin Leader","floor":23,"turns":8},{"damage":5,"enemies":"Centurion and Healer","floor":25,"turns":5},{"damage":24,"enemies":"3 Cultists","floor":29,"turns":5},{"damage":83,"enemies":"Collector","floor":33,"turns":6}],"seed_played":"-5367069987091480217","potions_obtained":[{"floor":0,"key":"Fruit Juice"},{"floor":0,"key":"Fire Potion"},{"floor":0,"key":"SkillPotion"},{"floor":1,"key":"Strength Potion"},{"floor":16,"key":"Explosive Potion"},{"floor":29,"key":"BlessingOfTheForge"}],"is_trial":false,"path_per_floor":["M","M","?","M","$","R","M","M","T","?","R","$","R","M","R","B",null,"M","$","M","M","M","E","R","M","T","R","$","M","?","$","R","B"],"character_chosen":"IRONCLAD","items_purchased":["Clash","Dark Shackles","Flex","HandDrill","Offering","SteroidPotion"],"campfire_rested":3,"item_purchase_floors":[5,5,12,19,28,28],"current_hp_per_floor":[76,82,82,82,82,82,85,85,85,70,70,70,70,67,67,73,85,81,81,80,54,50,20,45,46,46,71,71,53,53,53,78,0,0],"gold":31,"neow_bonus":"THREE_SMALL_POTIONS","is_daily":false,"chose_seed":false,"campfire_upgraded":4,"win_rate":0.0,"timestamp":1610039247,"path_taken":["M","?","?","M","$","R","M","?","T","?","R","?","R","M","R","BOSS","M","$","M","M","M","E","R","M","T","R","$","M","?","?","R","BOSS"],"items_purchased_type":["Card","Card","Card","Relic","Card","Potion"],"build_version":"2020-12-22","purchased_purges":0,"victory":false,"max_hp_per_floor":[85,85,85,85,85,85,85,85,85,85,85,85,85,85,85,85,85,85,85,85,85,85,85,85,85,85,85,85,85,85,85,85,85,85],"card_choices":[{"not_picked":["Body Slam","Clothesline"],"picked":"Cleave","floor":1},{"not_picked":["Combust","Inflame"],"picked":"Spot Weakness","floor":2},{"not_picked":["Cleave","Havoc"],"picked":"Flex","floor":4},{"not_picked":["Clothesline","Sword Boomerang"],"picked":"Anger","floor":7},{"not_picked":["Warcry","Feel No Pain"],"picked":"Carnage","floor":8},{"not_picked":["Metallicize","Spot Weakness"],"picked":"Shrug It Off","floor":10},{"not_picked":["Infernal Blade","Spot Weakness"],"picked":"Rage","floor":14},{"not_picked":["Corruption","Fiend Fire"],"picked":"Impervious","floor":16},{"not_picked":["Ghostly Armor","Pommel Strike"],"picked":"Battle Trance","floor":18},{"not_picked":["Rampage+1","Entrench","Disarm+1"],"picked":"SKIP","floor":20},{"not_picked":["Metallicize","Wild Strike"],"picked":"Carnage","floor":21},{"not_picked":["Fire Breathing","Rupture+1"],"picked":"Headbutt","floor":22},{"not_picked":["Perfected Strike+1","Headbutt","Reckless Charge"],"picked":"SKIP","floor":23},{"not_picked":["Clash","True Grit"],"picked":"Iron Wave","floor":25},{"not_picked":["Havoc","True Grit"],"picked":"Clothesline","floor":29}],"player_experience":824395,"relics_obtained":[{"floor":9,"key":"CeramicFish"},{"floor":10,"key":"Odd Mushroom"},{"floor":23,"key":"Centennial Puzzle"},{"floor":26,"key":"War Paint"}],"event_choices":[{"damage_healed":0,"gold_gain":0,"player_choice":"Bought 0 Potions","damage_taken":0,"max_hp_gain":0,"max_hp_loss":0,"event_name":"The Woman in Blue","floor":3,"gold_loss":0},{"damage_healed":0,"gold_gain":0,"player_choice":"Fought Mushrooms","damage_taken":0,"max_hp_gain":0,"max_hp_loss":0,"event_name":"Mushrooms","floor":10,"gold_loss":0},{"cards_removed":["Headbutt"],"damage_healed":0,"gold_gain":0,"player_choice":"Give","damage_taken":0,"max_hp_gain":0,"max_hp_loss":0,"event_name":"betterNote:BetterNote","floor":30,"gold_loss":0,"cards_obtained":["Doubt"]}],"is_beta":false,"boss_relics":[{"not_picked":["Philosopher\u0027s Stone","Astrolabe"],"picked":"Mark of Pain"}],"items_purged_floors":[],"is_endless":false,"potions_floor_spawned":[1,4,16,20,21,29],"killed_by":"Collector","ascension_level":0}}