{"host":"7krnriczr1b2ou5r","time":1610024517,"event":{"mods":["BaseMod","Keyboard Shortcuts","Minty Spire (QoL Compilation)","Relic Stats","StSLib"],"gold_per_floor":[117,130,130,56,56,56,89,89,89,103,28,55,72,107,107,181,181,199,23,23,293,311,346,364,408,408,443,468,448,323,342,342,425,425,442,442,442,199,214,233,233,242,266,286,320,43,71,87,87,87,87,87,87,87,121,121],"floor_reached":57,"playtime":1973,"items_purged":["Strike_G","Defend_G","Defend_G","Defend_G"],"score":3501,"play_id":"ec90af96-8406-4e30-ae00-58597db5c852","local_time":"20210107220157","is_ascension_mode":true,"campfire_choices":[{"data":"Accuracy","floor":6,"key":"SMITH"},{"data":"Blade Dance","floor":8,"key":"SMITH"},{"data":"Calculated Gamble","floor":15,"key":"SMITH"},{"data":"Flechettes","floor":32,"key":"SMITH"},{"data":"After Image","floor":41,"key":"SMITH"},{"data":"Neutralize","floor":49,"key":"SMITH"},{"data":"Flash of Steel","floor":53,"key":"SMITH"}],"circlet_count":0,"master_deck":["AscendersBane","Strike_G","Defend_G","Survivor","Neutralize+1","Blade Dance+1","Calculated Gamble+1","Accuracy+1","Cloak And Dagger+1","Escape Plan+1","Blade Dance+1","Malaise+1","Terror+1","Prepared+1","Flechettes+1","After Image+1","Blur+1","Tactician+1","Storm of Steel+1","Flash of Steel+1","Slice"],"relics":["Ring of the Snake","NeowsBlessing","Torii","Unceasing Top","Toxic Egg 2","Art of War","Akabeko","Runic Pyramid","PreservedInsect","Bird Faced Urn","Shuriken","CeramicFish","HornCleat","Boot","Coffee Dripper","Anchor","Frozen Egg 2","Ornamental Fan","Oddly Smooth Stone","Turnip"],"acts_visited":["Exordium","TheCity","TheBeyond","TheEnding"],"potions_floor_usage":[14,24,56,56],"damage_taken":[{"damage":0,"enemies":"2 Louse","floor":1,"turns":1},{"damage":0,"enemies":"Small Slimes","floor":2,"turns":1},{"damage":0,"enemies":"Lagavulin","floor":7,"turns":1},{"damage":1,"enemies":"Cultist","floor":10,"turns":3},{"damage":2,"enemies":"3 Sentries","floor":12,"turns":6},{"damage":0,"enemies":"Blue Slaver","floor":13,"turns":2},{"damage":0,"enemies":"Gremlin Nob","floor":14,"turns":3},{"damage":0,"enemies":"Slime Boss","floor":16,"turns":3},{"damage":0,"enemies":"3 Byrds","floor":18,"turns":3},{"damage":0,"enemies":"Chosen","floor":22,"turns":3},{"damage":0,"enemies":"Gremlin Leader","floor":23,"turns":3},{"damage":1,"enemies":"Snecko","floor":24,"turns":5},{"damage":1,"enemies":"Book of Stabbing","floor":25,"turns":3},{"damage":0,"enemies":"Gremlin Leader","floor":27,"turns":4},{"damage":0,"enemies":"Cultist and Chosen","floor":28,"turns":3},{"damage":0,"enemies":"3 Cultists","floor":31,"turns":3},{"damage":1,"enemies":"Champ","floor":33,"turns":5},{"damage":0,"enemies":"3 Darklings","floor":35,"turns":3},{"damage":2,"enemies":"3 Shapes","floor":39,"turns":3},{"damage":0,"enemies":"Jaw Worm Horde","floor":40,"turns":3},{"damage":0,"enemies":"Writhing Mass","floor":44,"turns":4},{"damage":20,"enemies":"Reptomancer","floor":45,"turns":4},{"damage":0,"enemies":"Giant Head","floor":47,"turns":3},{"damage":0,"enemies":"Transient","floor":48,"turns":6},{"damage":0,"enemies":"Awakened One","floor":50,"turns":5},{"damage":0,"enemies":"Time Eater","floor":51,"turns":7},{"damage":0,"enemies":"Shield and Spear","floor":55,"turns":3},{"damage":45,"enemies":"The Heart","floor":56,"turns":8}],"seed_played":"9094676317916070770","potions_obtained":[{"floor":2,"key":"LiquidBronze"},{"floor":7,"key":"Explosive Potion"},{"floor":10,"key":"Block Potion"},{"floor":13,"key":"GhostInAJar"},{"floor":14,"key":"Explosive Potion"},{"floor":18,"key":"FearPotion"},{"floor":27,"key":"SteroidPotion"}],"is_trial":false,"path_per_floor":["M","M","?","$","?","R","E","R","T","M","$","E","M","E","R","B",null,"M","$","?","?","M","E","M","E","T","E","M","?","$","M","R","B",null,"M","?","?","$","M","M","R","?","T","M","E","$","E","M","R","B","B",null,"R","$","E","B",null],"character_chosen":"THE_SILENT","items_purchased":["Accuracy","Terror+1","Flash of Steel","Ornamental Fan"],"campfire_rested":0,"item_purchase_floors":[4,19,38,46],"current_hp_per_floor":[59,59,52,52,34,34,34,34,34,33,33,31,31,31,31,31,57,57,57,57,30,30,30,31,32,32,36,40,40,40,44,44,47,61,65,65,65,65,65,66,66,66,66,66,46,46,50,54,54,58,62,65,65,65,66,23],"gold":121,"neow_bonus":"THREE_ENEMY_KILL","is_daily":false,"chose_seed":false,"campfire_upgraded":7,"win_rate":0.0,"timestamp":1610024517,"path_taken":["M","M","?","$","?","R","E","R","T","M","$","E","M","E","R","BOSS","M","$","?","?","M","E","M","E","T","E","?","?","$","?","R","BOSS","M","?","?","$","M","M","R","?","T","?","E","$","E","M","R","BOSS","BOSS","R","$","E","BOSS"],"items_purchased_type":["Card","Card","Card","Relic"],"build_version":"2020-12-22","purchased_purges":4,"victory":true,"max_hp_per_floor":[66,66,66,66,66,66,66,66,66,66,66,66,66,66,66,66,66,66,66,66,66,66,66,66,66,66,66,66,66,66,66,66,66,66,66,66,66,66,66,66,66,66,66,66,66,66,66,66,66,66,66,66,66,66,66,66],"relic_stats":{"Torii":35,"counters":[28,101],"CeramicFish":54,"PreservedInsect":407,"Boot":[32],"Shuriken":[91],"Ornamental Fan":[200],"Bird Faced Urn":[46],"Turnip":[2],"Art of War":[7],"obtain_stats":[{"NeowsBlessing":0,"Torii":5,"CeramicFish":25,"Oddly Smooth Stone":47,"PreservedInsect":20,"Frozen Egg 2":45,"Boot":27,"Akabeko":14,"Anchor":43,"HornCleat":26,"Shuriken":24,"Ornamental Fan":46,"Bird Faced Urn":23,"Turnip":55,"Art of War":12,"Coffee Dripper":34,"Toxic Egg 2":9,"Unceasing Top":7,"Ring of the Snake":0,"Runic Pyramid":17},{"NeowsBlessing":0,"Torii":2,"CeramicFish":13,"Oddly Smooth Stone":23,"PreservedInsect":9,"Frozen Egg 2":22,"Boot":14,"Akabeko":7,"Anchor":20,"HornCleat":13,"Shuriken":12,"Ornamental Fan":22,"Bird Faced Urn":11,"Turnip":27,"Art of War":5,"Coffee Dripper":17,"Toxic Egg 2":3,"Unceasing Top":3,"Ring of the Snake":0,"Runic Pyramid":8},{"NeowsBlessing":0,"Torii":2,"CeramicFish":37,"Oddly Smooth Stone":72,"PreservedInsect":23,"Frozen Egg 2":69,"Boot":41,"Akabeko":17,"Anchor":61,"HornCleat":37,"Shuriken":34,"Ornamental Fan":69,"Bird Faced Urn":29,"Turnip":93,"Art of War":12,"Coffee Dripper":52,"Toxic Egg 2":3,"Unceasing Top":3,"Ring of the Snake":0,"Runic Pyramid":20}],"Unceasing Top":[57],"Ring of the Snake":[56]},"card_choices":[{"not_picked":["Quick Slash","Bane"],"picked":"Blade Dance","floor":1},{"not_picked":["Distraction","Eviscerate"],"picked":"Calculated Gamble","floor":2},{"not_picked":["Deflect","Leg Sweep","Slice"],"picked":"SKIP","floor":7},{"not_picked":["Caltrops","Dodge and Roll+1"],"picked":"Cloak And Dagger+1","floor":10},{"not_picked":["Dagger Spray","Setup+1"],"picked":"Escape Plan+1","floor":12},{"not_picked":["Deflect+1","Catalyst+1","Bane"],"picked":"SKIP","floor":13},{"not_picked":["Grand Finale","Deadly Poison+1"],"picked":"Blade Dance+1","floor":14},{"not_picked":["Die Die Die","Glass Knife"],"picked":"Malaise+1","floor":16},{"not_picked":["Dagger Throw","Crippling Poison+1","Blade Dance+1"],"picked":"SKIP","floor":18},{"not_picked":["Deadly Poison+1","All Out Attack"],"picked":"Prepared+1","floor":22},{"not_picked":["Masterful Stab","Acrobatics+1","Terror+1"],"picked":"SKIP","floor":23},{"not_picked":["Cloak And Dagger+1","Blade Dance+1"],"picked":"Flechettes","floor":24},{"not_picked":["Caltrops+1","Deflect+1"],"picked":"After Image","floor":25},{"not_picked":["Cloak And Dagger+1","Infinite Blades"],"picked":"Blur+1","floor":27},{"not_picked":["Deadly Poison+1","Outmaneuver+1"],"picked":"Tactician+1","floor":28},{"not_picked":["All Out Attack","Cloak And Dagger+1","Underhanded Strike"],"picked":"SKIP","floor":31},{"not_picked":["Glass Knife","Venomology+1"],"picked":"Storm of Steel+1","floor":33},{"not_picked":["Heel Hook","Flying Knee","Cloak And Dagger+1"],"picked":"SKIP","floor":35},{"not_picked":["Sucker Punch","Dash+1","Cloak And Dagger+1"],"picked":"SKIP","floor":39},{"not_picked":["Deflect+1","PiercingWail+1","Poisoned Stab"],"picked":"SKIP","floor":40},{"not_picked":["Concentrate+1","Dagger Throw","Setup+1"],"picked":"SKIP","floor":44},{"not_picked":["Deflect+1","Night Terror+1","Underhanded Strike+1"],"picked":"SKIP","floor":45},{"not_picked":["Dagger Throw","Bane","Blade Dance+1"],"picked":"SKIP","floor":47},{"not_picked":["Poisoned Stab","Slice","Riddle With Holes+1"],"picked":"SKIP","floor":48},{"not_picked":["Bane","Cloak And Dagger+1","All Out Attack"],"picked":"SKIP","floor":55}],"player_experience":1067705,"relics_obtained":[{"floor":7,"key":"Unceasing Top"},{"floor":9,"key":"Toxic Egg 2"},{"floor":12,"key":"Art of War"},{"floor":14,"key":"Akabeko"},{"floor":23,"key":"Bird Faced Urn"},{"floor":25,"key":"CeramicFish"},{"floor":26,"key":"HornCleat"},{"floor":27,"key":"Boot"},{"floor":43,"key":"Anchor"},{"floor":45,"key":"Frozen Egg 2"},{"floor":47,"key":"Oddly Smooth Stone"},{"floor":55,"key":"Turnip"}],"event_choices":[{"cards_removed":["Strike_G"],"damage_healed":0,"gold_gain":0,"player_choice":"Card Removal","damage_taken":7,"max_hp_gain":0,"max_hp_loss":0,"event_name":"Golden Wing","floor":3,"gold_loss":0},{"damage_healed":0,"gold_gain":0,"player_choice":"Success","damage_taken":18,"relics_obtained":["Torii"],"max_hp_gain":0,"max_hp_loss":0,"event_name":"Scrap Ooze","floor":5,"gold_loss":0},{"damage_healed":0,"gold_gain":0,"player_choice":"Stole Relic","damage_taken":0,"relics_obtained":["PreservedInsect"],"max_hp_gain":0,"max_hp_loss":0,"event_name":"Addict","floor":20,"gold_loss":0,"cards_obtained":["Shame"]},{"damage_healed":0,"gold_gain":270,"player_choice":"GOLD GOLD GOLD ","damage_taken":27,"max_hp_gain":0,"max_hp_loss":0,"event_name":"Knowing Skull","floor":21,"potions_obtained":[],"gold_loss":0,"cards_obtained":[]},{"damage_healed":0,"gold_gain":0,"player_choice":"Bought 1 Potion","damage_taken":0,"max_hp_gain":0,"max_hp_loss":0,"event_name":"The Woman in Blue","floor":29,"gold_loss":0},{"cards_removed":["Strike_G"],"damage_healed":0,"gold_gain":0,"player_choice":"Removed Attack","damage_taken":0,"max_hp_gain":0,"max_hp_loss":0,"event_name":"Falling","floor":36,"gold_loss":0},{"damage_healed":0,"gold_gain":0,"player_choice":"Ignored","damage_taken":0,"max_hp_gain":0,"max_hp_loss":0,"event_name":"Tomb of Lord Red Mask","floor":37,"gold_loss":0},{"damage_healed":0,"gold_gain":0,"player_choice":"1 cards matched","damage_taken":0,"max_hp_gain":0,"max_hp_loss":0,"event_name":"Match and Keep!","floor":42,"gold_loss":0,"cards_obtained":["Slice"]}],"is_beta":false,"boss_relics":[{"not_picked":["Velvet Choker","Tiny House"],"picked":"Runic Pyramid"},{"not_picked":["Calling Bell","Astrolabe"],"picked":"Coffee Dripper"}],"items_purged_floors":[11,19,30,38],"is_endless":false,"potions_floor_spawned":[2,7,10,13,14,18,22,27,31,33,39,40,45],"ascension_level":20}}