{"host":"94qggqh0xz0sp6ai","time":1610062440,"event":{"mods":["Abigail Mod","Act Like it!","BaseMod","CapriCore","Downfall","Friendly Minions","Gensokyo","Hermit","Jorbs\u0027s Wanderer Trilogy","Koishi","Marisa（霧雨　魔理沙）","Minty Spire (QoL Compilation)","Permanent Neow","Reimu（博??梦）","StSLib","The Alterego","The Construct","The Cursed","The Hierophant","The Immortal","The Marked","The Servant 0.9.4","TheBandit","Waifu the Spire"],"gold_per_floor":[110,110,110,131,131,131,175,175,175,26,44,67,67,67,67,188,188,213,128,164,182,182,182,212,212,212,238,249,249,17,17,17,17,17],"floor_reached":33,"playtime":1081,"items_purged":["Regret"],"score":293,"play_id":"d2ba860f-4b73-43ca-9755-8a36b1225d56","local_time":"20210107173400","is_ascension_mode":true,"campfire_choices":[{"data":"theMarked:SoldierOfQuellstein","floor":6,"key":"SMITH"},{"data":"theMarked:ComboAttacks","floor":8,"key":"SMITH"},{"data":"theMarked:Indomitable","floor":13,"key":"SMITH"},{"data":"theMarked:Polarize","floor":15,"key":"SMITH"},{"data":"theMarked:MagicAdept","floor":23,"key":"SMITH"},{"floor":25,"key":"REST"},{"data":"1","floor":29,"key":"LIFT"},{"data":"2","floor":32,"key":"LIFT"}],"circlet_count":0,"master_deck":["theMarked:Strike","theMarked:Strike","theMarked:Strike","theMarked:Strike","theMarked:Defend","theMarked:Defend","theMarked:Defend","theMarked:Defend","theMarked:SoldierOfQuellstein+1","theMarked:ContemptForTheProud","theMarked:ContemptForTheProud","theMarked:AttractMetal","theMarked:Aftermath","theMarked:WastefulDefense","theMarked:ChainLightning","theMarked:EmpowerWeapon","theMarked:MaelstromOfLightning","theMarked:ComboAttacks+1","theMarked:Polarize+1","theMarked:Indomitable+1","theMarked:SelfDefenseTraining+1","theMarked:MagicAdept+1","theMarked:RepellingDischarge+1","theMarked:ElectricStrings+1","theMarked:ResourceFulStrike+1","theMarked:Generate","expansioncontent:BronzeBeam+1"],"relics":["theMarked:ArtifactOfAir","Bloody Idol","Molten Egg 2","Art of War","construct:FoamFinger","construct:WeddingRing","Lizard Tail","Red Mask","Boot","Girya","Bag of Preparation","ClockworkSouvenir"],"acts_visited":["Exordium","TheCity"],"potions_floor_usage":[12,24,24,27,33],"damage_taken":[{"damage":2,"enemies":"2 Louse","floor":1,"turns":2},{"damage":2,"enemies":"Small Slimes","floor":4,"turns":3},{"damage":21,"enemies":"3 Sentries","floor":7,"turns":6},{"damage":0,"enemies":"Jaw Worm","floor":11,"turns":3},{"damage":0,"enemies":"Large Slime","floor":12,"turns":5},{"damage":13,"enemies":"Slime Boss","floor":16,"turns":8},{"damage":16,"enemies":"Shell Parasite","floor":18,"turns":5},{"damage":22,"enemies":"Masked Bandits","floor":20,"turns":5},{"damage":0,"enemies":"Spheric Guardian","floor":21,"turns":4},{"damage":24,"enemies":"Book of Stabbing","floor":24,"turns":5},{"damage":31,"enemies":"Gremlin Leader","floor":27,"turns":10},{"damage":19,"enemies":"Shelled Parasite and Fungi","floor":28,"turns":4},{"damage":32,"enemies":"Automaton","floor":33,"turns":6}],"seed_played":"-4570944380509843369","potions_obtained":[{"floor":7,"key":"ColorlessPotion"},{"floor":12,"key":"GamblersBrew"},{"floor":16,"key":"sneckomod:MuddlingPotion"},{"floor":24,"key":"ColorlessPotion"},{"floor":28,"key":"Energy Potion"}],"is_trial":false,"path_per_floor":["M","?","?","M","?","R","E","R","T","$","M","M","R","$","R","B",null,"M","?","?","M","?","R","E","R","T","E","M","R","$","?","R","B"],"character_chosen":"THE_DEFAULT","items_purchased":["theMarked:Polarize","ClockworkSouvenir","expansioncontent:BronzeBeam+1"],"campfire_rested":1,"item_purchase_floors":[10,30,30],"current_hp_per_floor":[68,68,51,49,49,49,28,28,28,28,28,28,28,28,28,15,70,54,54,32,32,32,32,13,34,34,8,31,31,31,31,31,0,0],"gold":17,"neow_bonus":"TRANSFORM_CARD","is_daily":false,"chose_seed":false,"campfire_upgraded":5,"win_rate":0.0,"timestamp":1610062440,"path_taken":["M","?","?","M","?","R","E","R","T","$","M","M","R","?","R","BOSS","M","?","?","M","?","R","E","R","T","E","M","R","?","?","R","BOSS"],"items_purchased_type":["Card","Relic","Card"],"build_version":"2020-12-22","purchased_purges":1,"victory":false,"max_hp_per_floor":[70,70,70,70,70,70,70,70,70,70,70,70,70,70,70,70,70,70,70,70,70,70,70,70,70,70,70,70,70,70,70,70,70,70],"card_choices":[{"not_picked":["theMarked:WastefulAttack","theMarked:WardOff"],"picked":"theMarked:ContemptForTheProud","floor":1},{"not_picked":["theMarked:Electrocute","theMarked:RepellingDischarge"],"picked":"theMarked:MaelstromOfLightning","floor":4},{"not_picked":["theMarked:BanishingStrike+1","theMarked:ChainLightning+1"],"picked":"theMarked:ComboAttacks","floor":7},{"not_picked":["theMarked:TwofoldDefense","theMarked:PowerFlow"],"picked":"theMarked:Indomitable","floor":11},{"not_picked":["theMarked:KeepCalmAndFightOn+1","theMarked:EmpowerWeapon"],"picked":"theMarked:SelfDefenseTraining+1","floor":12},{"not_picked":["theMarked:BindingBlade","theMarked:Abjuration+1"],"picked":"theMarked:MagicAdept","floor":16},{"not_picked":["theMarked:ParalyzingBlade","theMarked:EmpowerWeapon+1"],"picked":"theMarked:RepellingDischarge+1","floor":18},{"not_picked":["theMarked:Improvise","theMarked:TwofoldDefense"],"picked":"theMarked:ElectricStrings+1","floor":20},{"not_picked":["theMarked:Polarize","theMarked:Generate"],"picked":"theMarked:ResourceFulStrike+1","floor":21},{"not_picked":["theMarked:WardOff","theMarked:Parry"],"picked":"theMarked:Generate","floor":24},{"not_picked":["theMarked:WastefulAttack+1","theMarked:Improvise","theMarked:SwordAndMagic+1"],"picked":"SKIP","floor":27},{"not_picked":["theMarked:AttractMetal","theMarked:ElectricStrings+1","theMarked:TwofoldDefense+1"],"picked":"SKIP","floor":28}],"player_experience":1358582,"relics_obtained":[{"floor":7,"key":"Art of War"},{"floor":9,"key":"construct:FoamFinger"},{"floor":20,"key":"Red Mask"},{"floor":24,"key":"Boot"},{"floor":26,"key":"Girya"},{"floor":27,"key":"Bag of Preparation"}],"event_choices":[{"damage_healed":0,"gold_gain":0,"player_choice":"Take Damage","damage_taken":17,"relics_obtained":["Golden Idol"],"max_hp_gain":0,"max_hp_loss":0,"event_name":"Golden Idol","floor":3,"gold_loss":0},{"damage_healed":0,"gold_gain":0,"player_choice":"Box","damage_taken":0,"relics_obtained":["Molten Egg 2"],"max_hp_gain":0,"max_hp_loss":0,"event_name":"Big Fish","floor":5,"gold_loss":0,"cards_obtained":["Regret"]},{"damage_healed":0,"gold_gain":0,"player_choice":"Obtained Relic","damage_taken":0,"relics_obtained":["Lizard Tail"],"max_hp_gain":0,"max_hp_loss":0,"event_name":"Addict","floor":19,"gold_loss":85},{"damage_healed":0,"gold_gain":0,"player_choice":"Fought Bandits","damage_taken":0,"max_hp_gain":0,"max_hp_loss":0,"event_name":"Masked Bandits","floor":20,"gold_loss":0},{"damage_healed":0,"gold_gain":0,"player_choice":"Gave Idol","damage_taken":0,"relics_obtained":["Bloody Idol"],"max_hp_gain":0,"max_hp_loss":0,"event_name":"Forgotten Altar","floor":22,"relics_lost":["Golden Idol"],"gold_loss":0}],"is_beta":false,"boss_relics":[{"not_picked":["Coffee Dripper","theMarked:SpiritSword"],"picked":"construct:WeddingRing"}],"items_purged_floors":[10],"is_endless":false,"potions_floor_spawned":[7,12,16,24,28],"killed_by":"Automaton","ascension_level":1}}