{"host":"qm4rv4rkpk76sbxu","time":1610044939,"event":{"mods":["BaseMod","Bestiary","Block Reminder","Dark Map","DeckTracker","Filter the Spire","Keyboard Shortcuts","Minty Spire (QoL Compilation)","MonsterHotkey","Potion Indicator Mod","Quick Restart","Relic Stats","Slay-I","StSLib","ojb\u0027s Better Paths Mod"],"gold_per_floor":[11,59,69,82,95,123,123,152,152,180,180,190,201,232,232,305,305,320,595,610,629,649,649,684,684,684,711,728,728,745,660,660,736,736,748,762,1761,1761,1810,759,775,803,803,814,848,848,848,865,865,865,865],"floor_reached":50,"playtime":2717,"items_purged":["Normality"],"score":1323,"play_id":"d05faa82-080d-4216-a565-2166eb012ed0","local_time":"20210107194219","is_ascension_mode":true,"campfire_choices":[{"floor":7.0,"key":"REST"},{"floor":15.0,"key":"REST"},{"data":"Blade Dance","floor":23.0,"key":"SMITH"},{"data":"Terror","floor":25.0,"key":"SMITH"},{"data":"Footwork","floor":29.0,"key":"SMITH"},{"data":"Strike_G","floor":32.0,"key":"PURGE"},{"data":"Normality","floor":46.0,"key":"PURGE"},{"floor":49.0,"key":"RECALL"}],"circlet_count":0,"master_deck":["AscendersBane","Strike_G","Strike_G","Strike_G","Strike_G","Defend_G","Defend_G","Defend_G","Defend_G","Defend_G","Survivor+1","Neutralize","Flechettes","Dagger Spray","Blade Dance+1","Riddle With Holes","All Out Attack","Endless Agony","Deflect","Terror+1","After Image","Backflip+1","Crippling Poison","Skewer+1","Backflip","Footwork+1","Adrenaline","Acrobatics+1","Decay","Madness","Bullet Time","Doubt","Cloak And Dagger","Cloak And Dagger","Madness","Madness","Prepared+1"],"relics":["Ring of the Snake","Peace Pipe","PreservedInsect","Shuriken","InkBottle","Bottled Flame","Omamori","GremlinMask","Sundial","Cursed Key","Eternal Feather","Tingsha","Mummified Hand","Bag of Preparation","WristBlade","Pear","Molten Egg 2","Sling","Darkstone Periapt","Question Card","War Paint"],"acts_visited":["Exordium","TheCity","TheBeyond"],"potions_floor_usage":[50],"damage_taken":[{"damage":5.0,"enemies":"Cultist","floor":1.0,"turns":5.0},{"damage":5.0,"enemies":"2 Louse","floor":3.0,"turns":4.0},{"damage":28.0,"enemies":"Jaw Worm","floor":4.0,"turns":7.0},{"damage":5.0,"enemies":"Lots of Slimes","floor":5.0,"turns":3.0},{"damage":0.0,"enemies":"Gremlin Nob","floor":6.0,"turns":2.0},{"damage":10.0,"enemies":"3 Sentries","floor":8.0,"turns":3.0},{"damage":3.0,"enemies":"Gremlin Nob","floor":10.0,"turns":3.0},{"damage":8.0,"enemies":"Large Slime","floor":12.0,"turns":4.0},{"damage":0.0,"enemies":"Exordium Wildlife","floor":13.0,"turns":2.0},{"damage":5.0,"enemies":"Lagavulin","floor":14.0,"turns":5.0},{"damage":20.0,"enemies":"Hexaghost","floor":16.0,"turns":8.0},{"damage":0.0,"enemies":"3 Byrds","floor":18.0,"turns":4.0},{"damage":14.0,"enemies":"2 Thieves","floor":20.0,"turns":4.0},{"damage":8.0,"enemies":"3 Cultists","floor":21.0,"turns":5.0},{"damage":2.0,"enemies":"Chosen and Byrds","floor":22.0,"turns":5.0},{"damage":11.0,"enemies":"Gremlin Leader","floor":24.0,"turns":5.0},{"damage":3.0,"enemies":"Book of Stabbing","floor":27.0,"turns":4.0},{"damage":0.0,"enemies":"Centurion and Healer","floor":28.0,"turns":5.0},{"damage":7.0,"enemies":"Shelled Parasite and Fungi","floor":30.0,"turns":4.0},{"damage":25.0,"enemies":"Collector","floor":33.0,"turns":8.0},{"damage":0.0,"enemies":"3 Darklings","floor":35.0,"turns":4.0},{"damage":3.0,"enemies":"3 Shapes","floor":36.0,"turns":6.0},{"damage":0.0,"enemies":"Maw","floor":41.0,"turns":6.0},{"damage":0.0,"enemies":"Giant Head","floor":42.0,"turns":4.0},{"damage":2.0,"enemies":"Jaw Worm Horde","floor":44.0,"turns":3.0},{"damage":5.0,"enemies":"Reptomancer","floor":45.0,"turns":4.0},{"damage":1.0,"enemies":"Transient","floor":48.0,"turns":6.0},{"damage":103,"enemies":"Awakened One","floor":50,"turns":12}],"seed_played":"-335743497052028311","potions_obtained":[{"floor":4.0,"key":"FearPotion"},{"floor":8.0,"key":"PowerPotion"},{"floor":12.0,"key":"SpeedPotion"},{"floor":14.0,"key":"FearPotion"},{"floor":20.0,"key":"Dexterity Potion"},{"floor":22.0,"key":"SpeedPotion"},{"floor":24.0,"key":"AttackPotion"},{"floor":33.0,"key":"FearPotion"},{"floor":35.0,"key":"Regen Potion"},{"floor":45.0,"key":"SkillPotion"}],"is_trial":false,"path_per_floor":["M","T","M","M","M","E","R","E","T","E","?","M","M","E","R","B",null,"M","?","M","M","M","R","E","R","T","E","M","R","M","?","R","B",null,"M","M","?","?","T","$","M","E","T","M","E","R","?","M","R","B"],"character_chosen":"THE_SILENT","items_purchased":["Pear","Molten Egg 2","Sling","Madness","Bullet Time","GamblersBrew"],"campfire_rested":2,"item_purchase_floors":[40,40,40,40,40,40],"current_hp_per_floor":[54,54,49,21,16,16,35,25,25,22,22,14,14,9,28,8,52,52,52,38,30,28,28,17,32,32,29,29,44,37,37,52,27,56,56,53,53,53,53,63,63,63,69,67,62,82,67,66,82,0,0],"gold":865,"neow_bonus":"ONE_RARE_RELIC","is_daily":false,"chose_seed":false,"campfire_upgraded":3,"win_rate":0.0,"timestamp":1610044939,"path_taken":["M","?","M","M","M","E","R","E","T","E","?","?","M","E","R","BOSS","M","?","M","M","M","R","E","R","T","E","M","R","?","?","R","BOSS","M","M","?","?","?","$","?","E","T","M","E","R","?","M","R","BOSS"],"items_purchased_type":["Relic","Relic","Relic","Card","Card","Potion"],"build_version":"2020-12-22","purchased_purges":1,"victory":false,"max_hp_per_floor":[66,66,66,66,66,66,66,66,66,66,66,66,66,66,66,66,66,66,66,66,66,66,66,66,66,66,66,66,66,66,66,66,66,66,66,66,66,66,66,76,76,76,82,82,82,82,82,82,82,82,82],"relic_stats":{"Darkstone Periapt":6,"counters":[28,135],"Eternal Feather":81,"Tingsha":[105],"PreservedInsect":385,"Bag of Preparation":[19],"War Paint":["Backflip","Survivor"],"Cursed Key":3,"Question Card":3,"Peace Pipe":2,"Shuriken":[90],"Sundial":[12],"Mummified Hand":[22],"obtain_stats":[{"Darkstone Periapt":42,"Pear":40,"GremlinMask":11,"Eternal Feather":24,"Tingsha":26,"PreservedInsect":2,"Omamori":10,"Bag of Preparation":31,"War Paint":45,"Cursed Key":17,"Sling":40,"Question Card":43,"Peace Pipe":0,"Bottled Flame":9,"WristBlade":34,"Shuriken":6,"Sundial":14,"Mummified Hand":27,"Molten Egg 2":40,"InkBottle":8,"Ring of the Snake":0},{"Darkstone Periapt":24,"Pear":22,"GremlinMask":7,"Eternal Feather":16,"Tingsha":16,"PreservedInsect":1,"Omamori":7,"Bag of Preparation":19,"War Paint":26,"Cursed Key":11,"Sling":22,"Question Card":24,"Peace Pipe":0,"Bottled Flame":6,"WristBlade":20,"Shuriken":5,"Sundial":10,"Mummified Hand":17,"Molten Egg 2":22,"InkBottle":6,"Ring of the Snake":0},{"Darkstone Periapt":110,"Pear":100,"GremlinMask":27,"Eternal Feather":69,"Tingsha":69,"PreservedInsect":5,"Omamori":27,"Bag of Preparation":82,"War Paint":117,"Cursed Key":46,"Sling":100,"Question Card":110,"Peace Pipe":0,"Bottled Flame":24,"WristBlade":90,"Shuriken":21,"Sundial":38,"Mummified Hand":73,"Molten Egg 2":100,"InkBottle":24,"Ring of the Snake":0}],"InkBottle":[63],"Ring of the Snake":[56]},"card_choices":[{"not_picked":["Prepared","Concentrate"],"picked":"Flechettes","floor":1.0},{"not_picked":["Sucker Punch","Heel Hook"],"picked":"Dagger Spray","floor":3.0},{"not_picked":["Deflect","PiercingWail"],"picked":"Blade Dance","floor":4.0},{"not_picked":["Sucker Punch","Quick Slash"],"picked":"Riddle With Holes","floor":5.0},{"not_picked":["Quick Slash","Skewer"],"picked":"All Out Attack","floor":6.0},{"not_picked":["Riddle With Holes","PiercingWail"],"picked":"Endless Agony","floor":8.0},{"not_picked":["Skewer","Dagger Throw"],"picked":"Deflect","floor":10.0},{"not_picked":["Dodge and Roll","Masterful Stab","PiercingWail"],"picked":"SKIP","floor":12.0},{"not_picked":["Dagger Spray","Outmaneuver"],"picked":"Terror","floor":13.0},{"not_picked":["Choke","Setup","Underhanded Strike"],"picked":"SKIP","floor":14.0},{"not_picked":["Bullet Time","Phantasmal Killer"],"picked":"After Image","floor":16.0},{"not_picked":["Deadly Poison","Noxious Fumes"],"picked":"Backflip","floor":18.0},{"not_picked":["Reflex","Quick Slash","Dagger Throw"],"picked":"SKIP","floor":20.0},{"not_picked":["Masterful Stab","Concentrate+1"],"picked":"Crippling Poison","floor":21.0},{"not_picked":["Skewer+1","Noxious Fumes","Slice"],"picked":"SKIP","floor":22.0},{"not_picked":["Noxious Fumes","Slice"],"picked":"Skewer+1","floor":22.0},{"not_picked":["Flying Knee","Quick Slash"],"picked":"Backflip","floor":24.0},{"not_picked":["Escape Plan","Sucker Punch","Flechettes"],"picked":"SKIP","floor":27.0},{"not_picked":["Masterful Stab","Expertise"],"picked":"Footwork","floor":28.0},{"not_picked":["Poisoned Stab+1","Terror","Deadly Poison"],"picked":"SKIP","floor":30.0},{"not_picked":["Storm of Steel","Corpse Explosion"],"picked":"Adrenaline","floor":33.0},{"not_picked":["Dash+1","Predator","PiercingWail"],"picked":"SKIP","floor":35.0},{"not_picked":["Dash+1","Predator","PiercingWail"],"picked":"SKIP","floor":35.0},{"not_picked":["Masterful Stab","Reflex"],"picked":"Acrobatics+1","floor":36.0},{"not_picked":["Finisher+1","Deadly Poison+1","Dagger Throw+1"],"picked":"SKIP","floor":41.0},{"not_picked":["Acrobatics","Distraction","Finisher+1"],"picked":"SKIP","floor":42.0},{"not_picked":["Deflect","Dash+1","Sucker Punch+1"],"picked":"Cloak And Dagger","floor":44.0},{"not_picked":["Wraith Form v2","Catalyst","Outmaneuver"],"picked":"Cloak And Dagger","floor":45.0},{"not_picked":["Noxious Fumes","Acrobatics","Storm of Steel"],"picked":"Prepared+1","floor":48.0}],"player_experience":1235591,"relics_obtained":[{"floor":2.0,"key":"PreservedInsect"},{"floor":6.0,"key":"Shuriken"},{"floor":8.0,"key":"InkBottle"},{"floor":9.0,"key":"Bottled Flame"},{"floor":10.0,"key":"Omamori"},{"floor":14.0,"key":"Sundial"},{"floor":24.0,"key":"Eternal Feather"},{"floor":26.0,"key":"Tingsha"},{"floor":27.0,"key":"Mummified Hand"},{"floor":42.0,"key":"Darkstone Periapt"},{"floor":43.0,"key":"Question Card"},{"floor":45.0,"key":"War Paint"}],"event_choices":[{"damage_healed":0.0,"max_hp_gain":0.0,"max_hp_loss":0.0,"gold_gain":0.0,"event_name":"FaceTrader","player_choice":"Trade","floor":11.0,"gold_loss":0.0,"damage_taken":0.0,"relics_obtained":["GremlinMask"]},{"damage_healed":0.0,"max_hp_gain":0.0,"max_hp_loss":0.0,"gold_gain":275.0,"event_name":"Golden Shrine","player_choice":"Desecrate","floor":19.0,"gold_loss":0.0,"damage_taken":0.0,"cards_obtained":["Regret"]},{"damage_healed":0.0,"max_hp_gain":0.0,"max_hp_loss":0.0,"gold_gain":0.0,"event_name":"Addict","player_choice":"Obtained Relic","floor":31.0,"gold_loss":85.0,"damage_taken":0.0,"relics_obtained":["Bag of Preparation"]},{"damage_healed":0.0,"max_hp_gain":0.0,"max_hp_loss":0.0,"gold_gain":999.0,"event_name":"MindBloom","player_choice":"Gold","floor":37.0,"gold_loss":0.0,"damage_taken":0.0,"cards_obtained":["Normality","Normality"]},{"damage_healed":0.0,"max_hp_gain":0.0,"max_hp_loss":0.0,"gold_gain":0.0,"event_name":"Mysterious Sphere","player_choice":"Ignored","floor":38.0,"gold_loss":0.0,"damage_taken":0.0},{"damage_healed":0.0,"max_hp_gain":0.0,"max_hp_loss":0.0,"gold_gain":0.0,"event_name":"Winding Halls","player_choice":"Embrace Madness","floor":47.0,"gold_loss":0.0,"damage_taken":15.0,"cards_obtained":["Madness","Madness"]}],"is_beta":false,"boss_relics":[{"not_picked":["Black Star","Velvet Choker"],"picked":"Cursed Key"},{"not_picked":["Runic Dome","HoveringKite"],"picked":"WristBlade"}],"items_purged_floors":[40],"is_endless":false,"potions_floor_spawned":[4,8,12,14,20,22,24,33,35,44,45],"killed_by":"Awakened One","ascension_level":20}}