{"host":"zdhcon9z6t4xbcdl","time":1610043982,"event":{"mods":["BaseMod","Minty Spire (QoL Compilation)"],"gold_per_floor":[109,109,109,120,134,134,144,174,174,194,194,224,240,250,250,348,348,359,374,130,55,68,96,96,24,24,123,142,142,153,165,165,262,262,279,330,330,85,85,104,136,136,163,194,194,226,226,242,242,242],"floor_reached":51,"playtime":9718,"items_purged":["Strike_G","Strike_G"],"score":792,"play_id":"d33788a9-3f1c-4a0e-9f76-61df586d9970","local_time":"20210107182622","is_ascension_mode":false,"campfire_choices":[{"data":"Blade Dance","floor":6.0,"key":"SMITH"},{"data":"Footwork","floor":11.0,"key":"SMITH"},{"data":"Noxious Fumes","floor":15.0,"key":"SMITH"},{"data":"Bullet Time","floor":24,"key":"SMITH"},{"data":"Footwork","floor":29,"key":"SMITH"},{"floor":32,"key":"REST"},{"data":"Footwork","floor":42,"key":"SMITH"},{"data":"Footwork","floor":45,"key":"SMITH"},{"data":"Neutralize","floor":47,"key":"SMITH"},{"data":"Leg Sweep","floor":49,"key":"SMITH"}],"circlet_count":0,"master_deck":["Strike_G","Strike_G","Defend_G","Defend_G","Defend_G","Survivor","Neutralize+1","Backflip","Iron Wave","Blade Dance+1","Slice","Footwork+1","Dodge and Roll","Backflip","Noxious Fumes+1","Deadly Poison","Caltrops","Bullet Time+1","Quick Slash","Backflip+1","Infinite Blades","Backstab","Caltrops","Choke+1","Footwork+1","Leg Sweep+1","Backflip","Dagger Spray+1","Glass Knife","Bouncing Flask+1","Footwork+1","Footwork+1","Escape Plan","Deadly Poison+1","Outmaneuver"],"relics":["Ring of the Snake","Letter Opener","Incense Burner","Paper Crane","Meat on the Bone","Philosopher\u0027s Stone","Orichalcum","White Beast Statue","Busted Crown","Bird Faced Urn","Pantograph","Oddly Smooth Stone","Toy Ornithopter","Gremlin Horn","Bronze Scales"],"acts_visited":["Exordium","TheCity","TheBeyond"],"potions_floor_usage":[33,50,50,50],"damage_taken":[{"damage":5.0,"enemies":"Small Slimes","floor":1.0,"turns":4.0},{"damage":0.0,"enemies":"Cultist","floor":4.0,"turns":3.0},{"damage":0.0,"enemies":"Jaw Worm","floor":5.0,"turns":3.0},{"damage":5.0,"enemies":"2 Fungi Beasts","floor":7.0,"turns":3.0},{"damage":11.0,"enemies":"3 Sentries","floor":8.0,"turns":9.0},{"damage":7.0,"enemies":"Exordium Wildlife","floor":10.0,"turns":5.0},{"damage":3.0,"enemies":"Lagavulin","floor":12.0,"turns":8.0},{"damage":2.0,"enemies":"Blue Slaver","floor":13.0,"turns":3.0},{"damage":0.0,"enemies":"Large Slime","floor":14.0,"turns":6.0},{"damage":2.0,"enemies":"Hexaghost","floor":16.0,"turns":9.0},{"damage":0,"enemies":"Shell Parasite","floor":18,"turns":7},{"damage":11,"enemies":"Spheric Guardian","floor":19,"turns":5},{"damage":4,"enemies":"Cultist and Chosen","floor":22,"turns":5},{"damage":21,"enemies":"Book of Stabbing","floor":23,"turns":5},{"damage":8,"enemies":"Centurion and Healer","floor":28,"turns":5},{"damage":2,"enemies":"Shelled Parasite and Fungi","floor":30,"turns":5},{"damage":2,"enemies":"Snecko","floor":31,"turns":5},{"damage":13,"enemies":"Automaton","floor":33,"turns":10},{"damage":7,"enemies":"3 Shapes","floor":35,"turns":5},{"damage":6,"enemies":"2 Orb Walkers","floor":36,"turns":5},{"damage":0,"enemies":"Orb Walker","floor":40,"turns":4},{"damage":14,"enemies":"Nemesis","floor":41,"turns":7},{"damage":25,"enemies":"Reptomancer","floor":44,"turns":8},{"damage":36,"enemies":"Nemesis","floor":46,"turns":7},{"damage":23,"enemies":"3 Darklings","floor":48,"turns":5},{"damage":6,"enemies":"Donu and Deca","floor":50,"turns":11}],"seed_played":"5902543997227927809","potions_obtained":[{"floor":1.0,"key":"Dexterity Potion"},{"floor":10.0,"key":"FearPotion"},{"floor":12.0,"key":"DistilledChaos"},{"floor":14.0,"key":"AttackPotion"},{"floor":16.0,"key":"SmokeBomb"},{"floor":18,"key":"Swift Potion"},{"floor":30,"key":"Strength Potion"},{"floor":33,"key":"SteroidPotion"},{"floor":35,"key":"EssenceOfSteel"},{"floor":36,"key":"PowerPotion"},{"floor":48,"key":"DuplicationPotion"}],"is_trial":false,"path_per_floor":["M","?","?","M","M","R","M","E","T","M","R","E","M","M","R","B",null,"M","M","$","?","M","E","R","$","T","?","M","R","M","M","R","B",null,"M","?","?","$","T","M","E","R","T","E","R","E","R","M","R","B",null],"character_chosen":"THE_SILENT","items_purchased":["Infinite Blades","Backstab","Dexterity Potion","Footwork","Footwork","Escape Plan"],"campfire_rested":1,"item_purchase_floors":[20,20,20,25,38,38],"current_hp_per_floor":[72,60,60,60,60,60,55,44,44,37,37,34,44,44,44,42,77,77,66,66,66,62,41,41,41,41,41,45,45,43,41,64,51,77,70,64,64,64,64,77,73,73,73,62,62,42,42,45,45,77],"gold":242,"neow_bonus":"TEN_PERCENT_HP_BONUS","is_daily":false,"chose_seed":false,"campfire_upgraded":9,"win_rate":0.0,"timestamp":1610043982,"path_taken":["M","?","?","M","M","R","M","E","T","M","R","E","M","?","R","BOSS","M","M","$","?","M","E","R","$","T","?","M","R","M","M","R","BOSS","M","?","?","$","?","M","E","R","T","E","R","E","R","M","R","BOSS"],"items_purchased_type":["Card","Card","Potion","Card","Card","Card"],"build_version":"2020-12-22","purchased_purges":2,"victory":true,"max_hp_per_floor":[77,77,77,77,77,77,77,77,77,77,77,77,77,77,77,77,77,77,77,77,77,77,77,77,77,77,77,77,77,77,77,77,77,77,77,77,77,77,77,77,77,77,77,77,77,77,77,77,77,77],"card_choices":[{"not_picked":["Expertise","Dagger Spray"],"picked":"Backflip","floor":1.0},{"not_picked":["Endless Agony","Masterful Stab"],"picked":"Blade Dance","floor":4.0},{"not_picked":["Distraction","PiercingWail"],"picked":"Slice","floor":5.0},{"not_picked":["Poisoned Stab","Backflip"],"picked":"Footwork","floor":7.0},{"not_picked":["Skewer","Dagger Spray"],"picked":"Dodge and Roll","floor":8.0},{"not_picked":["Dagger Spray","PiercingWail"],"picked":"Backflip","floor":10.0},{"not_picked":["Dagger Spray","Bane"],"picked":"Noxious Fumes","floor":12.0},{"not_picked":["Adrenaline","Dodge and Roll"],"picked":"Deadly Poison","floor":13.0},{"not_picked":["Acrobatics","Underhanded Strike"],"picked":"Caltrops","floor":14.0},{"not_picked":["Glass Knife","Malaise"],"picked":"Bullet Time","floor":16.0},{"not_picked":["Acrobatics","Flying Knee"],"picked":"Quick Slash","floor":18},{"not_picked":["Slice","Sucker Punch+1"],"picked":"Backflip+1","floor":19},{"not_picked":["Sucker Punch","PiercingWail"],"picked":"Caltrops","floor":22},{"not_picked":["Outmaneuver","Prepared"],"picked":"Choke+1","floor":23},{"not_picked":["Predator+1","Dagger Throw+1"],"picked":"Leg Sweep","floor":28},{"not_picked":["Dagger Spray","PiercingWail"],"picked":"Backflip","floor":30},{"not_picked":["Reflex","Tools of the Trade"],"picked":"Dagger Spray+1","floor":31},{"not_picked":["Night Terror","Doppelganger"],"picked":"Glass Knife","floor":33},{"not_picked":[],"picked":"Bouncing Flask+1","floor":35},{"not_picked":[],"picked":"Footwork","floor":36},{"not_picked":[],"picked":"Deadly Poison+1","floor":40},{"not_picked":[],"picked":"Outmaneuver","floor":41},{"not_picked":["Prepared"],"picked":"SKIP","floor":44},{"not_picked":["Tactician+1"],"picked":"SKIP","floor":46},{"not_picked":["Well Laid Plans"],"picked":"SKIP","floor":48}],"player_experience":13270,"relics_obtained":[{"floor":8.0,"key":"Incense Burner"},{"floor":9.0,"key":"Paper Crane"},{"floor":12.0,"key":"Meat on the Bone"},{"floor":23,"key":"Orichalcum"},{"floor":26,"key":"White Beast Statue"},{"floor":36,"key":"Bird Faced Urn"},{"floor":39,"key":"Pantograph"},{"floor":41,"key":"Oddly Smooth Stone"},{"floor":43,"key":"Toy Ornithopter"},{"floor":44,"key":"Gremlin Horn"},{"floor":46,"key":"Bronze Scales"}],"event_choices":[{"damage_healed":0.0,"max_hp_gain":0.0,"max_hp_loss":0.0,"gold_gain":0.0,"event_name":"Scrap Ooze","player_choice":"Success","floor":2.0,"gold_loss":0.0,"damage_taken":12.0,"relics_obtained":["Letter Opener"]},{"cards_removed":["Defend_G"],"damage_healed":0.0,"max_hp_gain":0.0,"max_hp_loss":0.0,"gold_gain":0.0,"event_name":"NoteForYourself","player_choice":"Took Card","floor":3.0,"gold_loss":0.0,"damage_taken":0.0,"cards_obtained":["Iron Wave"]},{"cards_removed":["Strike_G"],"damage_healed":0,"gold_gain":0,"player_choice":"Gave Gold","damage_taken":0,"max_hp_gain":0,"max_hp_loss":0,"event_name":"Beggar","floor":21,"gold_loss":75},{"damage_healed":0,"gold_gain":99,"player_choice":"Stole From Cult","damage_taken":0,"max_hp_gain":0,"max_hp_loss":0,"event_name":"Nest","floor":27,"gold_loss":0},{"damage_healed":0,"gold_gain":0,"player_choice":"Fight","damage_taken":0,"max_hp_gain":0,"max_hp_loss":0,"event_name":"Mysterious Sphere","floor":36,"gold_loss":0},{"cards_removed":["Defend_G"],"damage_healed":0,"gold_gain":0,"player_choice":"Removed Skill","damage_taken":0,"max_hp_gain":0,"max_hp_loss":0,"event_name":"Falling","floor":37,"gold_loss":0}],"is_beta":false,"boss_relics":[{"not_picked":["Velvet Choker","Calling Bell"],"picked":"Philosopher\u0027s Stone"},{"not_picked":["Coffee Dripper","Runic Dome"],"picked":"Busted Crown"}],"items_purged_floors":[20,38],"is_endless":false,"potions_floor_spawned":[1,10,12,14,16,18,28,30,31,33,35,36,40,41,44,46,48],"ascension_level":0}}