{"host":"j4g6ia6asvpyu2b0","time":1610026567,"event":{"mods":["BaseMod","Colored Map","Minty Spire (QoL Compilation)","Permanent Neow","Quick Restart","Relic Stats","StSLib","Unceasing Turn Reminder"],"gold_per_floor":[11,26,39,4,79,105,105,130,130,130,140,140,167,184,184,282,282,295,295,307,406,331,359,375,404,453,469,498,515,540,557,557,557,557,557],"floor_reached":34,"playtime":1021,"items_purged":[],"score":698,"play_id":"e15c21e7-a7fa-4674-8257-28522c5dc71d","local_time":"20210107063607","is_ascension_mode":true,"campfire_choices":[{"data":"Genetic Algorithm","floor":7,"key":"SMITH"},{"data":"Electrodynamics","floor":10,"key":"SMITH"},{"data":"Zap","floor":12,"key":"SMITH"},{"data":"Doom and Gloom","floor":15,"key":"SMITH"},{"data":"Capacitor","floor":32,"key":"SMITH"}],"circlet_count":0,"master_deck":["Strike_B","Strike_B","Strike_B","Defend_B","Defend_B","Defend_B","Defend_B","Zap+1","Dualcast","Electrodynamics+1","Gash","Genetic Algorithm+1","Capacitor+1","Doom and Gloom+1","White Noise","Coolheaded","White Noise","Echo Form+1","CurseOfTheBell","Aggregate+1","Chill","Self Repair+1","Ball Lightning","Buffer+1","Conserve Battery"],"relics":["Cracked Core","Frozen Egg 2","Bottled Lightning","HornCleat","Bag of Preparation","Calling Bell","Orichalcum","The Courier","Turnip","Art of War","Lantern","DataDisk","Pen Nib","Bronze Scales"],"acts_visited":["Exordium","TheCity"],"potions_floor_usage":[6,8,11,18,28,30],"damage_taken":[{"damage":0,"enemies":"2 Louse","floor":1,"turns":1},{"damage":7,"enemies":"Jaw Worm","floor":2,"turns":3},{"damage":0,"enemies":"Small Slimes","floor":3,"turns":3},{"damage":28,"enemies":"Gremlin Nob","floor":6,"turns":4},{"damage":15,"enemies":"3 Sentries","floor":8,"turns":5},{"damage":0,"enemies":"3 Louse","floor":11,"turns":2},{"damage":0,"enemies":"Looter","floor":14,"turns":3},{"damage":0,"enemies":"Slime Boss","floor":16,"turns":6},{"damage":0,"enemies":"Spheric Guardian","floor":18,"turns":3},{"damage":5,"enemies":"2 Thieves","floor":20,"turns":3},{"damage":2,"enemies":"Slavers","floor":23,"turns":3},{"damage":11,"enemies":"Cultist and Chosen","floor":24,"turns":4},{"damage":0,"enemies":"Gremlin Leader","floor":25,"turns":6},{"damage":0,"enemies":"Chosen and Byrds","floor":27,"turns":6},{"damage":15,"enemies":"Book of Stabbing","floor":28,"turns":7},{"damage":11,"enemies":"Centurion and Healer","floor":29,"turns":4},{"damage":11,"enemies":"Gremlin Leader","floor":30,"turns":4},{"damage":0,"enemies":"Snake Plant","floor":31,"turns":4},{"damage":32,"enemies":"Collector","floor":33,"turns":9}],"seed_played":"-1031583745269504289","potions_obtained":[{"floor":2,"key":"DistilledChaos"},{"floor":3,"key":"Strength Potion"},{"floor":6,"key":"Explosive Potion"},{"floor":14,"key":"Fire Potion"},{"floor":16,"key":"PotionOfCapacity"},{"floor":18,"key":"Explosive Potion"},{"floor":23,"key":"Block Potion"},{"floor":28,"key":"PowerPotion"},{"floor":30,"key":"Explosive Potion"},{"floor":31,"key":"Ancient Potion"}],"is_trial":false,"path_per_floor":["M","M","M","?","?","E","R","E","T","R","M","R","T","M","R","B",null,"M","?","M","?","?","E","M","E","T","M","E","M","E","M","R","B",null],"character_chosen":"DEFECT","items_purchased":[],"campfire_rested":0,"item_purchase_floors":[],"current_hp_per_floor":[68,61,61,75,64,36,36,21,21,21,21,21,21,21,21,21,62,62,62,57,57,57,55,44,44,44,64,69,68,67,75,75,63,63,63],"gold":557,"neow_bonus":"THREE_RARE_CARDS","is_daily":false,"chose_seed":false,"campfire_upgraded":5,"win_rate":0.0,"timestamp":1610026567,"path_taken":["M","M","M","?","?","E","R","E","T","R","M","R","?","M","R","BOSS","M","?","M","?","?","E","M","E","T","M","E","M","E","M","R","BOSS"],"items_purchased_type":[],"build_version":"2020-12-22","purchased_purges":0,"victory":false,"max_hp_per_floor":[75,75,75,75,75,75,75,75,75,75,75,75,75,75,75,75,75,75,75,75,75,75,75,75,75,75,75,75,75,75,75,75,75,75,75],"relic_stats":{"counters":[19,80],"Bronze Scales":[45],"Turnip":[10],"Pen Nib":[2],"Bag of Preparation":[26],"Art of War":[16],"Orichalcum":[102],"obtain_stats":[{"Lantern":25,"The Courier":17,"Pen Nib":28,"Bag of Preparation":13,"Frozen Egg 2":6,"Orichalcum":17,"Calling Bell":17,"DataDisk":26,"HornCleat":9,"Bronze Scales":30,"Turnip":17,"Art of War":23,"Bottled Lightning":8,"Cracked Core":0},{"Lantern":13,"The Courier":8,"Pen Nib":15,"Bag of Preparation":6,"Frozen Egg 2":4,"Orichalcum":8,"Calling Bell":8,"DataDisk":13,"HornCleat":5,"Bronze Scales":17,"Turnip":8,"Art of War":11,"Bottled Lightning":5,"Cracked Core":0},{"Lantern":46,"The Courier":27,"Pen Nib":59,"Bag of Preparation":18,"Frozen Egg 2":11,"Orichalcum":27,"Calling Bell":27,"DataDisk":46,"HornCleat":16,"Bronze Scales":67,"Turnip":27,"Art of War":36,"Bottled Lightning":16,"Cracked Core":0}]},"card_choices":[{"not_picked":["Rainbow","Biased Cognition"],"picked":"Electrodynamics","floor":0},{"not_picked":["Steam","Redo"],"picked":"Gash","floor":1},{"not_picked":["Beam Cell","Gash"],"picked":"Genetic Algorithm","floor":2},{"not_picked":["BootSequence","Darkness"],"picked":"Capacitor","floor":3},{"not_picked":["Aggregate","Sunder"],"picked":"Doom and Gloom","floor":6},{"not_picked":["Undo","FTL"],"picked":"White Noise","floor":8},{"not_picked":["Beam Cell","Doom and Gloom"],"picked":"Coolheaded","floor":11},{"not_picked":["Streamline","Hello World+1"],"picked":"White Noise","floor":14},{"not_picked":["Core Surge","Meteor Strike"],"picked":"Echo Form+1","floor":16},{"not_picked":["Double Energy","Fusion"],"picked":"Aggregate+1","floor":18},{"not_picked":["Rebound","Gash","Scrape"],"picked":"SKIP","floor":20},{"not_picked":["Rebound","Beam Cell+1","Gash"],"picked":"SKIP","floor":23},{"not_picked":["Sweeping Beam+1","Aggregate"],"picked":"Chill","floor":24},{"not_picked":["Reinforced Body","Gash"],"picked":"Self Repair+1","floor":25},{"not_picked":["Hologram","Stack"],"picked":"Ball Lightning","floor":27},{"not_picked":["Reprogram","Rebound","Gash"],"picked":"SKIP","floor":28},{"not_picked":["Leap","Stack","Streamline"],"picked":"SKIP","floor":29},{"not_picked":["White Noise","Amplify"],"picked":"Buffer+1","floor":30},{"not_picked":["Steam","Sweeping Beam"],"picked":"Conserve Battery","floor":31}],"player_experience":745543,"relics_obtained":[{"floor":6,"key":"Frozen Egg 2"},{"floor":8,"key":"Bottled Lightning"},{"floor":9,"key":"HornCleat"},{"floor":13,"key":"Bag of Preparation"},{"floor":17,"key":"Orichalcum"},{"floor":17,"key":"The Courier"},{"floor":17,"key":"Turnip"},{"floor":23,"key":"Art of War"},{"floor":25,"key":"Lantern"},{"floor":26,"key":"DataDisk"},{"floor":28,"key":"Pen Nib"},{"floor":30,"key":"Bronze Scales"}],"event_choices":[{"damage_healed":18,"gold_gain":0,"player_choice":"Healed","damage_taken":0,"max_hp_gain":0,"max_hp_loss":0,"event_name":"The Cleric","floor":4,"gold_loss":35},{"damage_healed":0,"gold_gain":75,"player_choice":"Gather Gold","damage_taken":11,"max_hp_gain":0,"max_hp_loss":0,"event_name":"World of Goop","floor":5,"gold_loss":0},{"damage_healed":0,"gold_gain":0,"player_choice":"Ignored","damage_taken":0,"max_hp_gain":0,"max_hp_loss":0,"event_name":"Vampires","floor":19,"gold_loss":0},{"damage_healed":0,"gold_gain":99,"player_choice":"Stole From Cult","damage_taken":0,"max_hp_gain":0,"max_hp_loss":0,"event_name":"Nest","floor":21,"gold_loss":0},{"cards_removed":["Strike_B"],"damage_healed":0,"gold_gain":0,"player_choice":"Gave Gold","damage_taken":0,"max_hp_gain":0,"max_hp_loss":0,"event_name":"Beggar","floor":22,"gold_loss":75}],"is_beta":false,"boss_relics":[{"not_picked":["Ectoplasm","FrozenCore"],"picked":"Calling Bell"}],"items_purged_floors":[],"is_endless":false,"potions_floor_spawned":[2,3,6,14,16,18,23,25,28,30,31],"ascension_level":7}}