{"host":"8r9wnm3f0x81e4d7","time":1610032137,"event":{"mods":["BaseMod","Downfall","Minty Spire (QoL Compilation)","StSLib"],"gold_per_floor":[109,109,84,108,121,152,152,327,327,361,361,19,19,19,19,19,19],"floor_reached":16,"playtime":1104,"items_purged":[],"score":111,"play_id":"1458ce24-44ec-4ea9-b7d6-e505d052f304","local_time":"20210107230857","is_ascension_mode":true,"campfire_choices":[{"floor":7,"key":"REST"},{"floor":11,"key":"REST"},{"floor":15,"key":"REST"}],"circlet_count":0,"master_deck":["Strike_R","Strike_R","Strike_R","Strike_R","Strike_R","Defend_R","Defend_R","Defend_R","Defend_R","Bash","Body Slam","Armaments","Rage","Rage","Flame Barrier","Doubt","Body Slam","Chrysalis","Regret"],"relics":["Burning Blood","TungstenRod","Golden Idol","Matryoshka","Tiny Chest","Red Skull","Unceasing Top","PreservedInsect","Bag of Preparation","Champion Belt"],"acts_visited":["Exordium"],"potions_floor_usage":[6,6],"damage_taken":[{"damage":2,"enemies":"Small Slimes","floor":1,"turns":4},{"damage":5,"enemies":"Jaw Worm","floor":4,"turns":5},{"damage":0,"enemies":"2 Louse","floor":5,"turns":4},{"damage":36,"enemies":"Gremlin Nob","floor":6,"turns":6},{"damage":36,"enemies":"3 Sentries","floor":10,"turns":13},{"damage":55,"enemies":"Slime Boss","floor":16,"turns":11}],"seed_played":"-436991235147879563","potions_obtained":[{"floor":1,"key":"HeartOfIron"},{"floor":5,"key":"Fire Potion"},{"floor":6,"key":"Energy Potion"}],"is_trial":false,"path_per_floor":["M","?","$","M","M","E","R","?","T","E","R","$","?","?","R","B"],"character_chosen":"IRONCLAD","items_purchased":["Armaments","Chrysalis","PreservedInsect"],"campfire_rested":3,"item_purchase_floors":[3,12,12],"current_hp_per_floor":[60,41,41,42,48,18,42,42,42,12,36,36,31,31,55,0,0],"gold":19,"neow_bonus":"ONE_RARE_RELIC","is_daily":false,"chose_seed":false,"campfire_upgraded":0,"win_rate":0.0,"timestamp":1610032137,"path_taken":["M","?","?","M","M","E","R","?","T","E","R","$","?","?","R","BOSS"],"items_purchased_type":["Card","Card","Relic"],"build_version":"2020-12-22","purchased_purges":0,"victory":false,"max_hp_per_floor":[80,80,80,80,80,80,80,80,80,80,80,80,80,80,80,80,80],"card_choices":[{"not_picked":["Second Wind","Seeing Red"],"picked":"Body Slam","floor":1},{"not_picked":["Fire Breathing","Thunderclap"],"picked":"Rage","floor":4},{"not_picked":["Cleave","Clash"],"picked":"Rage","floor":5},{"not_picked":["Clothesline","Blood for Blood"],"picked":"Flame Barrier","floor":6},{"not_picked":["Feel No Pain","Armaments"],"picked":"Body Slam","floor":10}],"player_experience":41818,"relics_obtained":[{"floor":6,"key":"Matryoshka"},{"floor":9,"key":"Tiny Chest"},{"floor":9,"key":"Red Skull"},{"floor":10,"key":"Unceasing Top"}],"event_choices":[{"damage_healed":0,"gold_gain":0,"player_choice":"Take Damage","damage_taken":20,"relics_obtained":["Golden Idol"],"max_hp_gain":0,"max_hp_loss":0,"event_name":"Golden Idol","floor":2,"gold_loss":0},{"damage_healed":0,"gold_gain":175,"player_choice":"AGREE","damage_taken":0,"max_hp_gain":0,"max_hp_loss":0,"event_name":"Liars Game","floor":8,"gold_loss":0,"cards_obtained":["Doubt"]},{"damage_healed":0,"gold_gain":0,"player_choice":"Success","damage_taken":7,"relics_obtained":["Bag of Preparation"],"max_hp_gain":0,"max_hp_loss":0,"event_name":"Scrap Ooze","floor":13,"gold_loss":0},{"damage_healed":0,"gold_gain":0,"player_choice":"Box","damage_taken":0,"relics_obtained":["Champion Belt"],"max_hp_gain":0,"max_hp_loss":0,"event_name":"Big Fish","floor":14,"gold_loss":0,"cards_obtained":["Regret"]}],"is_beta":false,"boss_relics":[],"items_purged_floors":[],"is_endless":false,"potions_floor_spawned":[1,5,6],"killed_by":"Slime Boss","ascension_level":1}}