{"host":"anox4050deqdcqoh","time":1610030292,"event":{"mods":["BaseMod","Colored Map","Highlight Path","Minty Spire (QoL Compilation)","Quick Restart","Rare Cards Sparkle","everything is the same but u backflip on backflip"],"gold_per_floor":[113,130,55,74,74,99,118,118,118,118,153,173,173,173,173,173,173],"floor_reached":16,"playtime":1449,"items_purged":["Defend_G"],"score":121,"play_id":"a13ced6c-d564-421f-9af6-1742fc00f8ae","local_time":"20210107093812","is_ascension_mode":true,"campfire_choices":[{"floor":10,"key":"REST"},{"floor":13,"key":"REST"},{"floor":15,"key":"REST"}],"circlet_count":0,"master_deck":["Strike_G","Strike_G","Strike_G","Strike_G","Strike_G","Defend_G","Defend_G","Defend_G","Survivor","Neutralize","Acrobatics","Cloak And Dagger","Sucker Punch","Storm of Steel","Corpse Explosion","Blade Dance","Dagger Throw","Slice"],"relics":["Ring of the Snake","Mummified Hand","The Courier","Darkstone Periapt","Bird Faced Urn"],"acts_visited":["Exordium"],"potions_floor_usage":[11,16],"damage_taken":[{"damage":5,"enemies":"Small Slimes","floor":1,"turns":5},{"damage":2,"enemies":"2 Louse","floor":2,"turns":4},{"damage":2,"enemies":"Cultist","floor":4,"turns":4},{"damage":43,"enemies":"3 Sentries","floor":6,"turns":14},{"damage":2,"enemies":"Looter","floor":7,"turns":3},{"damage":27,"enemies":"Lagavulin","floor":11,"turns":7},{"damage":5,"enemies":"3 Louse","floor":12,"turns":2},{"damage":63,"enemies":"Hexaghost","floor":16,"turns":15}],"seed_played":"-6080686420402940479","potions_obtained":[{"floor":2,"key":"GamblersBrew"},{"floor":7,"key":"AttackPotion"},{"floor":12,"key":"Block Potion"}],"is_trial":false,"path_per_floor":["M","M","$","M","?","E","M","?","T","R","E","M","R","?","R","B"],"character_chosen":"THE_SILENT","items_purchased":[],"campfire_rested":3,"item_purchase_floors":[],"current_hp_per_floor":[72,70,70,68,68,25,23,23,23,46,19,14,37,37,60,0,0],"gold":173,"neow_bonus":"TEN_PERCENT_HP_BONUS","is_daily":false,"chose_seed":false,"campfire_upgraded":0,"win_rate":0.0,"timestamp":1610030292,"path_taken":["M","M","$","M","?","E","M","?","T","R","E","M","R","?","R","BOSS"],"items_purchased_type":[],"build_version":"2020-12-22","purchased_purges":1,"victory":false,"max_hp_per_floor":[77,77,77,77,77,77,77,77,77,77,77,77,77,77,77,77,77],"card_choices":[{"not_picked":["Dodge and Roll","Finisher"],"picked":"Acrobatics","floor":1},{"not_picked":["Finisher","Acrobatics"],"picked":"Cloak And Dagger","floor":2},{"not_picked":["Dagger Spray","Bane"],"picked":"Sucker Punch","floor":4},{"not_picked":["Bane","Eviscerate"],"picked":"Corpse Explosion","floor":6},{"not_picked":["Flying Knee","Dagger Spray"],"picked":"Blade Dance","floor":7},{"not_picked":["Predator","Concentrate"],"picked":"Dagger Throw","floor":11},{"not_picked":["Concentrate","Underhanded Strike"],"picked":"Slice","floor":12}],"player_experience":290899,"relics_obtained":[{"floor":6,"key":"Mummified Hand"},{"floor":9,"key":"The Courier"},{"floor":11,"key":"Darkstone Periapt"}],"event_choices":[{"damage_healed":0,"gold_gain":0,"cards_transformed":["Defend_G"],"player_choice":"Change","damage_taken":0,"max_hp_gain":0,"max_hp_loss":0,"event_name":"Living Wall","floor":5,"gold_loss":0,"cards_obtained":["Storm of Steel"]},{"damage_healed":0,"gold_gain":0,"player_choice":"Ignored","damage_taken":0,"max_hp_gain":0,"max_hp_loss":0,"event_name":"Shining Light","floor":8,"gold_loss":0},{"damage_healed":0,"gold_gain":0,"player_choice":"Gave Potion","damage_taken":0,"relics_obtained":["Bird Faced Urn"],"max_hp_gain":0,"max_hp_loss":0,"event_name":"WeMeetAgain","floor":14,"gold_loss":0}],"is_beta":false,"boss_relics":[],"items_purged_floors":[3],"is_endless":false,"potions_floor_spawned":[2,7,12],"killed_by":"Hexaghost","ascension_level":2}}