{"host":"ds1yr10zonoc6w4a","time":1610051051,"event":{"mods":["BaseMod","Better Match","Better Third Choice","BetterRewards","Minty Spire (QoL Compilation)","StSLib","The Animator"],"gold_per_floor":[116,79,4,39,39,82,109,166,178,190,190],"floor_reached":10,"playtime":593,"items_purged":[],"score":183,"play_id":"427b59a0-67f0-400c-918c-68a61c03f7be","local_time":"20210107132411","is_ascension_mode":true,"campfire_choices":[],"circlet_count":0,"master_deck":["AscendersBane","animator:Defend_Overlord","animator:Strike","animator:Strike","animator:Defend","animator:Defend","animator:Cocytus","animator:Demiurge","animator:Geryuganshoop","animator:YunYun","animator:ElricAlphonse","animator:Shalltear"],"relics":["animator:LivingPicture","animator:TheMissingPiece","animator:PurgingStone","NeowsBlessing","betterThird:SlimedRelic","MawBank","Regal Pillow","Darkstone Periapt"],"acts_visited":["Exordium"],"potions_floor_usage":[10],"damage_taken":[{"damage":0,"enemies":"2 Louse","floor":1,"turns":1},{"damage":0,"enemies":"Lagavulin","floor":6,"turns":1},{"damage":0,"enemies":"Small Slimes","floor":7,"turns":1},{"damage":33,"enemies":"3 Sentries","floor":8,"turns":7},{"damage":20,"enemies":"Lagavulin","floor":10,"turns":5}],"seed_played":"-2618025057976964348","potions_obtained":[{"floor":7,"key":"Weak Potion"}],"is_trial":false,"path_per_floor":["M","?","?","?","?","E","M","E","T","E"],"character_chosen":"THE_ANIMATOR","items_purchased":[],"campfire_rested":0,"item_purchase_floors":[],"current_hp_per_floor":[54,43,43,43,43,43,43,10,10,0,0],"gold":190,"neow_bonus":"THREE_ENEMY_KILL","is_daily":false,"chose_seed":false,"campfire_upgraded":0,"win_rate":0.0,"timestamp":1610051051,"path_taken":["M","?","?","?","?","E","M","E","T","E"],"items_purchased_type":[],"build_version":"2020-12-22","purchased_purges":0,"victory":false,"max_hp_per_floor":[60,60,60,60,60,60,60,60,60,60,60],"card_choices":[{"not_picked":["animator:Verdia","animator:CowGirl"],"picked":"animator:Geryuganshoop","floor":1},{"not_picked":["animator:Vanir","animator:Entoma"],"picked":"animator:YunYun","floor":6},{"not_picked":["animator:Hakurou","animator:Aqua"],"picked":"animator:ElricAlphonse","floor":7},{"not_picked":["animator:Sebas","animator:Demiurge"],"picked":"animator:Shalltear","floor":8}],"player_experience":675796,"relics_obtained":[{"floor":6,"key":"MawBank"},{"floor":8,"key":"Regal Pillow"},{"floor":9,"key":"Darkstone Periapt"}],"event_choices":[{"damage_healed":0,"gold_gain":0,"player_choice":"Slimed","damage_taken":11,"max_hp_gain":0,"max_hp_loss":0,"event_name":"betterThird:BetterGoop","floor":2,"gold_loss":37},{"cards_removed":["animator:Strike"],"damage_healed":0,"gold_gain":0,"player_choice":"Card Removal","damage_taken":0,"max_hp_gain":0,"max_hp_loss":0,"event_name":"The Cleric","floor":3,"gold_loss":75},{"cards_removed":["animator:Defend"],"damage_healed":0,"gold_gain":0,"player_choice":"Forget","damage_taken":0,"max_hp_gain":0,"max_hp_loss":0,"event_name":"Living Wall","floor":5,"gold_loss":0}],"is_beta":false,"boss_relics":[],"items_purged_floors":[],"is_endless":false,"potions_floor_spawned":[7],"killed_by":"Lagavulin","ascension_level":17}}