{"host":"z9811rt50ti81n54","time":1610042007,"event":{"mods":["BaseMod","Minty Spire (QoL Compilation)","Random Character Button","SuperFastMode"],"gold_per_floor":[210,210,28,103,123,123,73,73,73,86,86,112,131,160,160,272,299,327,10,19,19,19,19,40,24,69,69,98,98,121,137,137,242,242,261,261,7,25,25,25,25,25,51,51,70,70,96,115,115,115],"floor_reached":51,"playtime":1329,"items_purged":["Defend_P"],"score":685,"play_id":"3bc09742-8f1c-48e8-8269-f894c7e3ac22","local_time":"20210108025327","is_ascension_mode":false,"campfire_choices":[{"data":"Eruption","floor":6.0,"key":"SMITH"},{"data":"Conclude","floor":8.0,"key":"SMITH"},{"data":"ClearTheMind","floor":11.0,"key":"SMITH"},{"data":"ForeignInfluence","floor":15.0,"key":"SMITH"},{"data":"Devotion","floor":23.0,"key":"SMITH"},{"data":"Ragnarok","floor":27.0,"key":"SMITH"},{"data":"ConjureBlade","floor":29.0,"key":"SMITH"},{"data":"Master of Strategy","floor":32.0,"key":"SMITH"},{"data":"Omniscience","floor":40,"key":"SMITH"},{"data":"EmptyMind","floor":42,"key":"SMITH"},{"data":"Meditate","floor":44,"key":"SMITH"},{"floor":49,"key":"REST"}],"circlet_count":0,"master_deck":["Defend_P","Defend_P+1","Defend_P","Vigilance+1","ClearTheMind+1","Conclude+1","ThirdEye+1","ForeignInfluence+1","DevaForm","Devotion+1","Swivel+1","WheelKick+1","Judgement+1","Meditate+1","Master of Strategy+1","EmptyMind+1","Ragnarok+1","DeceiveReality","EmptyBody","ConjureBlade+1","ThirdEye+1","Omniscience+1","Wallop+1","ThirdEye+1","Scrawl"],"relics":["HolyWater","Pen Nib","Potion Belt","CeramicFish","Astrolabe","Orichalcum","Mummified Hand","Akabeko"],"acts_visited":["Exordium","TheCity","TheBeyond"],"potions_floor_usage":[41,47,48,50,50,50,50,50,50,50,50],"damage_taken":[{"damage":0.0,"enemies":"2 Louse","floor":1.0,"turns":2.0},{"damage":0.0,"enemies":"Jaw Worm","floor":5.0,"turns":4.0},{"damage":0.0,"enemies":"Cultist","floor":10.0,"turns":2.0},{"damage":0.0,"enemies":"3 Louse","floor":13.0,"turns":1.0},{"damage":4.0,"enemies":"Exordium Wildlife","floor":14.0,"turns":3.0},{"damage":1.0,"enemies":"Hexaghost","floor":16.0,"turns":9.0},{"damage":8.0,"enemies":"2 Thieves","floor":18.0,"turns":3.0},{"damage":0.0,"enemies":"Spheric Guardian","floor":24.0,"turns":2.0},{"damage":12.0,"enemies":"Shelled Parasite and Fungi","floor":28.0,"turns":6.0},{"damage":0.0,"enemies":"Centurion and Healer","floor":30.0,"turns":3.0},{"damage":4.0,"enemies":"Cultist and Chosen","floor":31.0,"turns":5.0},{"damage":59.0,"enemies":"Collector","floor":33.0,"turns":7.0},{"damage":0.0,"enemies":"3 Shapes","floor":35.0,"turns":4.0},{"damage":0,"enemies":"3 Darklings","floor":38,"turns":3},{"damage":11,"enemies":"Maw","floor":45,"turns":8},{"damage":14,"enemies":"Jaw Worm Horde","floor":47,"turns":3},{"damage":0,"enemies":"Writhing Mass","floor":48,"turns":1},{"damage":1,"enemies":"Time Eater","floor":50,"turns":3}],"seed_played":"7068071454883158512","potions_obtained":[{"floor":5.0,"key":"FearPotion"},{"floor":14.0,"key":"Dexterity Potion"},{"floor":16.0,"key":"FearPotion"},{"floor":18.0,"key":"DuplicationPotion"},{"floor":31.0,"key":"Regen Potion"},{"floor":35.0,"key":"AttackPotion"},{"floor":41,"key":"Fruit Juice"},{"floor":41,"key":"EntropicBrew"},{"floor":47,"key":"Explosive Potion"},{"floor":48,"key":"Fruit Juice"}],"is_trial":false,"path_per_floor":["M","?","$","?","M","R","?","R","T","M","R","T","M","M","R","B",null,"M","$","?","$","?","R","M","$","T","R","M","R","M","M","R","B",null,"M","?","$","M","?","R","?","R","T","R","M","?","M","M","R","B",null],"character_chosen":"WATCHER","items_purchased":["Pen Nib","ClearTheMind","Master of Strategy","EmptyMind","EmptyBody","Mummified Hand"],"campfire_rested":1,"item_purchase_floors":[3,3,19,19,25,37],"current_hp_per_floor":[72,58,58,47,47,47,47,47,47,47,47,47,47,43,43,42,72,64,64,64,64,64,64,64,64,64,64,52,52,52,48,48,4,72,72,72,72,72,72,72,77,77,77,77,66,66,52,57,81,80],"gold":115,"neow_bonus":"HUNDRED_GOLD","is_daily":false,"chose_seed":false,"campfire_upgraded":11,"win_rate":0.0,"timestamp":1610042007,"path_taken":["M","?","$","?","M","R","?","R","T","M","R","?","?","M","R","BOSS","M","$","?","?","?","R","?","$","T","R","M","R","M","M","R","BOSS","M","?","$","M","?","R","?","R","T","R","?","?","M","?","R","BOSS"],"items_purchased_type":["Relic","Card","Card","Card","Card","Relic"],"build_version":"2020-12-22","purchased_purges":1,"victory":true,"max_hp_per_floor":[72,72,72,72,72,72,72,72,72,72,72,72,72,72,72,72,72,72,72,72,72,72,72,72,72,72,72,72,72,72,72,72,72,72,72,72,72,72,72,72,77,77,77,77,77,77,77,82,82,82],"card_choices":[{"not_picked":["Evaluate","Pray"],"picked":"JustLucky","floor":1.0},{"not_picked":["CrushJoints","EmptyFist"],"picked":"Conclude","floor":5.0},{"not_picked":["SignatureMove","ClearTheMind"],"picked":"ThirdEye","floor":10.0},{"not_picked":["Prostrate","Evaluate"],"picked":"ForeignInfluence","floor":13.0},{"not_picked":["FollowUp","Consecrate"],"picked":"DevaForm","floor":14.0},{"not_picked":["Establishment","Brilliance"],"picked":"Devotion","floor":16.0},{"not_picked":["ClearTheMind","JustLucky"],"picked":"Meditate","floor":18.0},{"not_picked":["SignatureMove","CutThroughFate"],"picked":"DeceiveReality","floor":24.0},{"not_picked":["CutThroughFate","EmptyFist"],"picked":"ConjureBlade","floor":28.0},{"not_picked":["FlurryOfBlows","SashWhip"],"picked":"ThirdEye+1","floor":30.0},{"not_picked":["ClearTheMind","CrushJoints","EmptyBody"],"picked":"SKIP","floor":31.0},{"not_picked":["Blasphemy","MasterReality"],"picked":"Omniscience","floor":33.0},{"not_picked":["FlyingSleeves","Evaluate+1"],"picked":"Wallop+1","floor":35.0},{"not_picked":["WindmillStrike+1","Conclude","Prostrate"],"picked":"SKIP","floor":38},{"not_picked":["PathToVictory","Crescendo+1","FlyingSleeves"],"picked":"SKIP","floor":45},{"not_picked":["Evaluate","EmptyBody"],"picked":"ThirdEye+1","floor":47},{"not_picked":["Nirvana+1","Worship"],"picked":"Scrawl","floor":48}],"player_experience":313271,"relics_obtained":[{"floor":9.0,"key":"Potion Belt"},{"floor":12.0,"key":"CeramicFish"},{"floor":26.0,"key":"Orichalcum"},{"floor":43,"key":"Akabeko"}],"event_choices":[{"damage_healed":0.0,"max_hp_gain":0.0,"max_hp_loss":0.0,"gold_gain":0.0,"event_name":"Shining Light","player_choice":"Entered Light","floor":2.0,"gold_loss":0.0,"damage_taken":14.0,"cards_upgraded":["Vigilance","Defend_P"]},{"damage_healed":0.0,"max_hp_gain":0.0,"max_hp_loss":0.0,"gold_gain":75.0,"event_name":"World of Goop","player_choice":"Gather Gold","floor":4.0,"gold_loss":0.0,"damage_taken":11.0},{"cards_removed":["Strike_P"],"damage_healed":0.0,"max_hp_gain":0.0,"max_hp_loss":0.0,"gold_gain":0.0,"event_name":"The Cleric","player_choice":"Card Removal","floor":7.0,"gold_loss":50.0,"damage_taken":0.0},{"damage_healed":0.0,"max_hp_gain":0.0,"max_hp_loss":0.0,"gold_gain":0.0,"cards_transformed":["JustLucky"],"event_name":"Transmorgrifier","player_choice":"Transformed","floor":20.0,"gold_loss":0.0,"damage_taken":0.0,"cards_obtained":["Ragnarok"]},{"damage_healed":0.0,"max_hp_gain":0.0,"max_hp_loss":0.0,"gold_gain":0.0,"event_name":"Vampires","player_choice":"Ignored","floor":22.0,"gold_loss":0.0,"damage_taken":0.0},{"damage_healed":0.0,"max_hp_gain":0.0,"max_hp_loss":0.0,"gold_gain":0.0,"event_name":"Mysterious Sphere","player_choice":"Ignored","floor":36.0,"gold_loss":0.0,"damage_taken":0.0},{"cards_removed":["Eruption"],"damage_healed":0,"gold_gain":0,"player_choice":"Removed Attack","damage_taken":0,"max_hp_gain":0,"max_hp_loss":0,"event_name":"Falling","floor":39,"gold_loss":0},{"damage_healed":0,"gold_gain":0,"player_choice":"Got Potions","damage_taken":0,"max_hp_gain":0,"max_hp_loss":0,"event_name":"Lab","floor":41,"gold_loss":0},{"damage_healed":0,"gold_gain":0,"player_choice":"Forge","damage_taken":0,"max_hp_gain":0,"max_hp_loss":0,"event_name":"Accursed Blacksmith","floor":46,"gold_loss":0,"cards_upgraded":["ThirdEye"]}],"is_beta":false,"boss_relics":[{"not_picked":["Sozu","Cursed Key"],"picked":"Astrolabe"},{"not_picked":["Calling Bell","Black Star"],"picked":"HolyWater"}],"items_purged_floors":[19],"is_endless":false,"potions_floor_spawned":[5,14,16,18,31,35,47,48],"ascension_level":0}}