{"host":"qq27suot6m8koe0b","time":1610016172,"event":{"mods":["Act Like it!","BaseMod","CapriCore","GifTheSpireLib","Lobotomy","Minty Spire (QoL Compilation)","StSLib","Waifu the Spire"],"gold_per_floor":[116,129,179,149,163,198,198,198,198,210,237,257,271,297,297,393,393,408,408,427,427,427],"floor_reached":21,"playtime":1629,"items_purged":[],"score":226,"play_id":"a045d58e-b997-41e6-9e5e-4f864ef79467","local_time":"20210107184252","is_ascension_mode":false,"campfire_choices":[{"floor":8,"key":"RECALL"},{"data":"Body Slam","floor":15,"key":"SMITH"}],"circlet_count":0,"master_deck":["Strike_R","Strike_R+1","Strike_R+1","Strike_R","Strike_R+1","Defend_R","Defend_R","Defend_R","Defend_R","Bash+1","OldLady","OSAHOGD","Shrug It Off","BlackArmy","Flex","UniverseFragment","Clothesline","Scorched","Body Slam+1","Wellcheers","Iron Wave","Demon Form","VoidDream","Infernal Blade","Inflame"],"relics":["Burning Blood","CogitoBucket","Whetstone","Bottled Lightning","Ice Cream","Matryoshka","SkinProphecy","StoneCalendar","Velvet Choker","GremlinMask"],"acts_visited":["Exordium","TheCity"],"potions_floor_usage":[6,14,16,20,20,20],"damage_taken":[{"damage":1,"enemies":"Cultist","floor":1,"turns":4},{"damage":6,"enemies":"2 Louse","floor":2,"turns":2},{"damage":6,"enemies":"Jaw Worm","floor":5,"turns":3},{"damage":22,"enemies":"3 Sentries","floor":6,"turns":8},{"damage":3,"enemies":"2 Fungi Beasts","floor":10,"turns":3},{"damage":24,"enemies":"Lagavulin","floor":11,"turns":6},{"damage":18,"enemies":"Lots of Slimes","floor":12,"turns":12},{"damage":4,"enemies":"Large Slime","floor":13,"turns":4},{"damage":9,"enemies":"3 Sentries","floor":14,"turns":5},{"damage":8,"enemies":"Slime Boss","floor":16,"turns":7},{"damage":0,"enemies":"Shell Parasite","floor":18,"turns":4},{"damage":89,"enemies":"2 Thieves","floor":20,"turns":9},{"damage":30,"enemies":"3 Cultists","floor":21,"turns":2}],"seed_played":"7989892639802604703","potions_obtained":[{"floor":1,"key":"Energy Potion"},{"floor":4,"key":"EntropicBrew"},{"floor":4,"key":"AttackPotion"},{"floor":11,"key":"SteroidPotion"},{"floor":13,"key":"SkillPotion"},{"floor":16,"key":"Fruit Juice"}],"is_trial":false,"path_per_floor":["M","M","T","?","M","E","?","R","T","M","E","M","M","E","R","B",null,"M","?","M","M"],"character_chosen":"IRONCLAD","items_purchased":[],"campfire_rested":0,"item_purchase_floors":[],"current_hp_per_floor":[80,80,80,80,80,70,54,54,54,59,46,45,46,43,43,51,91,93,93,16,0,0],"gold":427,"neow_bonus":"","is_daily":false,"chose_seed":false,"campfire_upgraded":1,"win_rate":0.0,"timestamp":1610016172,"path_taken":["M","?","?","?","?","E","?","R","T","M","E","M","M","E","R","BOSS","M","?","?","M"],"items_purchased_type":[],"build_version":"2020-12-22","purchased_purges":0,"victory":false,"max_hp_per_floor":[80,80,80,80,80,80,80,80,80,80,80,80,82,84,84,91,91,93,93,97,99,99],"card_choices":[{"not_picked":["FairyFestival","WallGazer","Murderer"],"picked":"Singing Bowl","floor":1},{"not_picked":["WhitesApple","SpiderBud"],"picked":"OldLady","floor":1},{"not_picked":["Headbutt","True Grit","Twin Strike"],"picked":"SKIP","floor":1},{"not_picked":["MHz","WallGazer","MeatLantern"],"picked":"Singing Bowl","floor":2},{"not_picked":["CherryBlossoms","Bloodbath"],"picked":"OSAHOGD","floor":2},{"not_picked":["Second Wind","Perfected Strike"],"picked":"Shrug It Off","floor":2},{"not_picked":["Freischutz","CherryBlossoms"],"picked":"BlackArmy","floor":5},{"not_picked":["True Grit","Rampage","Sever Soul"],"picked":"SKIP","floor":5},{"not_picked":["PunishingBird","WallGazer","ShyLook"],"picked":"Singing Bowl","floor":6},{"not_picked":["Warcry","Headbutt","Cleave"],"picked":"SKIP","floor":6},{"not_picked":["Funeral","FairyFestival","BeautyBeast"],"picked":"Singing Bowl","floor":10},{"not_picked":["Armaments","Exhume"],"picked":"Flex","floor":10},{"not_picked":["Alriune","BodiesMountain"],"picked":"UniverseFragment","floor":11},{"not_picked":["Fiend Fire","Anger"],"picked":"Clothesline","floor":11},{"not_picked":["Fire Breathing","Wild Strike","Combust"],"picked":"SKIP","floor":12},{"not_picked":["FairyFestival","BodiesMountain"],"picked":"Scorched","floor":13},{"not_picked":["Heavy Blade","Anger"],"picked":"Body Slam","floor":13},{"not_picked":["WallGazer","BeautyBeast"],"picked":"Wellcheers","floor":14},{"not_picked":["Combust","Corruption"],"picked":"Iron Wave","floor":14},{"not_picked":["Feed","Immolate"],"picked":"Demon Form","floor":16},{"not_picked":["WallGazer","PunishingBird"],"picked":"VoidDream","floor":18},{"not_picked":["Clash","Wild Strike"],"picked":"Infernal Blade","floor":18},{"not_picked":["Havoc","Ghostly Armor"],"picked":"Inflame","floor":20}],"player_experience":258621,"relics_obtained":[{"floor":3,"key":"Whetstone"},{"floor":6,"key":"Bottled Lightning"},{"floor":9,"key":"Ice Cream"},{"floor":11,"key":"Matryoshka"},{"floor":14,"key":"StoneCalendar"}],"event_choices":[{"damage_healed":0,"gold_gain":0,"player_choice":"Bought 2 Potions","damage_taken":0,"max_hp_gain":0,"max_hp_loss":0,"event_name":"The Woman in Blue","floor":4,"gold_loss":0},{"damage_healed":0,"gold_gain":0,"player_choice":"Entered Light","damage_taken":16,"max_hp_gain":0,"max_hp_loss":0,"event_name":"Shining Light","floor":7,"gold_loss":0,"cards_upgraded":["Strike_R","Strike_R"]},{"damage_healed":0,"gold_gain":0,"player_choice":"Trade","damage_taken":0,"relics_obtained":["GremlinMask"],"max_hp_gain":0,"max_hp_loss":0,"event_name":"FaceTrader","floor":19,"gold_loss":0}],"is_beta":false,"boss_relics":[{"not_picked":["Astrolabe","Runic Cube"],"picked":"Velvet Choker"}],"items_purged_floors":[],"is_endless":false,"potions_floor_spawned":[1,11,13,16],"killed_by":"3 Cultists","ascension_level":0}}