{"host":"ig7tc0uedzltt2sr","time":1610003817,"event":{"mods":["BaseMod","Better Twitch Integration","Block Reminder","Colored Map","Colored Powertips","Communication Mod","Current Relic Mod","GifTheSpireLib","HexUI Lib","Minty Spire (QoL Compilation)","Quick Restart","Random Character Button","Rare Cards Sparkle","Relic Sorter","Relic Stats","Slay the Relics Exporter","StSLib","SuperFastMode","Synergy Search","Twitch Decklist","Twitch Utils","everything is the same but u backflip on backflip","slay the spire mod where everything is the same but ironclad has a cowboy hat"],"gold_per_floor":[114,129,129,129,149,163,71,89,89,89,101,118,118,44,44,44,44],"floor_reached":16,"playtime":96,"items_purged":[],"score":94,"play_id":"ddab6ccd-2476-4d59-aa27-7556b4861ed2","local_time":"20210106231657","is_ascension_mode":false,"campfire_choices":[{"data":"Perfected Strike","floor":13,"key":"SMITH"},{"data":"Strike_R","floor":15,"key":"SMITH"}],"circlet_count":0,"master_deck":["Strike_R+1","Strike_R","Strike_R","Strike_R","Strike_R","Defend_R","Defend_R","Defend_R","Defend_R","Bash","Body Slam","Disarm","Pummel","Sever Soul","Flash of Steel","Perfected Strike+1","Clothesline","Uppercut","Fiend Fire"],"relics":["Burning Blood","NeowsBlessing","Question Card"],"acts_visited":["Exordium"],"potions_floor_usage":[],"damage_taken":[{"damage":0,"enemies":"Small Slimes","floor":1,"turns":2},{"damage":0,"enemies":"Cultist","floor":2,"turns":1},{"damage":0,"enemies":"Jaw Worm","floor":5,"turns":1},{"damage":13,"enemies":"3 Louse","floor":6,"turns":9},{"damage":17,"enemies":"Exordium Wildlife","floor":8,"turns":8},{"damage":23,"enemies":"Blue Slaver","floor":11,"turns":6},{"damage":27,"enemies":"3 Louse","floor":12,"turns":5},{"damage":25,"enemies":"Hexaghost","floor":16,"turns":4}],"seed_played":"-2392548154966120650","potions_obtained":[{"floor":1,"key":"LiquidBronze"},{"floor":11,"key":"SpeedPotion"}],"is_trial":false,"path_per_floor":["M","M","?","$","M","M","$","M","T","$","M","M","R","$","R","B"],"character_chosen":"IRONCLAD","items_purchased":["Flash of Steel","Fiend Fire"],"campfire_rested":0,"item_purchase_floors":[7,14],"current_hp_per_floor":[80,80,80,80,80,73,73,62,62,62,45,24,24,24,24,0,0],"gold":44,"neow_bonus":"THREE_ENEMY_KILL","is_daily":false,"chose_seed":false,"campfire_upgraded":2,"win_rate":0.0,"timestamp":1610003817,"path_taken":["M","M","?","$","M","M","?","?","T","?","M","M","R","$","R","BOSS"],"items_purchased_type":["Card","Card"],"build_version":"2020-12-22","purchased_purges":0,"victory":false,"max_hp_per_floor":[80,80,80,80,80,80,80,80,80,80,80,80,80,80,80,80,80],"relic_stats":{"counters":[8,36],"Question Card":2,"obtain_stats":[{"NeowsBlessing":0,"Question Card":9,"Burning Blood":0},{"NeowsBlessing":0,"Question Card":5,"Burning Blood":0},{"NeowsBlessing":0,"Question Card":21,"Burning Blood":0}],"Burning Blood":24},"card_choices":[{"not_picked":["Burning Pact","Warcry"],"picked":"Body Slam","floor":1},{"not_picked":["Clash","Pommel Strike"],"picked":"Disarm","floor":2},{"not_picked":["Evolve","Spot Weakness"],"picked":"Pummel","floor":5},{"not_picked":["Heavy Blade","Anger"],"picked":"Sever Soul","floor":6},{"not_picked":["Burning Pact","Pommel Strike"],"picked":"Perfected Strike","floor":8},{"not_picked":["Blood for Blood","Rage","Rupture"],"picked":"Clothesline","floor":11},{"not_picked":["Spot Weakness","Twin Strike","Warcry"],"picked":"Uppercut","floor":12}],"player_experience":1452789,"relics_obtained":[{"floor":9,"key":"Question Card"}],"event_choices":[{"damage_healed":0,"gold_gain":0,"player_choice":"Ignored","damage_taken":0,"max_hp_gain":0,"max_hp_loss":0,"event_name":"Golden Shrine","floor":3,"gold_loss":0}],"is_beta":false,"boss_relics":[],"items_purged_floors":[],"is_endless":false,"potions_floor_spawned":[1,11],"killed_by":"Hexaghost","ascension_level":0}}