{"host":"mdbnki27vzqujy5q","time":1610009753,"event":{"mods":["BaseMod","Colored Powertips","Minty Spire (QoL Compilation)","Quick Restart"],"gold_per_floor":[119,130,55,130,130,130,130,158,158,184,247,247,247,267,267,390,390,405,425,81,351,351,385,385,428,508,62,62,62,101,226,226,352,352,365,386,386,719,719,744,744,770,821,821,821,850,879,891,903,915,927,939,392,427,427],"floor_reached":56,"playtime":4332,"items_purged":["Defend_G","Strike_G","Defend_G","Corpse Explosion"],"score":1467,"play_id":"5411baba-fce2-418c-9f2c-ad6b234e93f4","local_time":"20210107005553","is_ascension_mode":true,"campfire_choices":[{"data":"Slice","floor":6.0,"key":"SMITH"},{"data":"Dagger Spray","floor":15.0,"key":"SMITH"},{"data":"Envenom","floor":24.0,"key":"SMITH"},{"data":"Neutralize","floor":32.0,"key":"SMITH"},{"floor":44.0,"key":"REST"},{"floor":49.0,"key":"RECALL"},{"data":"Backflip","floor":52.0,"key":"SMITH"}],"circlet_count":0,"master_deck":["Strike_G","Strike_G+1","Strike_G","Defend_G","Defend_G+1","Survivor","Neutralize+1","Dagger Spray+1","Slice+1","Choke","Dagger Throw","Dash","Flying Knee","Envenom+1","Backflip+1","Swift Strike","Quick Slash","Infinite Blades","Envenom+1","Well Laid Plans","A Thousand Cuts","Infinite Blades","Corpse Explosion","Madness","Madness","Backstab+1","After Image","Reflex","Blade Dance+1","Dramatic Entrance","Distraction","Prepared+1"],"relics":["Ring of the Snake","NeowsBlessing","Bird Faced Urn","PreservedInsect","Meat on the Bone","Juzu Bracelet","Pear","Paper Crane","Busted Crown","White Beast Statue","Strawberry","Tingsha","Kunai","Eternal Feather","Regal Pillow","Unceasing Top","Pantograph","Black Star","Lizard Tail","Question Card","Mango","Bronze Scales","Bag of Preparation","MawBank","Membership Card","Lantern","Happy Flower","Mummified Hand","Toy Ornithopter"],"acts_visited":["Exordium","TheCity","TheBeyond","TheEnding"],"potions_floor_usage":[54,55],"damage_taken":[{"damage":0.0,"enemies":"Small Slimes","floor":1.0,"turns":1.0},{"damage":0.0,"enemies":"2 Louse","floor":2.0,"turns":1.0},{"damage":0.0,"enemies":"3 Sentries","floor":8.0,"turns":1.0},{"damage":28.0,"enemies":"Lagavulin","floor":10.0,"turns":5.0},{"damage":10.0,"enemies":"3 Sentries","floor":11.0,"turns":3.0},{"damage":0.0,"enemies":"Cultist","floor":14.0,"turns":2.0},{"damage":17.0,"enemies":"Hexaghost","floor":16.0,"turns":13.0},{"damage":10.0,"enemies":"Shell Parasite","floor":18.0,"turns":5.0},{"damage":4.0,"enemies":"Chosen","floor":19.0,"turns":5.0},{"damage":10.0,"enemies":"Book of Stabbing","floor":23.0,"turns":4.0},{"damage":4.0,"enemies":"Slavers","floor":25.0,"turns":2.0},{"damage":12.0,"enemies":"Book of Stabbing","floor":30.0,"turns":5.0},{"damage":3.0,"enemies":"Colosseum Slavers","floor":31.0,"turns":2.0},{"damage":7.0,"enemies":"Colosseum Nobs","floor":31.0,"turns":4.0},{"damage":15.0,"enemies":"Automaton","floor":33.0,"turns":9.0},{"damage":31.0,"enemies":"Orb Walker","floor":35.0,"turns":4.0},{"damage":35.0,"enemies":"3 Darklings","floor":36.0,"turns":5.0},{"damage":31.0,"enemies":"Nemesis","floor":40.0,"turns":5.0},{"damage":42.0,"enemies":"Giant Head","floor":42.0,"turns":8.0},{"damage":12.0,"enemies":"Nemesis","floor":46.0,"turns":6.0},{"damage":44.0,"enemies":"4 Shapes","floor":47.0,"turns":4.0},{"damage":86.0,"enemies":"Awakened One","floor":50.0,"turns":14.0},{"damage":20,"enemies":"Shield and Spear","floor":54,"turns":3},{"damage":105,"enemies":"The Heart","floor":55,"turns":9}],"seed_played":"5638569426965708875","potions_obtained":[{"floor":1.0,"key":"Block Potion"},{"floor":8.0,"key":"Weak Potion"},{"floor":11.0,"key":"SteroidPotion"},{"floor":19.0,"key":"Weak Potion"},{"floor":23.0,"key":"Explosive Potion"},{"floor":25.0,"key":"Block Potion"},{"floor":30.0,"key":"GamblersBrew"},{"floor":31.0,"key":"CunningPotion"},{"floor":33.0,"key":"BlessingOfTheForge"},{"floor":35.0,"key":"Regen Potion"},{"floor":36.0,"key":"Weak Potion"},{"floor":40.0,"key":"LiquidBronze"},{"floor":42.0,"key":"Block Potion"},{"floor":46.0,"key":"AttackPotion"},{"floor":47.0,"key":"AttackPotion"},{"floor":54,"key":"FairyPotion"}],"is_trial":false,"path_per_floor":["M","M","$","?","?","R","?","E","T","E","?","?","?","M","R","B",null,"M","M","$","?","?","E","R","E","T","$","?","$","E","?","R","B",null,"M","M","?","?","?","E","?","E","T","R","?","E","M","?","R","B",null,"R","$","E","B",null],"character_chosen":"THE_SILENT","items_purchased":["White Beast Statue","Eternal Feather","Infinite Blades","Membership Card","Lantern","Happy Flower","GhostInAJar","Block Potion","Dramatic Entrance","SteroidPotion","Distraction"],"campfire_rested":1,"item_purchase_floors":[20,27,27,53,53,53,53,53,53,53,53],"current_hp_per_floor":[70,70,70,59,45,45,45,45,45,29,41,34,14,26,26,21,80,70,68,68,41,41,52,52,50,50,50,50,50,44,56,68,74,87,58,49,49,49,38,31,31,27,27,87,87,89,59,59,77,41,101,101,101,85,22],"gold":427,"neow_bonus":"THREE_ENEMY_KILL","is_daily":false,"chose_seed":false,"campfire_upgraded":5,"win_rate":0.0,"timestamp":1610009753,"path_taken":["M","M","$","?","?","R","?","E","T","E","?","?","?","M","R","BOSS","M","M","$","?","?","E","R","E","T","$","?","?","E","?","R","BOSS","M","M","?","?","?","E","?","E","T","R","?","E","M","?","R","BOSS","R","$","E","BOSS"],"items_purchased_type":["Relic","Relic","Card","Relic","Relic","Relic","Potion","Potion","Card","Potion","Card"],"build_version":"2020-12-22","purchased_purges":4,"victory":true,"max_hp_per_floor":[70,70,70,70,70,70,70,70,70,70,80,80,80,80,80,80,80,80,80,80,80,80,87,87,87,87,87,87,87,87,87,87,87,87,87,87,87,87,87,87,87,101,101,101,101,101,101,101,101,101,101,101,101,101,101],"card_choices":[{"not_picked":["Masterful Stab","Riddle With Holes"],"picked":"Dagger Spray","floor":1.0},{"not_picked":["Backflip","Deflect"],"picked":"Slice","floor":2.0},{"not_picked":["Catalyst","All Out Attack"],"picked":"Choke","floor":8.0},{"not_picked":["Deadly Poison","Endless Agony"],"picked":"Dagger Throw","floor":10.0},{"not_picked":["All Out Attack","Acrobatics"],"picked":"Dash","floor":11.0},{"not_picked":["Acrobatics","Escape Plan"],"picked":"Flying Knee","floor":14.0},{"not_picked":["After Image","Die Die Die"],"picked":"Envenom","floor":16.0},{"not_picked":[],"picked":"Backflip","floor":18.0},{"not_picked":["Outmaneuver+1"],"picked":"SKIP","floor":19.0},{"not_picked":[],"picked":"Quick Slash","floor":23.0},{"not_picked":["Dagger Spray"],"picked":"SKIP","floor":25.0},{"not_picked":[],"picked":"Well Laid Plans","floor":30.0},{"not_picked":[],"picked":"A Thousand Cuts","floor":33.0},{"not_picked":[],"picked":"Infinite Blades","floor":35.0},{"not_picked":["All Out Attack"],"picked":"SKIP","floor":36.0},{"not_picked":["Tactician+1"],"picked":"SKIP","floor":40.0},{"not_picked":["Distraction+1"],"picked":"Backstab+1","floor":42.0},{"not_picked":["Dagger Spray","Deadly Poison"],"picked":"SKIP","floor":46.0},{"not_picked":["Acrobatics+1"],"picked":"Blade Dance+1","floor":47.0},{"not_picked":["Underhanded Strike+1"],"picked":"Prepared+1","floor":54}],"player_experience":36576,"relics_obtained":[{"floor":8.0,"key":"PreservedInsect"},{"floor":9.0,"key":"Meat on the Bone"},{"floor":10.0,"key":"Juzu Bracelet"},{"floor":23.0,"key":"Strawberry"},{"floor":25.0,"key":"Tingsha"},{"floor":26.0,"key":"Kunai"},{"floor":30.0,"key":"Regal Pillow"},{"floor":31.0,"key":"Unceasing Top"},{"floor":31.0,"key":"Pantograph"},{"floor":40.0,"key":"Lizard Tail"},{"floor":40.0,"key":"Question Card"},{"floor":42.0,"key":"Mango"},{"floor":42.0,"key":"Bronze Scales"},{"floor":46.0,"key":"Bag of Preparation"},{"floor":46.0,"key":"MawBank"},{"floor":54,"key":"Mummified Hand"},{"floor":54,"key":"Toy Ornithopter"}],"event_choices":[{"damage_healed":0.0,"max_hp_gain":0.0,"max_hp_loss":0.0,"gold_gain":75.0,"event_name":"World of Goop","player_choice":"Gather Gold","floor":4.0,"gold_loss":0.0,"damage_taken":11.0},{"damage_healed":0.0,"max_hp_gain":0.0,"max_hp_loss":0.0,"gold_gain":0.0,"event_name":"Shining Light","player_choice":"Entered Light","floor":5.0,"gold_loss":0.0,"damage_taken":14.0,"cards_upgraded":["Defend_G","Strike_G"]},{"damage_healed":0.0,"max_hp_gain":0.0,"max_hp_loss":0.0,"gold_gain":0.0,"event_name":"WeMeetAgain","player_choice":"Gave Potion","floor":7.0,"gold_loss":0.0,"damage_taken":0.0,"relics_obtained":["Bird Faced Urn"]},{"damage_healed":0.0,"max_hp_gain":0.0,"max_hp_loss":0.0,"gold_gain":30.0,"event_name":"Dead Adventurer","player_choice":"Searched \u00273\u0027 times","floor":11.0,"gold_loss":0.0,"damage_taken":0.0,"relics_obtained":["Pear"]},{"damage_healed":0.0,"max_hp_gain":0.0,"max_hp_loss":0.0,"gold_gain":0.0,"event_name":"Scrap Ooze","player_choice":"Success","floor":12.0,"gold_loss":0.0,"damage_taken":7.0,"relics_obtained":["Paper Crane"]},{"damage_healed":0.0,"max_hp_gain":0.0,"max_hp_loss":0.0,"gold_gain":0.0,"event_name":"Golden Idol","player_choice":"Take Damage","floor":13.0,"gold_loss":0.0,"damage_taken":20.0,"relics_obtained":["Golden Idol"]},{"damage_healed":0.0,"max_hp_gain":0.0,"max_hp_loss":0.0,"gold_gain":270.0,"event_name":"Knowing Skull","player_choice":"GOLD GOLD GOLD ","floor":21.0,"potions_obtained":[],"gold_loss":0.0,"damage_taken":27.0,"cards_obtained":[]},{"damage_healed":0.0,"max_hp_gain":0.0,"max_hp_loss":0.0,"gold_gain":0.0,"event_name":"Match and Keep!","player_choice":"2 cards matched","floor":22.0,"gold_loss":0.0,"damage_taken":0.0,"cards_obtained":["Corpse Explosion","Swift Strike"]},{"damage_healed":0.0,"max_hp_gain":0.0,"max_hp_loss":0.0,"gold_gain":0.0,"event_name":"Duplicator","player_choice":"Copied","floor":28.0,"gold_loss":0.0,"damage_taken":0.0,"cards_obtained":["Envenom"]},{"damage_healed":0.0,"max_hp_gain":0.0,"max_hp_loss":0.0,"gold_gain":0.0,"event_name":"Colosseum","player_choice":"Fight","floor":31.0,"gold_loss":0.0,"damage_taken":0.0},{"damage_healed":0.0,"max_hp_gain":0.0,"max_hp_loss":0.0,"gold_gain":0.0,"event_name":"Colosseum","player_choice":"Fought Nobs","floor":31.0,"gold_loss":0.0,"damage_taken":0.0},{"damage_healed":0.0,"max_hp_gain":0.0,"max_hp_loss":0.0,"gold_gain":0.0,"cards_transformed":["Strike_G"],"event_name":"Transmorgrifier","player_choice":"Transformed","floor":37.0,"gold_loss":0.0,"damage_taken":0.0,"cards_obtained":["Corpse Explosion"]},{"damage_healed":0.0,"max_hp_gain":0.0,"max_hp_loss":0.0,"gold_gain":333.0,"event_name":"The Moai Head","player_choice":"Gave Idol","floor":38.0,"relics_lost":["Golden Idol"],"gold_loss":0.0,"damage_taken":0.0},{"damage_healed":0.0,"max_hp_gain":0.0,"max_hp_loss":0.0,"gold_gain":0.0,"event_name":"Winding Halls","player_choice":"Embrace Madness","floor":39.0,"gold_loss":0.0,"damage_taken":11.0,"cards_obtained":["Madness","Madness"]},{"cards_removed":["Defend_G"],"damage_healed":0.0,"max_hp_gain":0.0,"max_hp_loss":0.0,"gold_gain":0.0,"event_name":"Falling","player_choice":"Removed Skill","floor":41.0,"gold_loss":0.0,"damage_taken":0.0},{"damage_healed":0.0,"max_hp_gain":0.0,"max_hp_loss":0.0,"gold_gain":0.0,"event_name":"Match and Keep!","player_choice":"2 cards matched","floor":45.0,"gold_loss":0.0,"damage_taken":0.0,"cards_obtained":["After Image","Reflex"]},{"damage_healed":0.0,"max_hp_gain":0.0,"max_hp_loss":0.0,"gold_gain":0.0,"event_name":"Tomb of Lord Red Mask","player_choice":"Ignored","floor":48.0,"gold_loss":0.0,"damage_taken":0.0}],"is_beta":false,"boss_relics":[{"not_picked":["Fusion Hammer","Philosopher\u0027s Stone"],"picked":"Busted Crown"},{"not_picked":["Snecko Eye","Empty Cage"],"picked":"Black Star"}],"items_purged_floors":[3,20,27,53],"is_endless":false,"potions_floor_spawned":[1,8,11,19,23,25,30,31,31,33,35,36,40,42,46,47,54],"ascension_level":1}}