{"host":"dbkc9h3etq50r1dq","time":1610043460,"event":{"mods":["AchievementEnabler","BaseMod","Block Reminder","Colored Powertips","Curses Come First","Custom Start","Dark Map","Minty Spire (QoL Compilation)","Permanent Neow","Potion Indicator Mod","Rare Cards Sparkle","StSLib","SuperFastMode"],"gold_per_floor":[112,122,297,311,311,311,383,400,423,434,129,129,129,146,146,246,246,261,186,386,27,37,37,57,72,98,145,157,244,256,284,296,308,308],"floor_reached":33,"playtime":909,"items_purged":["Doubt","Strike_R"],"score":346,"play_id":"57e954bb-50a2-4958-bafc-6e15e9f8a625","local_time":"20210108021740","is_ascension_mode":true,"campfire_choices":[{"data":"Uppercut","floor":6.0,"key":"SMITH"},{"data":"Flash of Steel","floor":13.0,"key":"SMITH"},{"data":"Whirlwind","floor":15.0,"key":"SMITH"},{"data":"Barricade","floor":23.0,"key":"SMITH"},{"floor":28.0,"key":"REST"},{"floor":30,"key":"REST"},{"floor":32,"key":"REST"}],"circlet_count":0,"master_deck":["Strike_R","Strike_R","Strike_R","Strike_R+1","Defend_R+1","Defend_R","Defend_R","Bash+1","Uppercut+1","Whirlwind+1","Metallicize","Rampage+1","Flash of Steel+1","Flex","Barricade+1","Sword Boomerang","Inflame","Intimidate","Warcry+1","Dark Embrace+1","Metallicize"],"relics":["Burning Blood","Du-Vu Doll","Mercury Hourglass","Oddly Smooth Stone","Strange Spoon","PreservedInsect","Black Star","Bag of Preparation","MawBank","Singing Bowl","Whetstone"],"acts_visited":["Exordium","TheCity"],"potions_floor_usage":[33],"damage_taken":[{"damage":6.0,"enemies":"Cultist","floor":1.0,"turns":4.0},{"damage":7.0,"enemies":"Jaw Worm","floor":2.0,"turns":3.0},{"damage":3.0,"enemies":"2 Louse","floor":4.0,"turns":2.0},{"damage":4.0,"enemies":"Blue Slaver","floor":8.0,"turns":3.0},{"damage":8.0,"enemies":"Looter","floor":10.0,"turns":2.0},{"damage":0.0,"enemies":"Exordium Thugs","floor":14.0,"turns":3.0},{"damage":3.0,"enemies":"Slime Boss","floor":16.0,"turns":6.0},{"damage":19.0,"enemies":"Shell Parasite","floor":18.0,"turns":6.0},{"damage":4.0,"enemies":"3 Byrds","floor":22.0,"turns":3.0},{"damage":27.0,"enemies":"Snake Plant","floor":24.0,"turns":4.0},{"damage":16.0,"enemies":"Centurion and Healer","floor":25.0,"turns":5.0},{"damage":24.0,"enemies":"Gremlin Leader","floor":27.0,"turns":5.0},{"damage":44,"enemies":"Sentry and Sphere","floor":31,"turns":6},{"damage":54,"enemies":"Collector","floor":33,"turns":10}],"seed_played":"5960969272809801656","potions_obtained":[{"floor":1.0,"key":"LiquidMemories"},{"floor":4.0,"key":"FearPotion"},{"floor":8.0,"key":"AttackPotion"},{"floor":14.0,"key":"Block Potion"},{"floor":22.0,"key":"BloodPotion"},{"floor":31,"key":"ColorlessPotion"}],"is_trial":false,"path_per_floor":["M","M","?","M","?","R","T","M","T","M","$","?","R","M","R","B",null,"M","?","?","$","M","R","M","M","T","E","R","?","R","M","R","B"],"character_chosen":"IRONCLAD","items_purchased":["Flash of Steel","Strange Spoon","Inflame","Intimidate","Bag of Preparation"],"campfire_rested":3,"item_purchase_floors":[11,11,21,21,21],"current_hp_per_floor":[72,71,71,72,58,58,58,60,60,58,58,58,58,64,64,67,71,58,58,58,58,60,60,39,43,43,27,49,42,64,26,48,0,0],"gold":308,"neow_bonus":"ONE_RARE_RELIC","is_daily":false,"chose_seed":false,"campfire_upgraded":4,"win_rate":0.0,"timestamp":1610043460,"path_taken":["M","?","?","M","?","R","?","M","T","M","$","?","R","M","R","BOSS","M","?","?","$","M","R","?","M","T","E","R","?","R","M","R","BOSS"],"items_purchased_type":["Card","Relic","Card","Card","Relic"],"build_version":"2020-12-22","purchased_purges":2,"victory":false,"max_hp_per_floor":[72,72,72,72,72,72,72,72,72,72,72,72,72,72,72,72,72,72,72,72,72,72,72,72,72,72,74,74,74,74,74,74,74,74],"card_choices":[{"not_picked":["Sentinel","True Grit"],"picked":"Uppercut","floor":1.0},{"not_picked":["True Grit","Sever Soul"],"picked":"Whirlwind","floor":2.0},{"not_picked":["Cleave","Iron Wave"],"picked":"Metallicize","floor":4.0},{"not_picked":["Cleave","Dropkick"],"picked":"Rampage","floor":8.0},{"not_picked":["Clash","Anger","Immolate"],"picked":"SKIP","floor":10.0},{"not_picked":["Clothesline","Thunderclap"],"picked":"Flex","floor":14.0},{"not_picked":["Limit Break","Immolate"],"picked":"Barricade","floor":16.0},{"not_picked":["Dual Wield","Wild Strike+1"],"picked":"Sword Boomerang","floor":18.0},{"not_picked":["Perfected Strike","Exhume"],"picked":"Warcry+1","floor":22.0},{"not_picked":["Clash","Anger+1","Cleave"],"picked":"SKIP","floor":24.0},{"not_picked":["Infernal Blade+1","Flex"],"picked":"Dark Embrace+1","floor":25.0},{"not_picked":["Blood for Blood+1","Feed","Headbutt+1"],"picked":"Singing Bowl","floor":27.0},{"not_picked":["Rage","Searing Blow"],"picked":"Metallicize","floor":31}],"player_experience":117723,"relics_obtained":[{"floor":7.0,"key":"Mercury Hourglass"},{"floor":9.0,"key":"Oddly Smooth Stone"},{"floor":26.0,"key":"MawBank"},{"floor":27.0,"key":"Singing Bowl"},{"floor":27.0,"key":"Whetstone"}],"event_choices":[{"damage_healed":0.0,"max_hp_gain":0.0,"max_hp_loss":0.0,"gold_gain":175.0,"event_name":"Liars Game","player_choice":"AGREE","floor":3.0,"gold_loss":0.0,"damage_taken":0.0,"cards_obtained":["Doubt"]},{"damage_healed":0.0,"max_hp_gain":0.0,"max_hp_loss":0.0,"gold_gain":0.0,"event_name":"Shining Light","player_choice":"Entered Light","floor":5.0,"gold_loss":0.0,"damage_taken":14.0,"cards_upgraded":["Strike_R","Defend_R"]},{"damage_healed":0.0,"max_hp_gain":0.0,"max_hp_loss":0.0,"gold_gain":0.0,"event_name":"Dead Adventurer","player_choice":"Searched \u00271\u0027 times","floor":12.0,"gold_loss":0.0,"damage_taken":0.0,"relics_obtained":["PreservedInsect"]},{"cards_removed":["Defend_R"],"damage_healed":0.0,"max_hp_gain":0.0,"max_hp_loss":0.0,"gold_gain":0.0,"event_name":"Beggar","player_choice":"Gave Gold","floor":19.0,"gold_loss":75.0,"damage_taken":0.0},{"damage_healed":0.0,"max_hp_gain":0.0,"max_hp_loss":0.0,"gold_gain":250.0,"event_name":"The Joust","player_choice":"Bet on Owner","floor":20.0,"gold_loss":50.0,"damage_taken":0.0},{"damage_healed":0,"gold_gain":75,"player_choice":"Touch","damage_taken":7,"max_hp_gain":0,"max_hp_loss":0,"event_name":"FaceTrader","floor":29,"gold_loss":0}],"is_beta":false,"boss_relics":[{"not_picked":["Mark of Pain","Coffee Dripper"],"picked":"Black Star"}],"items_purged_floors":[11,21],"is_endless":false,"potions_floor_spawned":[1,4,8,14,22,31],"killed_by":"Collector","ascension_level":5}}