{"host":"5wznv0010959mrmz","time":1610063326,"event":{"mods":["BaseMod","Highlight Path","Minty Spire (QoL Compilation)","Relic Stats"],"gold_per_floor":[110,110,110,6,156,156,197,197,221,246,37,81,96,135,135,229,229,250,273,273,273,298,341,391,425,425,463,37,37,37],"floor_reached":29,"playtime":2181,"items_purged":["Regret"],"score":794,"play_id":"fccfcfec-c87d-4d09-812b-166b67f9f317","local_time":"20210107174846","is_ascension_mode":true,"campfire_choices":[{"data":"Sucker Punch","floor":6,"key":"SMITH"},{"data":"Blade Dance","floor":8,"key":"SMITH"},{"data":"Accuracy","floor":15,"key":"SMITH"}],"circlet_count":0,"master_deck":["AscendersBane","Strike_G","Strike_G","Strike_G","Strike_G","Strike_G","Defend_G","Defend_G","Defend_G","Defend_G","Defend_G","Survivor","Neutralize","Blade Dance+1","Sucker Punch+1","Deadly Poison+1","Cloak And Dagger+1","Terror+1","Accuracy+1","Blade Dance+1","Backflip+1","Noxious Fumes","Venomology+1","Blur+1","PiercingWail+1","Dodge and Roll+1","Blade Dance+1","Adrenaline+1"],"relics":["Ring of the Snake","NeowsBlessing","Golden Idol","PreservedInsect","Toxic Egg 2","Strawberry","Ancient Tea Set","Centennial Puzzle","Black Star","MutagenicStrength","Eternal Feather","Lizard Tail","Pocketwatch","Torii","Prayer Wheel","Bronze Scales","Turnip","Meat on the Bone"],"acts_visited":["Exordium","TheCity"],"potions_floor_usage":[16,18,18,19,19,25,25,27,27,27,27,29,29],"damage_taken":[{"damage":0,"enemies":"Small Slimes","floor":1,"turns":1},{"damage":0,"enemies":"Gremlin Nob","floor":7,"turns":1},{"damage":0,"enemies":"Jaw Worm","floor":10,"turns":1},{"damage":15,"enemies":"3 Sentries","floor":12,"turns":5},{"damage":0,"enemies":"Cultist","floor":13,"turns":3},{"damage":0,"enemies":"Gremlin Nob","floor":14,"turns":2},{"damage":0,"enemies":"Slime Boss","floor":16,"turns":4},{"damage":23,"enemies":"Spheric Guardian","floor":18,"turns":6},{"damage":3,"enemies":"Shell Parasite","floor":19,"turns":3},{"damage":21,"enemies":"Chosen and Byrds","floor":22,"turns":6},{"damage":5,"enemies":"Book of Stabbing","floor":23,"turns":3},{"damage":11,"enemies":"Slavers","floor":25,"turns":3},{"damage":49,"enemies":"Gremlin Leader","floor":27,"turns":5},{"damage":6,"enemies":"Snake Plant","floor":29,"turns":1}],"seed_played":"-2304202381505619744","potions_obtained":[{"floor":12,"key":"EssenceOfSteel"},{"floor":13,"key":"Strength Potion"},{"floor":16,"key":"SpeedPotion"},{"floor":22,"key":"DuplicationPotion"},{"floor":27,"key":"ColorlessPotion"}],"is_trial":false,"path_per_floor":["M","?","?","$","?","R","E","R","T","M","$","E","M","E","R","B",null,"M","M","?","?","M","E","?","E","T","E","$","M"],"character_chosen":"THE_SILENT","items_purchased":["Sucker Punch","Terror+1","Accuracy","Blade Dance+1","Meat on the Bone","Adrenaline+1","AttackPotion"],"campfire_rested":0,"item_purchase_floors":[4,11,11,11,28,28,28],"current_hp_per_floor":[59,59,59,59,59,59,59,59,66,66,66,51,51,51,51,51,68,45,42,42,42,21,16,16,5,5,4,4,0,0],"gold":37,"neow_bonus":"THREE_ENEMY_KILL","is_daily":false,"chose_seed":false,"campfire_upgraded":3,"win_rate":0.0,"timestamp":1610063326,"path_taken":["M","?","?","$","?","R","E","R","T","M","?","E","M","E","R","BOSS","M","M","?","?","?","E","?","E","T","E","$","M"],"items_purchased_type":["Card","Card","Card","Card","Relic","Card","Potion"],"build_version":"2020-12-22","purchased_purges":1,"victory":false,"max_hp_per_floor":[66,66,66,66,66,66,66,66,73,73,73,73,73,73,73,73,73,73,73,73,73,73,73,73,73,73,73,73,73,73],"relic_stats":{"Torii":1,"counters":[14,44],"Golden Idol":90,"Eternal Feather":0,"PreservedInsect":187,"Centennial Puzzle":[18],"Lizard Tail":36,"Bronze Scales":[6],"Prayer Wheel":0,"Turnip":[0],"Black Star":3,"obtain_stats":[{"NeowsBlessing":0,"Torii":25,"Golden Idol":2,"Eternal Feather":23,"PreservedInsect":3,"Ancient Tea Set":12,"Centennial Puzzle":14,"Lizard Tail":23,"Strawberry":9,"MutagenicStrength":20,"Bronze Scales":27,"Prayer Wheel":26,"Turnip":27,"Black Star":17,"Toxic Egg 2":7,"Ring of the Snake":0,"Pocketwatch":25,"Meat on the Bone":28},{"NeowsBlessing":0,"Torii":12,"Golden Idol":1,"Eternal Feather":11,"PreservedInsect":1,"Ancient Tea Set":4,"Centennial Puzzle":6,"Lizard Tail":11,"Strawberry":2,"MutagenicStrength":9,"Bronze Scales":13,"Prayer Wheel":12,"Turnip":13,"Black Star":7,"Toxic Egg 2":2,"Ring of the Snake":0,"Pocketwatch":12,"Meat on the Bone":13},{"NeowsBlessing":0,"Torii":38,"Golden Idol":1,"Eternal Feather":35,"PreservedInsect":1,"Ancient Tea Set":8,"Centennial Puzzle":13,"Lizard Tail":35,"Strawberry":2,"MutagenicStrength":26,"Bronze Scales":43,"Prayer Wheel":38,"Turnip":43,"Black Star":17,"Toxic Egg 2":2,"Ring of the Snake":0,"Pocketwatch":38,"Meat on the Bone":43}],"Ring of the Snake":[28],"Pocketwatch":[3],"Meat on the Bone":0},"card_choices":[{"not_picked":["Acrobatics","Expertise"],"picked":"Blade Dance","floor":1},{"not_picked":["Deflect+1","Quick Slash"],"picked":"Deadly Poison+1","floor":7},{"not_picked":["Slice","Outmaneuver+1"],"picked":"Cloak And Dagger+1","floor":10},{"not_picked":["Sucker Punch","Underhanded Strike"],"picked":"Backflip+1","floor":12},{"not_picked":["Predator","Sucker Punch","Quick Slash"],"picked":"SKIP","floor":13},{"not_picked":["Underhanded Strike","Phantasmal Killer+1"],"picked":"Noxious Fumes","floor":14},{"not_picked":["Phantasmal Killer+1","Envenom"],"picked":"Venomology+1","floor":16},{"not_picked":["Choke+1","Heel Hook"],"picked":"Blur+1","floor":18},{"not_picked":["Eviscerate","Slice"],"picked":"PiercingWail+1","floor":19},{"not_picked":["Dagger Spray","Predator"],"picked":"Dodge and Roll+1","floor":22},{"not_picked":["Underhanded Strike","Glass Knife"],"picked":"Blade Dance+1","floor":23},{"not_picked":["Choke","Underhanded Strike+1","Heel Hook"],"picked":"SKIP","floor":25},{"not_picked":["Skewer","Masterful Stab","Underhanded Strike"],"picked":"SKIP","floor":27}],"player_experience":413108,"relics_obtained":[{"floor":7,"key":"Toxic Egg 2"},{"floor":9,"key":"Strawberry"},{"floor":12,"key":"Ancient Tea Set"},{"floor":14,"key":"Centennial Puzzle"},{"floor":23,"key":"Eternal Feather"},{"floor":23,"key":"Lizard Tail"},{"floor":25,"key":"Pocketwatch"},{"floor":25,"key":"Torii"},{"floor":26,"key":"Prayer Wheel"},{"floor":27,"key":"Bronze Scales"},{"floor":27,"key":"Turnip"}],"event_choices":[{"damage_healed":0,"gold_gain":0,"player_choice":"Take Wound","damage_taken":0,"relics_obtained":["Golden Idol"],"max_hp_gain":0,"max_hp_loss":0,"event_name":"Golden Idol","floor":2,"gold_loss":0,"cards_obtained":["Injury"]},{"damage_healed":0,"gold_gain":0,"player_choice":"Box","damage_taken":0,"relics_obtained":["PreservedInsect"],"max_hp_gain":0,"max_hp_loss":0,"event_name":"Big Fish","floor":3,"gold_loss":0,"cards_obtained":["Regret"]},{"damage_healed":0,"gold_gain":150,"player_choice":"AGREE","damage_taken":0,"max_hp_gain":0,"max_hp_loss":0,"event_name":"Liars Game","floor":5,"gold_loss":0,"cards_obtained":["Doubt"]},{"damage_healed":0,"gold_gain":0,"player_choice":"Inject Mutagens","damage_taken":0,"relics_obtained":["MutagenicStrength"],"max_hp_gain":0,"max_hp_loss":0,"event_name":"Drug Dealer","floor":20,"gold_loss":0},{"cards_removed":["Doubt","Injury"],"damage_healed":0,"gold_gain":0,"player_choice":"Removed Curses","damage_taken":0,"max_hp_gain":0,"max_hp_loss":0,"event_name":"Fountain of Cleansing","floor":21,"gold_loss":0},{"damage_healed":0,"gold_gain":50,"player_choice":"Stole From Cult","damage_taken":0,"max_hp_gain":0,"max_hp_loss":0,"event_name":"Nest","floor":24,"gold_loss":0}],"is_beta":false,"boss_relics":[{"not_picked":["SacredBark","Ectoplasm"],"picked":"Black Star"}],"items_purged_floors":[4],"is_endless":false,"potions_floor_spawned":[12,13,16,22,27],"killed_by":"Snake Plant","ascension_level":20}}