{"host":"69rply1jf2d1wbmp","time":1610015630,"event":{"mods":["BaseMod","Minty Spire (QoL Compilation)","Quick Restart"],"gold_per_floor":[118,43,43,54,66,66,95,113,113,113,113,13,13,13,13,137,137,155,171,171,171,190,190,231,231,231,255,165,3,26,50,50,50,50],"floor_reached":33,"playtime":998,"items_purged":["Defend_G","Strike_G"],"score":265,"play_id":"31f8b989-97fa-4246-ae89-9d4214030e89","local_time":"20210107053350","is_ascension_mode":false,"campfire_choices":[{"data":"Neutralize","floor":6,"key":"SMITH"},{"data":"1","floor":10,"key":"LIFT"},{"data":"2","floor":13,"key":"LIFT"},{"data":"3","floor":15,"key":"LIFT"},{"floor":23,"key":"REST"},{"floor":25,"key":"REST"},{"data":"Cloak And Dagger","floor":32,"key":"SMITH"}],"circlet_count":0,"master_deck":["Strike_G","Strike_G","Strike_G","Defend_G","Defend_G+1","Defend_G","Defend_G","Survivor","Neutralize+1","Accuracy","Deflect","A Thousand Cuts","Cloak And Dagger+1","Dagger Spray+1","Necronomicurse","Terror+1","Infinite Blades","Backflip+1","Cloak And Dagger+1"],"relics":["Ring of the Snake","Boot","Girya","Singing Bowl","Golden Idol","SacredBark","Necronomicon","Art of War","Toxic Egg 2","Peace Pipe"],"acts_visited":["Exordium","TheCity"],"potions_floor_usage":[16,22,22,24,33],"damage_taken":[{"damage":0,"enemies":"2 Louse","floor":1,"turns":4},{"damage":0,"enemies":"Jaw Worm","floor":4,"turns":4},{"damage":0,"enemies":"Small Slimes","floor":5,"turns":3},{"damage":29,"enemies":"Gremlin Nob","floor":7,"turns":6},{"damage":1,"enemies":"Blue Slaver","floor":8,"turns":4},{"damage":53,"enemies":"The Guardian","floor":16,"turns":15},{"damage":23,"enemies":"Spheric Guardian","floor":18,"turns":6},{"damage":2,"enemies":"Shell Parasite","floor":19,"turns":7},{"damage":29,"enemies":"Centurion and Healer","floor":22,"turns":10},{"damage":33,"enemies":"Slavers","floor":24,"turns":7},{"damage":12,"enemies":"Snake Plant","floor":27,"turns":4},{"damage":1,"enemies":"Chosen and Byrds","floor":30,"turns":5},{"damage":3,"enemies":"Snecko","floor":31,"turns":4},{"damage":54,"enemies":"Automaton","floor":33,"turns":6}],"seed_played":"-4243756085058810223","potions_obtained":[{"floor":5,"key":"CultistPotion"},{"floor":7,"key":"Regen Potion"},{"floor":16,"key":"PowerPotion"},{"floor":18,"key":"SpeedPotion"},{"floor":30,"key":"SpeedPotion"}],"is_trial":false,"path_per_floor":["M","$","?","M","M","R","E","M","T","R","?","$","R","?","R","B",null,"M","M","?","?","M","R","E","R","T","M","?","$","M","M","R","B"],"character_chosen":"THE_SILENT","items_purchased":["Infinite Blades","Backflip+1","Poison Potion"],"campfire_rested":2,"item_purchase_floors":[29,29,29],"current_hp_per_floor":[77,77,70,70,70,70,41,40,40,40,40,40,40,63,63,10,71,48,46,30,30,48,69,36,57,57,47,47,47,46,45,45,0,0],"gold":50,"neow_bonus":"TEN_PERCENT_HP_BONUS","is_daily":false,"chose_seed":false,"campfire_upgraded":2,"win_rate":0.0,"timestamp":1610015630,"path_taken":["M","$","?","M","M","R","E","M","T","R","?","$","R","?","R","BOSS","M","M","?","?","?","R","E","R","T","M","?","$","M","M","R","BOSS"],"items_purchased_type":["Card","Card","Potion"],"build_version":"2020-12-22","purchased_purges":2,"victory":false,"max_hp_per_floor":[77,77,77,77,77,77,77,77,77,77,71,71,71,71,71,71,71,71,71,71,71,73,73,73,73,73,75,75,75,75,77,77,77,77],"card_choices":[{"not_picked":["PiercingWail","Well Laid Plans","Reflex"],"picked":"SKIP","floor":1},{"not_picked":["Bane","Outmaneuver","Tactician"],"picked":"SKIP","floor":4},{"not_picked":["Dodge and Roll","Concentrate"],"picked":"Accuracy","floor":5},{"not_picked":["Poisoned Stab","Flechettes"],"picked":"Deflect","floor":7},{"not_picked":["Masterful Stab","Catalyst","Prepared"],"picked":"SKIP","floor":8},{"not_picked":["Night Terror","Tools of the Trade"],"picked":"A Thousand Cuts","floor":16},{"not_picked":["Poisoned Stab","Dagger Spray"],"picked":"Cloak And Dagger","floor":18},{"not_picked":["Prepared","Poisoned Stab+1"],"picked":"Dagger Spray+1","floor":19},{"not_picked":["Storm of Steel","Masterful Stab","Deflect"],"picked":"Singing Bowl","floor":22},{"not_picked":["Dagger Throw","Acrobatics+1"],"picked":"Terror+1","floor":24},{"not_picked":["Masterful Stab+1","Crippling Poison+1","Catalyst+1"],"picked":"Singing Bowl","floor":27},{"not_picked":["Deflect+1","Sucker Punch+1"],"picked":"Cloak And Dagger+1","floor":30},{"not_picked":["Concentrate+1","Poisoned Stab+1","Glass Knife"],"picked":"Singing Bowl","floor":31}],"player_experience":424601,"relics_obtained":[{"floor":7,"key":"Girya"},{"floor":9,"key":"Singing Bowl"},{"floor":20,"key":"Necronomicon"},{"floor":24,"key":"Toxic Egg 2"},{"floor":26,"key":"Peace Pipe"}],"event_choices":[{"damage_healed":0,"gold_gain":0,"player_choice":"Success","damage_taken":7,"relics_obtained":["Boot"],"max_hp_gain":0,"max_hp_loss":0,"event_name":"Scrap Ooze","floor":3,"gold_loss":0},{"damage_healed":0,"gold_gain":0,"player_choice":"Lose Max HP","damage_taken":0,"relics_obtained":["Golden Idol"],"max_hp_gain":0,"max_hp_loss":6,"event_name":"Golden Idol","floor":11,"gold_loss":0},{"damage_healed":23,"gold_gain":0,"player_choice":"Banana","damage_taken":0,"max_hp_gain":0,"max_hp_loss":0,"event_name":"Big Fish","floor":14,"gold_loss":0},{"damage_healed":0,"gold_gain":0,"player_choice":"Obtained Book","damage_taken":16,"max_hp_gain":0,"max_hp_loss":0,"event_name":"Cursed Tome","floor":20,"gold_loss":0},{"damage_healed":0,"gold_gain":0,"player_choice":"Opened","damage_taken":0,"relics_obtained":["Art of War"],"max_hp_gain":0,"max_hp_loss":0,"event_name":"The Mausoleum","floor":21,"gold_loss":0},{"cards_removed":["Strike_G"],"damage_healed":0,"gold_gain":0,"player_choice":"Upgrade and Remove","damage_taken":0,"max_hp_gain":0,"max_hp_loss":0,"event_name":"Designer","floor":28,"gold_loss":90,"cards_upgraded":["Defend_G"]}],"is_beta":false,"boss_relics":[{"not_picked":["SlaversCollar","Velvet Choker"],"picked":"SacredBark"}],"items_purged_floors":[2,12],"is_endless":false,"potions_floor_spawned":[5,7,16,18,19,30],"killed_by":"Automaton","ascension_level":0}}