{"host":"089us5wx8446qekd","time":1610047600,"event":{"mods":["AchievementEnabler","BaseMod","Bestiary","Colored Powertips","Highlight Path","Minty Spire (QoL Compilation)"],"gold_per_floor":[132,165,201,276,276,369,369,544,571,290,335,437,491,548,548,548,548],"floor_reached":16,"playtime":1524,"items_purged":[],"score":169,"play_id":"0f9f2d19-1dfe-4c85-b0c3-6111f5053cb7","local_time":"20210107202640","daily_mods":["Cursed Run","Purple Cards","Midas"],"is_ascension_mode":true,"campfire_choices":[{"floor":7,"key":"REST"},{"floor":15,"key":"REST"}],"circlet_count":0,"master_deck":["Strike_R","Strike_R","Strike_R","Strike_R","Strike_R","Defend_R","Defend_R","Defend_R","Defend_R","Bash","CutThroughFate+1","FollowUp","CrushJoints","Doubt","Decay","Thinking Ahead","Consecrate","Feed","Vengeance","Seeing Red"],"relics":["Cursed Key","Darkstone Periapt","Du-Vu Doll","Centennial Puzzle","Blood Vial","Membership Card","Frozen Egg 2"],"acts_visited":["Exordium"],"potions_floor_usage":[],"damage_taken":[{"damage":0,"enemies":"Cultist","floor":1,"turns":2},{"damage":5,"enemies":"Small Slimes","floor":2,"turns":3},{"damage":11,"enemies":"Jaw Worm","floor":3,"turns":2},{"damage":13,"enemies":"3 Sentries","floor":6,"turns":7},{"damage":17,"enemies":"3 Louse","floor":11,"turns":2},{"damage":0,"enemies":"Gremlin Nob","floor":12,"turns":2},{"damage":3,"enemies":"Large Slime","floor":13,"turns":3},{"damage":9,"enemies":"2 Fungi Beasts","floor":14,"turns":2},{"damage":98,"enemies":"Hexaghost","floor":16,"turns":2}],"seed_played":"-4123887402752824987","potions_obtained":[{"floor":2,"key":"ElixirPotion"},{"floor":11,"key":"LiquidMemories"},{"floor":12,"key":"BlessingOfTheForge"}],"is_trial":true,"path_per_floor":["M","M","M","?","?","E","R","?","T","$","M","E","M","M","R","B"],"character_chosen":"IRONCLAD","items_purchased":["Membership Card","Thinking Ahead","Consecrate"],"campfire_rested":2,"item_purchase_floors":[10,10,10],"current_hp_per_floor":[80,75,64,53,53,40,64,70,76,76,61,63,65,61,90,0,0],"gold":548,"neow_bonus":"","is_daily":false,"chose_seed":true,"campfire_upgraded":0,"win_rate":0.0,"timestamp":1610047600,"path_taken":["M","M","?","?","?","E","R","?","T","$","M","E","M","M","R","BOSS"],"items_purchased_type":["Relic","Card","Card"],"build_version":"2020-12-22","purchased_purges":0,"victory":false,"max_hp_per_floor":[80,80,80,80,80,80,80,86,92,92,92,92,95,98,98,98,98],"card_choices":[{"not_picked":["ThirdEye","Rampage"],"picked":"CutThroughFate","floor":1},{"not_picked":["Wild Strike","Armaments"],"picked":"FollowUp","floor":2},{"not_picked":["Crescendo","WreathOfFlame","Shockwave"],"picked":"SKIP","floor":3},{"not_picked":["Carnage","Shockwave"],"picked":"CrushJoints","floor":6},{"not_picked":["Protect","Havoc","Cleave"],"picked":"SKIP","floor":11},{"not_picked":["Sanctity","FlurryOfBlows"],"picked":"Feed","floor":12},{"not_picked":["Wallop","Sanctity"],"picked":"Vengeance","floor":13},{"not_picked":["Entrench","Sanctity"],"picked":"Seeing Red","floor":14}],"player_experience":34934,"relics_obtained":[{"floor":6,"key":"Centennial Puzzle"},{"floor":9,"key":"Blood Vial"},{"floor":12,"key":"Frozen Egg 2"}],"event_choices":[{"damage_healed":0,"gold_gain":75,"player_choice":"Gather Gold","damage_taken":11,"max_hp_gain":0,"max_hp_loss":0,"event_name":"World of Goop","floor":4,"gold_loss":0},{"damage_healed":0,"gold_gain":0,"player_choice":"Grow","damage_taken":0,"max_hp_gain":0,"max_hp_loss":0,"event_name":"Living Wall","floor":5,"gold_loss":0,"cards_upgraded":["CutThroughFate"]},{"damage_healed":0,"gold_gain":175,"player_choice":"AGREE","damage_taken":0,"max_hp_gain":0,"max_hp_loss":0,"event_name":"Liars Game","floor":8,"gold_loss":0,"cards_obtained":["Doubt"]}],"is_beta":false,"boss_relics":[],"items_purged_floors":[],"is_endless":false,"potions_floor_spawned":[2,11,12,13],"killed_by":"Hexaghost","ascension_level":1}}