{"host":"ufl0k2so27eic2iy","time":1610026355,"event":{"mods":["BaseMod","Minty Spire (QoL Compilation)","StSLib","The Animator"],"gold_per_floor":[111,130,55,80,80,5,30,65,92,92,102,102,128,147,147,147,147],"floor_reached":16,"playtime":736,"items_purged":["animator:Strike"],"score":196,"play_id":"b3fb6b17-86a6-4601-a189-743c8e59ef3d","local_time":"20210107133235","is_ascension_mode":true,"campfire_choices":[{"floor":10,"key":"REST"},{"data":"animator:DolaSchwi","floor":12,"key":"SMITH"},{"data":"animator:Suigintou","floor":15,"key":"SMITH"}],"circlet_count":0,"master_deck":["AscendersBane","animator:Strike_RozenMaiden","animator:Defend_RozenMaiden","animator:Strike","animator:Defend","animator:Defend","animator:Defend","animator:Souseiseki","animator:Hinaichigo","animator:YoshinoHimekawa","animator:DolaSchwi+1","animator:YoshinoHimekawa","animator:Elsword","animator:Suigintou+1","animator:LeleiLaLalena","animator:DolaCouronne","animator:Shirosaki"],"relics":["animator:LivingPicture","animator:TheMissingPiece","Orichalcum","Anchor","Strawberry"],"acts_visited":["Exordium"],"potions_floor_usage":[8,16],"damage_taken":[{"damage":5.0,"enemies":"Small Slimes","floor":1.0,"turns":4.0},{"damage":0.0,"enemies":"2 Louse","floor":2.0,"turns":4.0},{"damage":6.0,"enemies":"Jaw Worm","floor":4.0,"turns":5.0},{"damage":9,"enemies":"Exordium Thugs","floor":7,"turns":6},{"damage":28,"enemies":"Gremlin Nob","floor":8,"turns":4},{"damage":0,"enemies":"Large Slime","floor":11,"turns":5},{"damage":6,"enemies":"3 Sentries","floor":13,"turns":9},{"damage":8,"enemies":"3 Louse","floor":14,"turns":5},{"damage":24,"enemies":"Slime Boss","floor":16,"turns":7}],"seed_played":"-1702674088278992769","potions_obtained":[{"floor":1.0,"key":"GamblersBrew"},{"floor":2.0,"key":"FearPotion"},{"floor":14,"key":"Fire Potion"}],"is_trial":false,"path_per_floor":["M","M","?","M","?","$","M","E","T","R","M","R","E","M","R","B"],"character_chosen":"THE_ANIMATOR","items_purchased":[],"campfire_rested":1,"item_purchase_floors":[],"current_hp_per_floor":[49,49,49,43,48,48,39,11,11,30,30,30,31,24,24,0,0],"gold":147,"neow_bonus":"THREE_CARDS","is_daily":false,"chose_seed":true,"campfire_upgraded":2,"win_rate":0.0,"timestamp":1610026355,"path_taken":["M","M","?","M","?","?","?","E","T","R","M","R","E","M","R","BOSS"],"items_purchased_type":[],"build_version":"2020-12-22","purchased_purges":1,"victory":false,"max_hp_per_floor":[60,60,60,60,65,65,65,65,65,65,65,65,72,73,73,73,73],"card_choices":[{"not_picked":["animator:Jibril","animator:Guy"],"picked":"animator:YoshinoHimekawa","floor":0.0},{"not_picked":["animator:Layla","animator:TukaLunaMarceau"],"picked":"animator:DolaSchwi","floor":1.0},{"not_picked":["animator:AcuraAkari","animator:LizardPriest"],"picked":"animator:YoshinoHimekawa","floor":2.0},{"not_picked":["animator:HighElfArcher","animator:FielNirvalen"],"picked":"animator:Elsword","floor":4.0},{"not_picked":["animator:Hinaichigo","animator:MeguKakizaki"],"picked":"animator:Suigintou","floor":7},{"not_picked":["animator:Layla","animator:Hinaichigo","animator:LeleiLaLalena"],"picked":"SKIP","floor":8},{"not_picked":["animator:ChaikaBohdan","animator:Tyuule"],"picked":"animator:LeleiLaLalena","floor":11},{"not_picked":["animator:AcuraShin","animator:Raven"],"picked":"animator:DolaCouronne","floor":13},{"not_picked":["animator:Souseiseki","animator:NoriSakurada"],"picked":"animator:Shirosaki","floor":14}],"player_experience":2409200,"relics_obtained":[{"floor":8,"key":"Orichalcum"},{"floor":9,"key":"Anchor"},{"floor":13,"key":"Strawberry"}],"event_choices":[{"cards_removed":["animator:Strike"],"damage_healed":0.0,"max_hp_gain":0.0,"max_hp_loss":0.0,"gold_gain":0.0,"event_name":"The Cleric","player_choice":"Card Removal","floor":3.0,"gold_loss":75.0,"damage_taken":0.0},{"damage_healed":0.0,"max_hp_gain":5.0,"max_hp_loss":0.0,"gold_gain":0.0,"event_name":"Big Fish","player_choice":"Donut","floor":5.0,"gold_loss":0.0,"damage_taken":0.0}],"is_beta":false,"boss_relics":[],"items_purged_floors":[6],"is_endless":false,"potions_floor_spawned":[1,2,14],"killed_by":"Slime Boss","ascension_level":15}}