{"host":"d42v9a78iaxjks5w","time":1610003204,"event":{"mods":["BaseMod","Downfall","Hermit","Minty Spire (QoL Compilation)","StSLib","The Cursed"],"gold_per_floor":[99,111,111,126,146,146,195,295,295,361,479,497,510,520,532,532,532,532],"floor_reached":16,"playtime":1052,"items_purged":[],"score":96,"play_id":"9251b5f4-3958-4aa7-bc20-ecf19cf31143","local_time":"20210107010644","is_ascension_mode":false,"campfire_choices":[{"floor":1,"key":"RECALL"},{"data":"Guardian:CurlUp","floor":6,"key":"SMITH"}],"circlet_count":0,"master_deck":["Guardian:Strike_Guardian","Guardian:Strike_Guardian","Guardian:Strike_Guardian","Guardian:Strike_Guardian","Guardian:Defend_Guardian","Guardian:Defend_Guardian","Guardian:Defend_Guardian","Guardian:CurlUp+1","Guardian:TwinSlam","Guardian:FloatingOrbs","Guardian:Incinerate","Guardian:Gem_Purple","Guardian:Gem_Synthetic","Guardian:PrismaticBarrier","Guardian:VentSteam"],"relics":["Guardian:ModeShifter","SsserpentHead","Gremlin Horn"],"acts_visited":["Exordium"],"potions_floor_usage":[13,16,16],"damage_taken":[{"damage":4,"enemies":"2 Louse","floor":2,"turns":3},{"damage":5,"enemies":"Small Slimes","floor":4,"turns":3},{"damage":0,"enemies":"Cultist","floor":5,"turns":3},{"damage":2,"enemies":"Exordium Wildlife","floor":10,"turns":3},{"damage":10,"enemies":"Blue Slaver","floor":12,"turns":4},{"damage":0,"enemies":"3 Louse","floor":13,"turns":2},{"damage":29,"enemies":"Large Slime","floor":14,"turns":7},{"damage":13,"enemies":"Gremlin Gang","floor":15,"turns":7},{"damage":27,"enemies":"downfall:Watcher","floor":16,"turns":11}],"seed_played":"1738554329231335901","potions_obtained":[{"floor":5,"key":"sneckomod:MuddlingPotion"},{"floor":12,"key":"Guardian:DefensiveModePotion"},{"floor":15,"key":"champ:CounterPotion"}],"is_trial":false,"path_per_floor":["R","M","?","M","M","R","T","?","?","M","T","M","M","M","M","B"],"character_chosen":"GUARDIAN","items_purchased":[],"campfire_rested":0,"item_purchase_floors":[],"current_hp_per_floor":[88,84,84,79,79,79,79,79,79,77,77,67,67,38,25,0,0,0],"gold":532,"neow_bonus":"TEN_PERCENT_HP_BONUS","is_daily":false,"chose_seed":false,"campfire_upgraded":1,"win_rate":0.0,"timestamp":1610003204,"path_taken":["R","M","?","M","M","R","T","?","?","?","?","M","M","M","M","BOSS"],"items_purchased_type":[],"build_version":"2020-12-22","purchased_purges":0,"victory":false,"max_hp_per_floor":[88,88,88,88,88,88,88,88,88,88,88,88,88,88,88,88,88,88],"card_choices":[{"not_picked":["Guardian:Gem_Lightblue","Guardian:ArmoredProtocol"],"picked":"Guardian:Gem_Purple","floor":2},{"not_picked":["Guardian:PrimingBeam","Guardian:ChargeCore"],"picked":"Guardian:FloatingOrbs","floor":4},{"not_picked":["Guardian:TemporalStrike","Guardian:Preprogram"],"picked":"Guardian:Incinerate","floor":5},{"not_picked":["Guardian:Gem_Green","Guardian:EvasiveProtocol"],"picked":"Guardian:Gem_Purple","floor":10},{"not_picked":["Guardian:ChargeUp","Guardian:Recover"],"picked":"Guardian:Gem_Synthetic","floor":12},{"not_picked":["Guardian:PiercingHide","Guardian:SpikerProtocol"],"picked":"Guardian:PrismaticBarrier","floor":13},{"not_picked":["Guardian:Preprogram","Guardian:BronzeOrb","Guardian:WalkerClaw"],"picked":"SKIP","floor":14},{"not_picked":["Guardian:Recover","Guardian:Planning"],"picked":"Guardian:VentSteam","floor":15}],"player_experience":83658,"relics_obtained":[{"floor":11,"key":"Gremlin Horn"}],"event_choices":[{"damage_healed":0,"gold_gain":0,"player_choice":"Trade","damage_taken":0,"relics_obtained":["SsserpentHead"],"max_hp_gain":0,"max_hp_loss":0,"event_name":"FaceTrader","floor":9,"gold_loss":0}],"is_beta":false,"boss_relics":[],"items_purged_floors":[],"is_endless":false,"potions_floor_spawned":[5,12,15],"killed_by":"downfall:Watcher","ascension_level":0}}