{"host":"w029btg0lk3znwbc","time":1610045914,"event":{"mods":["AchievementEnabler","Act Like it!","BaseMod","Colored Map","Colored Powertips","Downfall","Energized Spire","Evolution","Hermit","Infinite Spire","Minty Spire (QoL Compilation)","Prisma Mod","Replay The Spire","StSLib","SuperFastMode","The Blue Laboratory"],"gold_per_floor":[118,131,150,169,169,199,199,199,199,199,219,234,184,198,198,303,303,319,319,364,374,374,374,374,405,405,30,82,94,126,63,77,90,90,186,186,204,254,264,279,279,279],"floor_reached":41,"playtime":3504,"items_purged":["PrismaMod:IllyaCommonDefend","PrismaMod:IllyaCommonAttack","PrismaMod:IllyaCommonAttack"],"score":440,"play_id":"edae27a5-667c-43ee-b9f1-a5f6d29bf8c6","local_time":"20210107195834","is_ascension_mode":false,"campfire_choices":[{"data":"PrismaMod:IllyaPoisonBomb","floor":7.0,"key":"SMITH"},{"data":"PrismaMod:IllyaAOECommonAttack","floor":10.0,"key":"SMITH"},{"data":"PrismaMod:IllyaBoysLove","floor":15.0,"key":"SMITH"},{"floor":26.0,"key":"REST"},{"floor":29.0,"key":"REST"},{"floor":34,"key":"REST"}],"circlet_count":0,"master_deck":["PrismaMod:IllyaCommonDefend","PrismaMod:IllyaCommonDefend","PrismaMod:IllyaCommonDefend","PrismaMod:IllyaCommonDefend+1","PrismaMod:IllyaUncommonAttack+1","PrismaMod:IllyaUncommonDefend+1","PrismaMod:IllyaAOECommonAttack+1","PrismaMod:IllyaCheapChannelDefend","PrismaMod:IllyaRapidFire","PrismaMod:IllyaPoisonBomb+1","PrismaMod:IllyaBerserCAR","PrismaMod:IllyaStunPoison","PrismaMod:IllyaAlice","PrismaMod:IllyaBoysLove+1","PrismaMod:IllyaInstallCaster","PrismaMod:IllyaPoisonTippedWeapons+1","PrismaMod:IllyaCheapChannelDefend","PrismaMod:IllyaCheapChannelDefend","PrismaMod:IllyaPoisonTippedWeapons","PrismaMod:IllyaInstallForeigner","PrismaMod:IllyaCheapChannelPoison+1","PrismaMod:IllyaHassanGift","PrismaMod:IllyaRubysPotion","PrismaMod:IllyaCarnivalOrbs","PrismaMod:IllyaBoysLove+1","PrismaMod:IllyaSaphire","PrismaMod:IllyaStunPoison"],"relics":["PrismaMod:PrismaRuby","EVO:Axolotl","War Paint","GremlinMask","Regal Pillow","Fusion Hammer","infinitespire:EmpoweringShard","energizedSpire:SpiderWeb","Centennial Puzzle","Replay:Wax Seal","Membership Card","MawBank","PrismaMod:AliceRelic","Empty Cage","StoneCalendar"],"acts_visited":["Exordium","TheCity","TheBeyond"],"potions_floor_usage":[33,33,35,38,40],"damage_taken":[{"damage":5.0,"enemies":"infinitespire:Voidling","floor":1.0,"turns":5.0},{"damage":5.0,"enemies":"Jaw Worm","floor":2.0,"turns":4.0},{"damage":0.0,"enemies":"Small Slimes","floor":3.0,"turns":5.0},{"damage":2.0,"enemies":"Exordium Thugs","floor":4.0,"turns":8.0},{"damage":16.0,"enemies":"3 Sentries","floor":6.0,"turns":6.0},{"damage":0.0,"enemies":"Large Slime","floor":11.0,"turns":5.0},{"damage":0.0,"enemies":"3 Louse","floor":12.0,"turns":1.0},{"damage":2.0,"enemies":"2 Fungi Beasts","floor":14.0,"turns":3.0},{"damage":20.0,"enemies":"Fading Forest","floor":16.0,"turns":11.0},{"damage":0.0,"enemies":"Chosen","floor":18.0,"turns":4.0},{"damage":46.0,"enemies":"2 Thieves","floor":21.0,"turns":5.0},{"damage":0.0,"enemies":"Replay:Snechameleon","floor":25.0,"turns":5.0},{"damage":2.0,"enemies":"Centurion and Healer","floor":30.0,"turns":6.0},{"damage":35.0,"enemies":"Snake Plant","floor":32.0,"turns":5.0},{"damage":8,"enemies":"Chosen and Byrds","floor":33,"turns":6},{"damage":38,"enemies":"Champ","floor":35,"turns":9},{"damage":6,"enemies":"Orb Walker","floor":37,"turns":5},{"damage":19,"enemies":"Mind Bloom Boss Battle","floor":38,"turns":5},{"damage":33,"enemies":"3 Darklings","floor":39,"turns":5},{"damage":35,"enemies":"Transient","floor":40,"turns":5},{"damage":0,"enemies":"Writhing Mass","floor":41,"turns":1}],"seed_played":"-6417396066697020075","potions_obtained":[{"floor":2.0,"key":"SmokeBomb"},{"floor":4.0,"key":"SkillPotion"},{"floor":11.0,"key":"PowerPotion"},{"floor":16.0,"key":"PowerPotion"},{"floor":20.0,"key":"DistilledChaos"},{"floor":21.0,"key":"ColorlessPotion"},{"floor":30.0,"key":"blueLaboratory:BubblePotion"},{"floor":35,"key":"CultistPotion"},{"floor":40,"key":"PowerPotion"}],"is_trial":false,"path_per_floor":["M","M","M","M","?","E","R","?","T","R","M","M","?","M","R","B",null,"M","AVR","?","M","?","PTL","PTL","E","R","$","T","R","M","$","M","M","R","B",null,"M","?","M","M","M"],"character_chosen":"ILLYA","items_purchased":["PrismaMod:IllyaInstallForeigner","Membership Card","PrismaMod:IllyaHassanGift"],"campfire_rested":3,"item_purchase_floors":[27,27,31],"current_hp_per_floor":[81,76,76,74,58,42,42,42,42,42,42,42,42,40,40,25,82,82,82,82,36,36,36,36,41,80,80,80,82,80,80,50,52,82,56,84,83,74,46,21,21,21],"gold":279,"neow_bonus":"TEN_PERCENT_HP_BONUS","is_daily":false,"chose_seed":false,"campfire_upgraded":3,"win_rate":0.0,"timestamp":1610045914,"path_taken":["M","M","?","M","?","E","R","?","T","R","M","?","?","M","R","BOSS","M","AVR","?","M","?","PTL","PTL","E","R","$","T","R","M","?","M","M","R","BOSS","M","?","M","M","M"],"items_purchased_type":["Card","Relic","Card"],"build_version":"2020-12-22","purchased_purges":3,"victory":false,"max_hp_per_floor":[82,82,82,82,82,82,82,82,82,82,82,82,82,82,82,82,82,82,82,82,82,82,82,82,82,82,82,82,82,82,82,82,82,82,84,84,84,84,84,84,84,84],"card_choices":[{"not_picked":["PrismaMod:IllyaPoisonBlock","PrismaMod:IllyaRussianRoulette"],"picked":"PrismaMod:IllyaAOECommonAttack","floor":1.0},{"not_picked":["PrismaMod:IllyaRubysPotion","PrismaMod:IllyaGun"],"picked":"PrismaMod:IllyaCheapChannelDefend","floor":2.0},{"not_picked":["PrismaMod:IllyaRussianRoulette","PrismaMod:IllyaReinForce"],"picked":"PrismaMod:IllyaRapidFire","floor":3.0},{"not_picked":["PrismaMod:IllyaHassanGift","PrismaMod:IllyaUberChannel"],"picked":"PrismaMod:IllyaPoisonBomb","floor":4.0},{"not_picked":["PrismaMod:IllyaPartialInstallAssassin","PrismaMod:IllyaBlindPoisonToss"],"picked":"PrismaMod:IllyaBerserCAR","floor":6.0},{"not_picked":["PrismaMod:IllyaBlindPoisonToss","PrismaMod:IllyaRussianRoulette"],"picked":"PrismaMod:IllyaStunPoison","floor":11.0},{"not_picked":["PrismaMod:IllyaCheapChannelAttack","PrismaMod:IllyaPoisonBlock"],"picked":"PrismaMod:IllyaAlice","floor":12.0},{"not_picked":["PrismaMod:IllyaFeed","PrismaMod:IllyaPartialInstallAssassin"],"picked":"PrismaMod:IllyaBoysLove","floor":14.0},{"not_picked":["PrismaMod:IllyaCarnivalPrismaAstolfo","PrismaMod:IllyaZwei"],"picked":"PrismaMod:IllyaInstallCaster","floor":16.0},{"not_picked":["PrismaMod:IllyaUncommonAOEAttack","PrismaMod:IllyaGun"],"picked":"PrismaMod:IllyaPoisonTippedWeapons+1","floor":18.0},{"not_picked":["PrismaMod:IllyaBride","PrismaMod:IllyaFriendMaker+1"],"picked":"PrismaMod:IllyaCheapChannelDefend","floor":20.0},{"not_picked":["PrismaMod:IllyaCheapAttack+1","PrismaMod:IllyaDualEvoke"],"picked":"PrismaMod:IllyaCheapChannelDefend","floor":21.0},{"not_picked":["PrismaMod:IllyaUberPoisonBlock","PrismaMod:IllyaGrailKun+1"],"picked":"PrismaMod:IllyaPoisonTippedWeapons","floor":25.0},{"not_picked":["PrismaMod:IllyaCheapChannelDefend","PrismaMod:IllyaPoisoningPhantasm+1"],"picked":"PrismaMod:IllyaCheapChannelPoison+1","floor":30.0},{"not_picked":["PrismaMod:IllyaBride","PrismaMod:IllyaCheapChannelPoison"],"picked":"PrismaMod:IllyaRubysPotion","floor":32.0},{"not_picked":["PrismaMod:IllyaCheapAttack","PrismaMod:IllyaBlindPoisonToss","PrismaMod:IllyaBerserCAR"],"picked":"SKIP","floor":33},{"not_picked":["PrismaMod:IllyaCarnivalAttack","PrismaMod:IllyaInstallShielder"],"picked":"PrismaMod:IllyaCarnivalOrbs","floor":35},{"not_picked":["PrismaMod:IllyaPartialInstallAssassin+1","PrismaMod:IllyaCheapAttack"],"picked":"PrismaMod:IllyaBoysLove+1","floor":37},{"not_picked":["PrismaMod:IllyaCheapChannelAttack+1","PrismaMod:IllyaFeed+1"],"picked":"PrismaMod:IllyaSaphire","floor":38},{"not_picked":["PrismaMod:IllyaEvokeAll","PrismaMod:IllyaCheapDefend+1","PrismaMod:IllyaBride+1"],"picked":"SKIP","floor":39},{"not_picked":["PrismaMod:IllyaBerserCAR","PrismaMod:IllyaHassanGift"],"picked":"PrismaMod:IllyaStunPoison","floor":40}],"player_experience":9834,"relics_obtained":[{"floor":6.0,"key":"War Paint"},{"floor":9.0,"key":"Regal Pillow"},{"floor":20.0,"key":"Centennial Puzzle"},{"floor":25.0,"key":"Replay:Wax Seal"},{"floor":28.0,"key":"MawBank"},{"floor":38,"key":"StoneCalendar"}],"event_choices":[{"damage_healed":0.0,"max_hp_gain":0.0,"max_hp_loss":0.0,"gold_gain":0.0,"event_name":"Shining Light","player_choice":"Entered Light","floor":5.0,"gold_loss":0.0,"damage_taken":16.0,"cards_upgraded":["PrismaMod:IllyaCommonAttack","PrismaMod:IllyaUncommonAttack"]},{"damage_healed":0.0,"max_hp_gain":0.0,"max_hp_loss":0.0,"gold_gain":0.0,"event_name":"FaceTrader","player_choice":"Trade","floor":8.0,"gold_loss":0.0,"damage_taken":0.0,"relics_obtained":["GremlinMask"]},{"cards_removed":["PrismaMod:IllyaCommonAttack"],"damage_healed":0.0,"max_hp_gain":0.0,"max_hp_loss":0.0,"gold_gain":0.0,"event_name":"The Cleric","player_choice":"Card Removal","floor":13.0,"gold_loss":50.0,"damage_taken":0.0},{"damage_healed":0.0,"max_hp_gain":0.0,"max_hp_loss":0.0,"gold_gain":0.0,"event_name":"Ghosts","player_choice":"Ignored","floor":22.0,"gold_loss":0.0,"damage_taken":0.0},{"damage_healed":0,"gold_gain":0,"player_choice":"Fight","damage_taken":0,"max_hp_gain":0,"max_hp_loss":0,"event_name":"MindBloom","floor":38,"gold_loss":0}],"is_beta":false,"boss_relics":[{"not_picked":["Runic Pyramid","Ectoplasm"],"picked":"Fusion Hammer"},{"not_picked":["Velvet Choker","energizedSpire:NeverEndingSparkler"],"picked":"Empty Cage"}],"items_purged_floors":[19,27,31],"is_endless":false,"potions_floor_spawned":[2,4,11,16,21,30,35,40],"killed_by":"Writhing Mass","ascension_level":0}}