{"host":"0npau4al1ghjijrr","time":1610051844,"event":{"mods":["ATMod(阿瑾Mod)","Act Like it!","Aspiration","BaseMod","Conspire","Decade(王小明)","Downfall","Hallownest","Lobotomy","LobotomyExtend","Marisa（F雨　魔理沙）","Minty Spire (QoL Compilation)","MostiFishMod","Reimu（博丽灵梦）","Remilia（蕾米莉亚）","Replay The Spire","SOS（斯巴达之子）","Shop Mod","Spicy Shops","StSLib","The Administrix","The Bug Knight","The Construct","Yuri Mod","vexMod","【遗物卡牌】REMEMod"],"gold_per_floor":[114,114,114,114,124,150,167,197,197,197,207,207,235,30,30,133,133,144,144,164,184,195,228,228,238,238,238,255,57,68,95,95,200,200,211,230,230,247,265,265,283,298,323,340,40,57,57,76,76,76],"floor_reached":51,"playtime":1543,"items_purged":["Injury"],"score":640,"play_id":"22f1aae7-524f-4fa2-9b1b-bb45bb327e6f","local_time":"20210108043724","is_ascension_mode":false,"campfire_choices":[{"data":"AT_ShrugMaster","floor":10,"key":"SMITH"},{"data":"Bash","floor":10,"key":"SMITH"},{"data":"Flex","floor":15,"key":"SMITH"},{"data":"Twin Strike","floor":15,"key":"SMITH"},{"data":"REME_Scribble","floor":24,"key":"SMITH"},{"data":"Strike_R","floor":24,"key":"SMITH"},{"data":"REME_Cut","floor":27,"key":"SMITH"},{"data":"Strike_R","floor":27,"key":"SMITH"},{"data":"Seeing Red","floor":32,"key":"SMITH"},{"data":"Defend_R","floor":32,"key":"SMITH"},{"data":"Defend_R","floor":40,"key":"SMITH"},{"data":"Defend_R","floor":40,"key":"SMITH"},{"floor":47,"key":"RECALL"},{"floor":49,"key":"REST"}],"circlet_count":0,"master_deck":["Strike_R+1","Strike_R+1","Strike_R+1","Defend_R+1","Defend_R+1","Defend_R+1","Bash+1","Scrawl+1","AT_ShrugMaster+1","REME_TheLastStrike+1","Twin Strike+1","MostiFishMod:OrdinaryWorld+1","Flex+1","Injury","Juggernaut+1","REME_Scribble+1","Whirlwind+1","REME_Cut+1","Seeing Red+1","MostiFishMod:CullingBlade+1","Seeing Red+1","Offering+1","REME_Cut+1","expansioncontent:QuickStudy+1"],"relics":["Burning Blood","AT_ATBox","REME_ComplimentaryCards","DaveBox","BrkXgEgg","SynthV:TestCard","Hallownest:DreamNailRelic","Replay:WaspNest","Replay:Arrowhead","ScarletDevilRocket","RuthlessExorcism:ReiMu","HandDrill","GreenFoldingFan","Pondfish Scales","AT_RedNoBalance","ReplayTheSpireMod:Lightbulb","Pen Nib","Runic Cube","conspire:DecoderRing","Replay:Wax Seal","Whetstone"],"acts_visited":["Hallownest:Greenpath","TheCity","TheBeyond"],"potions_floor_usage":[5,33],"damage_taken":[{"damage":6,"enemies":"2_ Uuma","floor":1,"turns":4},{"damage":3,"enemies":"Hallownest:2_Tiktiks_and_1_Crawlid","floor":5,"turns":2},{"damage":0,"enemies":"Hallownest:eliteMossKnight","floor":6,"turns":6},{"damage":1,"enemies":"Hallownest:2_MossCreeps","floor":7,"turns":4},{"damage":5,"enemies":"Hallownest:eliteVengeflyKing","floor":8,"turns":5},{"damage":15,"enemies":"Hallownest:1_Baldur_1_Crawlid_1_Warrior","floor":11,"turns":2},{"damage":9,"enemies":"Hallownest:eliteCrystalGuardian","floor":13,"turns":4},{"damage":9,"enemies":"Hallownest:BossBrokenVessel","floor":16,"turns":5},{"damage":14,"enemies":"3 Byrds","floor":18,"turns":3},{"damage":6,"enemies":"Shell Parasite","floor":20,"turns":2},{"damage":2,"enemies":"Centurion and Healer","floor":21,"turns":1},{"damage":10,"enemies":"3 Cultists","floor":22,"turns":3},{"damage":17,"enemies":"Gremlin Leader","floor":23,"turns":3},{"damage":22,"enemies":"Chosen and Byrds","floor":25,"turns":2},{"damage":17,"enemies":"Snake Plant","floor":28,"turns":2},{"damage":25,"enemies":"Shelled Parasite and Fungi","floor":30,"turns":2},{"damage":28,"enemies":"Book of Stabbing","floor":31,"turns":4},{"damage":21,"enemies":"Pondfish","floor":33,"turns":4},{"damage":2,"enemies":"3 Darklings","floor":35,"turns":1},{"damage":2,"enemies":"Orb Walker","floor":36,"turns":1},{"damage":7,"enemies":"Jaw Worm Horde","floor":38,"turns":2},{"damage":15,"enemies":"3 Darklings","floor":39,"turns":2},{"damage":8,"enemies":"Spire Growth","floor":41,"turns":1},{"damage":14,"enemies":"Jaw Worm Horde","floor":42,"turns":2},{"damage":13,"enemies":"Maw","floor":44,"turns":2},{"damage":2,"enemies":"Sphere and 2 Shapes","floor":46,"turns":1},{"damage":23,"enemies":"Writhing Mass","floor":48,"turns":2},{"damage":25,"enemies":"Replay:Hell Engine","floor":50,"turns":4}],"seed_played":"-5457450812760201801","potions_obtained":[{"floor":5,"key":"REME_GoldPotion"},{"floor":11,"key":"PowerPotion"},{"floor":13,"key":"ColorlessPotion"},{"floor":25,"key":"Guardian:BlockOnCardUsePotion"},{"floor":41,"key":"Explosive Potion"},{"floor":44,"key":"Energy Potion"}],"is_trial":false,"path_per_floor":["M","?","?","?","M","E","M","E","T","R","M","?","E","$","R","B",null,"M","?","M","M","M","E","R","M","T","R","M","$","M","E","R","B",null,"M","M","T","M","M","R","M","M","T","M","$","M","R","M","R","B",null],"character_chosen":"IRONCLAD","items_purchased":["RuthlessExorcism:ReiMu","HandDrill","ReplayTheSpireMod:Lightbulb","Whetstone","expansioncontent:QuickStudy+1"],"campfire_rested":1,"item_purchase_floors":[14,14,29,45,45],"current_hp_per_floor":[72,72,72,72,72,78,78,78,78,78,69,69,66,66,66,63,78,78,78,78,78,78,79,79,76,76,76,43,43,37,35,35,44,95,61,75,75,87,91,91,99,101,101,104,104,104,104,97,104,98],"gold":76,"neow_bonus":"THREE_RARE_CARDS","is_daily":false,"chose_seed":false,"campfire_upgraded":12,"win_rate":0.0,"timestamp":1610051844,"path_taken":["M","?","?","?","M","E","?","E","T","R","?","?","E","?","R","BOSS","M","?","M","M","M","E","R","M","T","R","M","$","M","E","R","BOSS","M","M","?","M","M","R","M","M","T","?","$","M","R","M","R","BOSS"],"items_purchased_type":["Relic","Relic","Relic","Relic","Card"],"build_version":"2020-12-22","purchased_purges":1,"victory":true,"max_hp_per_floor":[72,72,72,72,72,78,78,78,78,78,78,78,78,78,78,78,78,78,78,78,78,78,80,80,83,83,83,86,86,89,92,92,95,95,95,95,95,98,101,101,101,101,101,104,104,104,104,104,104,107],"card_choices":[{"not_picked":["Immolate","Juggernaut"],"picked":"REME_TheLastStrike","floor":0},{"not_picked":["AT_DrawKnifeCut","Heavy Blade","Body Slam"],"picked":"SKIP","floor":1},{"not_picked":["Replay:Undeath\u0027s Touch","Thunderclap","True Grit","Perfected Strike"],"picked":"Twin Strike","floor":5},{"not_picked":["Rage","Iron Wave","Disarm","Body Slam","Havoc"],"picked":"SKIP","floor":6},{"not_picked":["Pommel Strike","Clash","Entrench","ReplayTheSpireMod:Strike From Hell"],"picked":"MostiFishMod:OrdinaryWorld+1","floor":7},{"not_picked":["REME_SingleHolding","Blood for Blood","conspire:Charge","Clash","Clothesline"],"picked":"SKIP","floor":8},{"not_picked":["Rupture","Body Slam","Shockwave","Anger","ReplayTheSpireMod:Strike From Hell"],"picked":"SKIP","floor":11},{"not_picked":["Armaments","Immolate+1","REME_Scribble","MostiFishMod:BrandingRite"],"picked":"Flex","floor":13},{"not_picked":["MostiFishMod:NewArrival+1","Replay:Many Hands+1","MostiFishMod:ChineseTea+1","Bludgeon+1"],"picked":"Juggernaut+1","floor":16},{"not_picked":["Sword Boomerang","REME_SingleHolding","Flex","Warcry","Replay:Undeath\u0027s Touch"],"picked":"SKIP","floor":18},{"not_picked":["Havoc","Shrug It Off","Dark Embrace","Cleave","Run Through+1"],"picked":"SKIP","floor":20},{"not_picked":["Intimidate+1","Shrug It Off","Flex","AT_GerminateFire+1","AT_BodySlamDance"],"picked":"SKIP","floor":21},{"not_picked":["MostiFishMod:Chiaki+1","Dropkick","Twin Strike+1","True Grit"],"picked":"REME_Scribble","floor":22},{"not_picked":["REME_Scribble","Run Through+1","AT_GerminateFire","Clash"],"picked":"Whirlwind+1","floor":23},{"not_picked":["Twin Strike","Uppercut+1","Metallicize","ReplayTheSpireMod:Strike From Hell"],"picked":"REME_Cut","floor":25},{"not_picked":["Massacre","REME_FearOfPain","Entrench","Heavy Blade","Sword Boomerang+1"],"picked":"SKIP","floor":28},{"not_picked":["Impervious+1","Perfected Strike","ReplayTheSpireMod:Corrosion Curse","Flex"],"picked":"Seeing Red","floor":30},{"not_picked":["Combust","Headbutt","Warcry","Body Slam","ReplayTheSpireMod:Muscle Training"],"picked":"SKIP","floor":31},{"not_picked":["AT_Dispersion+1","Reaper+1","MostiFishMod:Chiaki+1","MostiFishMod:TemporaryOutbreak+1"],"picked":"MostiFishMod:CullingBlade+1","floor":33},{"not_picked":["Pummel","Warcry","Abandon","conspire:Charge"],"picked":"Seeing Red+1","floor":35},{"not_picked":["Combust","Sentinel","Power Through","Intimidate+1","Wild Strike"],"picked":"SKIP","floor":36},{"not_picked":["Clash+1","Armaments+1","Iron Wave+1","Body Slam","Heavy Blade"],"picked":"SKIP","floor":38},{"not_picked":["REME_Cut+1","Dropkick","Thunderclap","conspire:Charge+1"],"picked":"Offering+1","floor":39},{"not_picked":["Abandon+1","Clash+1","True Grit","AT_BodySlamDance"],"picked":"REME_Cut+1","floor":41},{"not_picked":["Feel No Pain","Headbutt+1","Searing Blow","Wild Strike+1","ReplayTheSpireMod:Limb From Limb"],"picked":"SKIP","floor":42},{"not_picked":["ReplayTheSpireMod:Strike From Hell","Clash+1","ReplayTheSpireMod:Stacked","Heavy Blade","Shockwave+1"],"picked":"SKIP","floor":44},{"not_picked":["AT_IchimonjiDouble","Flex","Uppercut+1","Replay:Undeath\u0027s Touch+1","Clash+1"],"picked":"SKIP","floor":46},{"not_picked":["Juggernaut+1","Heavy Blade","Wild Strike+1","Armaments","Flex"],"picked":"SKIP","floor":48}],"player_experience":219918,"relics_obtained":[{"floor":1,"key":"SynthV:TestCard"},{"floor":6,"key":"vexMod:BerryBomb"},{"floor":8,"key":"Replay:WaspNest"},{"floor":9,"key":"Replay:Arrowhead"},{"floor":13,"key":"ScarletDevilRocket"},{"floor":23,"key":"Pondfish Scales"},{"floor":26,"key":"AT_SilverBalance"},{"floor":31,"key":"Pen Nib"},{"floor":37,"key":"conspire:DecoderRing"},{"floor":43,"key":"Replay:Wax Seal"}],"event_choices":[{"cards_removed":["Strike_R"],"damage_healed":0,"gold_gain":0,"player_choice":"Purged","damage_taken":0,"max_hp_gain":0,"max_hp_loss":0,"event_name":"Purifier","floor":19,"gold_loss":0}],"is_beta":false,"boss_relics":[{"not_picked":["aspiration:SecretTechniqueScroll","conspire:SeveredTorchhead"],"picked":"GreenFoldingFan"},{"not_picked":["vexMod:BigBerry","FixedStarFall"],"picked":"Runic Cube"}],"items_purged_floors":[45],"is_endless":false,"potions_floor_spawned":[5,11,13,16,20,25,30,41,42,44],"ascension_level":0}}