{"host":"og6lam4kt3nibbw0","time":1610039687,"event":{"mods":["AchievementEnabler","BaseMod","Colored Map","DeckTracker","Highlight Path","Keyboard Shortcuts","Minty Spire (QoL Compilation)","Permanent Neow","Quick Restart","StSLib","SuperFastMode"],"gold_per_floor":[111,111,123,133,143,143,162,162,162,177,188,205,3,15,15,91,91,110,129,54,72,72,72],"floor_reached":22,"playtime":758,"items_purged":["Decay"],"score":468,"play_id":"4ebe5cf5-7aac-480f-a1ac-eaa9847b393e","local_time":"20210108021447","is_ascension_mode":true,"campfire_choices":[{"data":"Zap","floor":6.0,"key":"SMITH"},{"data":"Gash","floor":8.0,"key":"SMITH"},{"floor":15,"key":"REST"}],"circlet_count":0,"master_deck":["AscendersBane","Strike_B","Strike_B","Strike_B","Defend_B","Defend_B","Defend_B","Defend_B","Zap+1","Dualcast","All For One","Gash+1","Seek","Steam","Ball Lightning","Leap","Glacier","Turbo","Steam","Beam Cell","Gash","Go for the Eyes","Hologram","Creative AI","CurseOfTheBell","Sweeping Beam","Stack"],"relics":["Cracked Core","StoneCalendar","Calling Bell","Torii","HornCleat","Regal Pillow"],"acts_visited":["Exordium","TheCity"],"potions_floor_usage":[10],"damage_taken":[{"damage":11.0,"enemies":"Jaw Worm","floor":1.0,"turns":4.0},{"damage":0.0,"enemies":"Cultist","floor":3.0,"turns":3.0},{"damage":0.0,"enemies":"2 Louse","floor":4.0,"turns":1.0},{"damage":13.0,"enemies":"Blue Slaver","floor":5.0,"turns":3.0},{"damage":9.0,"enemies":"Looter","floor":7.0,"turns":3.0},{"damage":3,"enemies":"Large Slime","floor":10,"turns":2},{"damage":2,"enemies":"2 Fungi Beasts","floor":11,"turns":3},{"damage":2,"enemies":"3 Louse","floor":12,"turns":3},{"damage":0,"enemies":"Large Slime","floor":14,"turns":3},{"damage":0,"enemies":"Slime Boss","floor":16,"turns":6},{"damage":9,"enemies":"3 Byrds","floor":18,"turns":5},{"damage":17,"enemies":"2 Thieves","floor":19,"turns":4},{"damage":33,"enemies":"Snake Plant","floor":21,"turns":6},{"damage":0,"enemies":"Centurion and Healer","floor":22,"turns":1}],"seed_played":"-5199713219874267923","potions_obtained":[{"floor":4.0,"key":"PotionOfCapacity"},{"floor":7.0,"key":"AttackPotion"},{"floor":10,"key":"SpeedPotion"},{"floor":12,"key":"GamblersBrew"},{"floor":18,"key":"SkillPotion"}],"is_trial":false,"path_per_floor":["M","?","M","M","M","R","M","R","T","M","M","M","$","M","R","B",null,"M","M","?","M","M"],"character_chosen":"DEFECT","items_purchased":["Gash","Go for the Eyes","Hologram"],"campfire_rested":1,"item_purchase_floors":[13,13,13],"current_hp_per_floor":[53,53,53,53,40,40,31,31,31,28,26,24,24,24,45,45,65,56,39,39,6,6,6],"gold":72,"neow_bonus":"THREE_RARE_CARDS","is_daily":false,"chose_seed":false,"campfire_upgraded":2,"win_rate":0.0,"timestamp":1610039687,"path_taken":["M","?","M","M","M","R","?","R","T","M","M","?","$","?","R","BOSS","M","M","?","M","M"],"items_purchased_type":["Card","Card","Card"],"build_version":"2020-12-22","purchased_purges":1,"victory":false,"max_hp_per_floor":[71,71,71,71,71,71,71,71,71,71,71,71,71,71,71,71,71,71,71,71,71,71,71],"card_choices":[{"not_picked":["Thunder Strike","Seek"],"picked":"All For One","floor":0.0},{"not_picked":["Compile Driver","Go for the Eyes"],"picked":"Gash","floor":1.0},{"not_picked":["Capacitor","Compile Driver"],"picked":"Steam","floor":3.0},{"not_picked":["Rebound","Aggregate"],"picked":"Ball Lightning","floor":4.0},{"not_picked":["Amplify","Blizzard"],"picked":"Leap","floor":5.0},{"not_picked":["Compile Driver","Redo"],"picked":"Glacier","floor":7.0},{"not_picked":["Hologram","Barrage"],"picked":"Turbo","floor":10},{"not_picked":["Chaos","Hello World"],"picked":"Steam","floor":11},{"not_picked":["Genetic Algorithm","Conserve Battery"],"picked":"Beam Cell","floor":12},{"not_picked":["Capacitor","Coolheaded","Cold Snap"],"picked":"SKIP","floor":14},{"not_picked":["Multi-Cast","Biased Cognition"],"picked":"Creative AI","floor":16},{"not_picked":["Conserve Battery","Cold Snap"],"picked":"Sweeping Beam","floor":18},{"not_picked":["Ball Lightning","Redo","Gash"],"picked":"SKIP","floor":19},{"not_picked":["Meteor Strike","Go for the Eyes+1"],"picked":"Stack","floor":21}],"player_experience":830029,"relics_obtained":[{"floor":9.0,"key":"StoneCalendar"},{"floor":17,"key":"Torii"},{"floor":17,"key":"HornCleat"},{"floor":17,"key":"Regal Pillow"}],"event_choices":[{"damage_healed":0.0,"max_hp_gain":0.0,"max_hp_loss":0.0,"gold_gain":0.0,"event_name":"Match and Keep!","player_choice":"1 cards matched","floor":2.0,"gold_loss":0.0,"damage_taken":0.0,"cards_obtained":["Seek"]},{"cards_removed":["Strike_B"],"damage_healed":0,"gold_gain":0,"player_choice":"Gave Gold","damage_taken":0,"max_hp_gain":0,"max_hp_loss":0,"event_name":"Beggar","floor":20,"gold_loss":75}],"is_beta":false,"boss_relics":[{"not_picked":["SacredBark","Snecko Eye"],"picked":"Calling Bell"}],"items_purged_floors":[13],"is_endless":false,"potions_floor_spawned":[4,7,10,12,18],"killed_by":"Centurion and Healer","ascension_level":20}}