{"host":"pi8b3ffzwvxqztac","time":1610032839,"event":{"mods":["BaseMod","Colored Map","Downfall","Minty Spire (QoL Compilation)","StSLib"],"gold_per_floor":[99,119,135,50,60,89,89,14,26,26,40,40,40,58,58,58,58],"floor_reached":16,"playtime":942,"items_purged":[],"score":156,"play_id":"2decd34f-7b9c-4cfc-9450-a729164800e9","local_time":"20210108042039","is_ascension_mode":true,"campfire_choices":[{"floor":1,"key":"RECALL"},{"data":"sneckomod:WideSting","floor":8,"key":"SMITH"},{"data":"sneckomod:QuickBite","floor":10,"key":"SMITH"},{"floor":12,"key":"REST"}],"circlet_count":0,"master_deck":["AscendersBane","sneckomod:Strike","sneckomod:Strike","sneckomod:Strike","sneckomod:Defend","sneckomod:Defend","sneckomod:Defend","sneckomod:SnekBite","sneckomod:Unknown","sneckomod:Unknown","sneckomod:CheapStock","sneckomod:UnknownUncommonSkill","sneckomod:WideSting+1","sneckomod:SlitherStrike","sneckomod:UnknownBlock","sneckomod:UnknownWeak","sneckomod:QuickBite+1","sneckomod:SlitherStrike","sneckomod:DiceBlock"],"relics":["sneckomod:SneckoSoul","Eternal Feather","downfall:HeartBlessingBlue"],"acts_visited":["Exordium"],"potions_floor_usage":[11,15,16,16],"damage_taken":[{"damage":6,"enemies":"Jaw Worm","floor":2,"turns":5},{"damage":0,"enemies":"Cultist","floor":3,"turns":5},{"damage":5,"enemies":"downfall:FleeingMerchant","floor":4,"turns":4},{"damage":12,"enemies":"2 Louse","floor":5,"turns":3},{"damage":33,"enemies":"3 Sentries","floor":6,"turns":8},{"damage":11,"enemies":"Red Slaver","floor":9,"turns":4},{"damage":15,"enemies":"Exordium Thugs","floor":11,"turns":4},{"damage":0,"enemies":"Large Slime","floor":14,"turns":5},{"damage":0,"enemies":"2 Fungi Beasts","floor":15,"turns":2},{"damage":69,"enemies":"downfall:Defect","floor":16,"turns":6}],"seed_played":"-6649315645280582191","potions_obtained":[{"floor":2,"key":"FearPotion"},{"floor":3,"key":"BlessingOfTheForge"},{"floor":11,"key":"SmokeBomb"},{"floor":14,"key":"Explosive Potion"}],"is_trial":false,"path_per_floor":["R","M","M","$","M","E","T","R","M","R","M","R","?","M","M","B"],"character_chosen":"THE_SNECKO","items_purchased":["sneckomod:SlitherStrike"],"campfire_rested":1,"item_purchase_floors":[4],"current_hp_per_floor":[81,75,76,71,60,28,28,47,36,45,30,69,69,69,69,0,0],"gold":58,"neow_bonus":"REMOVE_CARD","is_daily":false,"chose_seed":false,"campfire_upgraded":2,"win_rate":0.0,"timestamp":1610032839,"path_taken":["R","M","M","$","M","E","T","R","M","R","M","R","?","?","M","BOSS"],"items_purchased_type":["Card"],"build_version":"2020-12-22","purchased_purges":0,"victory":false,"max_hp_per_floor":[90,90,91,91,92,93,93,103,103,103,103,103,103,103,103,103,103],"card_choices":[{"not_picked":["sneckomod:UnknownX","sneckomod:UnknownStrike"],"picked":"sneckomod:CheapStock","floor":2},{"not_picked":["sneckomod:DiceCrush","sneckomod:UnknownCommonSkill"],"picked":"sneckomod:UnknownUncommonSkill","floor":3},{"not_picked":["sneckomod:Cheat","sneckomod:Unknown1Cost"],"picked":"sneckomod:WideSting","floor":4},{"not_picked":["sneckomod:UnknownCommonAttack","sneckomod:UnknownClassSLIMEBOUND"],"picked":"sneckomod:UnknownBlock","floor":5},{"not_picked":["sneckomod:UnknownStrike","sneckomod:UnknownBlock"],"picked":"sneckomod:UnknownWeak","floor":6},{"not_picked":["sneckomod:SoulDraw","sneckomod:SoulRoll"],"picked":"sneckomod:QuickBite","floor":9},{"not_picked":["sneckomod:Mudshield","sneckomod:SoulRoll"],"picked":"sneckomod:SlitherStrike","floor":11},{"not_picked":["sneckomod:UnknownClassPURPLE","sneckomod:RainOfDice"],"picked":"sneckomod:DiceBlock","floor":14}],"player_experience":474167,"relics_obtained":[{"floor":6,"key":"Eternal Feather"}],"event_choices":[],"is_beta":false,"boss_relics":[],"items_purged_floors":[],"is_endless":false,"potions_floor_spawned":[2,3,11,14,15],"killed_by":"downfall:Defect","ascension_level":10}}