{"host":"nukjzc0ca34w6eem","time":1610008642,"event":{"mods":["2.2 Compatiblity","AchievementEnabler","BaseMod","Colored Powertips","Minty Spire (QoL Compilation)","StSLib"],"gold_per_floor":[119,134,147,147,1,35,35,35,35,69,69,88,88,98,98,202,202,216,229,60,60,60,60,60,60],"floor_reached":24,"playtime":1239,"items_purged":["Strike_P","Strike_P"],"score":224,"play_id":"b0d95cb2-cb14-4dc1-9765-2308fb93b603","local_time":"20210107003722","is_ascension_mode":true,"campfire_choices":[{"data":"LessonLearned","floor":7,"key":"SMITH"},{"floor":13,"key":"RECALL"},{"data":"JustLucky","floor":15,"key":"SMITH"},{"data":"ForeignInfluence","floor":23,"key":"SMITH"}],"circlet_count":0,"master_deck":["Strike_P+1","Defend_P","Defend_P+1","Defend_P+1","Eruption+1","Vigilance","DeusExMachina+1","Vengeance","FollowUp","Meditate","Wallop","Conclude","LessonLearned+1","Sanctity","JustLucky+1","Establishment","ForeignInfluence+1","CarveReality+1","BattleHymn+1","Writhe"],"relics":["PureWater","Pantograph","Eternal Feather","Pen Nib","Happy Flower","Coffee Dripper","Boot","Nilry\u0027s Codex"],"acts_visited":["Exordium","TheCity"],"potions_floor_usage":[10,16,24],"damage_taken":[{"damage":0,"enemies":"Small Slimes","floor":1,"turns":3},{"damage":0,"enemies":"Cultist","floor":2,"turns":2},{"damage":6,"enemies":"Jaw Worm","floor":3,"turns":3},{"damage":8,"enemies":"Gremlin Nob","floor":6,"turns":3},{"damage":9,"enemies":"3 Sentries","floor":10,"turns":3},{"damage":0,"enemies":"Large Slime","floor":12,"turns":2},{"damage":0,"enemies":"3 Louse","floor":14,"turns":2},{"damage":17,"enemies":"The Guardian","floor":16,"turns":6},{"damage":9,"enemies":"Shell Parasite","floor":18,"turns":4},{"damage":18,"enemies":"2 Thieves","floor":19,"turns":3},{"damage":35,"enemies":"Slavers","floor":24,"turns":2}],"seed_played":"8234641835284865535","potions_obtained":[{"floor":2,"key":"EntropicBrew"},{"floor":3,"key":"Explosive Potion"},{"floor":6,"key":"AttackPotion"},{"floor":12,"key":"EntropicBrew"},{"floor":14,"key":"BottledMiracle"},{"floor":18,"key":"DuplicationPotion"}],"is_trial":false,"path_per_floor":["M","M","M","?","$","E","R","$","T","E","?","M","R","M","R","B",null,"M","M","$","?","?","R","E"],"character_chosen":"WATCHER","items_purchased":["Conclude","BattleHymn"],"campfire_rested":0,"item_purchase_floors":[5,20],"current_hp_per_floor":[65,65,59,59,59,51,51,51,51,42,35,35,44,44,53,48,65,56,38,38,38,22,34,0,0],"gold":60,"neow_bonus":"TRANSFORM_TWO_CARDS","is_daily":false,"chose_seed":false,"campfire_upgraded":3,"win_rate":0.0,"timestamp":1610008642,"path_taken":["M","M","M","?","?","E","R","$","T","E","?","M","R","?","R","BOSS","M","M","$","?","?","R","E"],"items_purchased_type":["Card","Card"],"build_version":"2020-12-22","purchased_purges":2,"victory":false,"max_hp_per_floor":[65,65,65,65,65,65,65,65,65,65,65,65,65,65,65,65,65,65,65,65,65,65,65,65,65],"card_choices":[{"not_picked":["Halt","EmptyBody"],"picked":"FollowUp","floor":1},{"not_picked":["Indignation","EmptyBody"],"picked":"Meditate","floor":2},{"not_picked":["Nirvana","Crescendo"],"picked":"Wallop","floor":3},{"not_picked":["Perseverance","EmptyBody"],"picked":"LessonLearned","floor":6},{"not_picked":["DeusExMachina","FollowUp"],"picked":"Sanctity","floor":10},{"not_picked":["JustLucky","PathToVictory","WreathOfFlame"],"picked":"SKIP","floor":12},{"not_picked":["PathToVictory","WreathOfFlame"],"picked":"JustLucky","floor":12},{"not_picked":["ThirdEye","Wallop","Halt"],"picked":"SKIP","floor":14},{"not_picked":["DevaForm","Wish"],"picked":"Establishment","floor":16},{"not_picked":["Crescendo+1","FollowUp"],"picked":"ForeignInfluence","floor":18},{"not_picked":["SignatureMove","Prostrate"],"picked":"CarveReality+1","floor":19}],"player_experience":252799,"relics_obtained":[{"floor":6,"key":"Pantograph"},{"floor":9,"key":"Eternal Feather"},{"floor":10,"key":"Pen Nib"},{"floor":22,"key":"Nilry\u0027s Codex"}],"event_choices":[{"damage_healed":0,"gold_gain":0,"player_choice":"Upgraded","damage_taken":0,"max_hp_gain":0,"max_hp_loss":0,"event_name":"Upgrade Shrine","floor":4,"gold_loss":0,"cards_upgraded":["Eruption"]},{"damage_healed":0,"gold_gain":0,"player_choice":"Success","damage_taken":7,"relics_obtained":["Happy Flower"],"max_hp_gain":0,"max_hp_loss":0,"event_name":"Scrap Ooze","floor":11,"gold_loss":0},{"damage_healed":0,"gold_gain":0,"player_choice":"Opened","damage_taken":0,"relics_obtained":["Boot"],"max_hp_gain":0,"max_hp_loss":0,"event_name":"The Mausoleum","floor":21,"gold_loss":0,"cards_obtained":["Writhe"]},{"damage_healed":0,"gold_gain":0,"player_choice":"Obtained Book","damage_taken":16,"max_hp_gain":0,"max_hp_loss":0,"event_name":"Cursed Tome","floor":22,"gold_loss":0}],"is_beta":false,"boss_relics":[{"not_picked":["SacredBark","Philosopher\u0027s Stone"],"picked":"Coffee Dripper"}],"items_purged_floors":[5,20],"is_endless":false,"potions_floor_spawned":[2,3,6,12,14,18],"killed_by":"Slavers","ascension_level":2}}