{"host":"cbabs5wvj1yqiyjm","time":1610055161,"event":{"mods":["AchievementEnabler","Act Like it!","Bartender","BaseMod","Bestiary","Better Third Choice","BetterRewards","Colored Powertips","Downfall","Friendly Minions","Hallownest","Hermit","Infinite Spire","Kratos Character Expansion","Marisa????????","Minty Spire (QoL Compilation)","Rare Cards Sparkle","Replay The Spire","SOS???????","Spicy Shops","StSLib","Td1madao Mod","The Bladedancer","The Bug Knight","The Cursed","The Disciple","The Forsaken","The Marked","The Necromancer","The Servant 0.9.4","Wandering Minibosses","???Mod??????Boss"],"gold_per_floor":[117,133,0,0,0,0,14,41,41,41,33,33,51,51,51,148,148,164,89,17,28,28,28,28,47,47,47,47,61,61,75,75,75,75],"floor_reached":33,"playtime":1881,"items_purged":[],"score":293,"play_id":"6bd9a42c-438e-4a91-b9fe-6c74f1f83ee4","local_time":"20210107163241","is_ascension_mode":false,"campfire_choices":[{"data":"Mind Blast","floor":6,"key":"SMITH"},{"floor":10,"key":"REST"},{"floor":15,"key":"REST"},{"floor":23,"key":"REST"},{"data":"Enlightenment","floor":28,"key":"SMITH"},{"floor":30,"key":"REST"}],"circlet_count":0,"master_deck":["Strike_G","Strike_G","Strike_G","Strike_G","Defend_G+1","Defend_G+1","Defend_G+1","Defend_G+1","Defend_G+1","Survivor","Neutralize","Mind Blast+1","ReplayTheSpireMod:The Works","Poisoned Stab","Enlightenment+1","Poisoned Stab+1","Sneak Up+1","expansioncontent:DecasProtection","Hidden Blade","Atom Bomb","Underhanded Strike+1","Infinite Blades","ReplayTheSpireMod:Scrap Shanks","Flying Knee","Envenom","Deadly Poison"],"relics":["Sizzling Blood","infinitespire:Eraser","Replay:Bottled Eggs","infinitespire:Golems Mask","SacredBark","Vampiric Spirits","Cleaning_Rag"],"acts_visited":["Exordium","TheCity"],"potions_floor_usage":[7,16,25,33,33,33],"damage_taken":[{"damage":5,"enemies":"Jaw Worm","floor":1,"turns":4},{"damage":3,"enemies":"2 Louse","floor":2,"turns":4},{"damage":10,"enemies":"Small Slimes","floor":7,"turns":4},{"damage":28,"enemies":"Lagavulin","floor":8,"turns":8},{"damage":12,"enemies":"Looter","floor":13,"turns":5},{"damage":60,"enemies":"Slime Boss","floor":16,"turns":12},{"damage":27,"enemies":"Spheric Guardian","floor":18,"turns":6},{"damage":13,"enemies":"Centurion and Healer","floor":21,"turns":10},{"damage":12,"enemies":"Snake Plant","floor":25,"turns":1},{"damage":62,"enemies":"3 Cultists","floor":29,"turns":7},{"damage":38,"enemies":"Centurion and Healer","floor":31,"turns":8},{"damage":59,"enemies":"Collector","floor":33,"turns":6}],"seed_played":"151599017708187380","potions_obtained":[{"floor":1,"key":"FearPotion"},{"floor":7,"key":"Fruit Juice"},{"floor":13,"key":"sneckomod:MuddlingPotion"},{"floor":16,"key":"Strength Potion"},{"floor":21,"key":"Death Potion"},{"floor":29,"key":"BlessingOfTheForge"}],"is_trial":false,"path_per_floor":["M","M","?","?","$","R","M","E","T","R","$","?","M","T","R","B",null,"M","?","$","M","AVR","R","?","M","T","?","R","M","R","M","R","B"],"character_chosen":"THE_SILENT","items_purchased":["expansioncontent:DecasProtection","Infinite Blades"],"campfire_rested":4,"item_purchase_floors":[11,20],"current_hp_per_floor":[65,62,68,72,72,72,71,47,47,72,72,72,64,64,85,29,85,62,62,62,53,53,78,78,74,74,74,74,24,49,15,40,0,0],"gold":75,"neow_bonus":"RANDOM_COLORLESS","is_daily":false,"chose_seed":false,"campfire_upgraded":2,"win_rate":0.0,"timestamp":1610055161,"path_taken":["M","M","?","?","$","R","M","E","T","R","?","?","M","?","R","BOSS","M","?","$","M","AVR","R","?","M","T","?","R","?","R","M","R","BOSS"],"items_purchased_type":["Card","Card"],"build_version":"2020-12-22","purchased_purges":0,"victory":false,"max_hp_per_floor":[70,70,76,80,80,80,85,85,85,85,85,85,85,85,85,85,85,85,85,85,85,85,85,85,85,85,85,85,85,85,85,85,85,85],"card_choices":[{"not_picked":["Impatience","Swift Strike"],"picked":"Mind Blast","floor":0},{"not_picked":["Reflex","Backflip"],"picked":"ReplayTheSpireMod:The Works","floor":1},{"not_picked":["ReplayTheSpireMod:Speed Training","Quick Slash"],"picked":"Poisoned Stab","floor":2},{"not_picked":["Dagger Throw","Dash"],"picked":"Poisoned Stab","floor":7},{"not_picked":["Expertise","Backflip"],"picked":"Sneak Up","floor":8},{"not_picked":["Catalyst","Backflip"],"picked":"Hidden Blade","floor":13},{"not_picked":["Envenom","A Thousand Cuts"],"picked":"Atom Bomb","floor":16},{"not_picked":["Calculated Gamble+1","Dodge and Roll"],"picked":"Underhanded Strike+1","floor":18},{"not_picked":["Flechettes","Quick Slash"],"picked":"ReplayTheSpireMod:Scrap Shanks","floor":21},{"not_picked":["Deflect+1","Blur"],"picked":"Flying Knee","floor":25},{"not_picked":["ReplayTheSpireMod:Scrap Shanks","Acrobatics"],"picked":"Envenom","floor":29},{"not_picked":["Dagger Spray","Sucker Punch"],"picked":"Deadly Poison","floor":31}],"player_experience":54927,"relics_obtained":[{"floor":8,"key":"infinitespire:Eraser"},{"floor":9,"key":"Replay:Bottled Eggs"},{"floor":14,"key":"infinitespire:Golems Mask"},{"floor":26,"key":"Cleaning_Rag"}],"event_choices":[{"damage_healed":0,"gold_gain":0,"player_choice":"RENOUNCE","damage_taken":133,"max_hp_gain":0,"max_hp_loss":0,"event_name":"betterThird:BetterSerpent","floor":3,"gold_loss":133,"cards_obtained":["Enlightenment"]},{"cards_removed":["Strike_G"],"damage_healed":0,"gold_gain":0,"player_choice":"Gave Gold","damage_taken":0,"max_hp_gain":0,"max_hp_loss":0,"event_name":"Beggar","floor":19,"gold_loss":75},{"damage_healed":0,"gold_gain":0,"player_choice":"Ignored","damage_taken":0,"max_hp_gain":0,"max_hp_loss":0,"event_name":"Ghosts","floor":24,"gold_loss":0},{"damage_healed":0,"gold_gain":0,"player_choice":"Ignored","damage_taken":0,"max_hp_gain":0,"max_hp_loss":0,"event_name":"The Mausoleum","floor":27,"gold_loss":0}],"is_beta":false,"boss_relics":[{"not_picked":["Ring of Chaos","ChewingGum"],"picked":"SacredBark"}],"items_purged_floors":[],"is_endless":false,"potions_floor_spawned":[1,7,13,16,21,29],"killed_by":"Collector","ascension_level":0}}