{"host":"6gwm7y0tp7acoxay","time":1610018012,"event":{"mods":["BaseMod","Colored Map","Keyboard Shortcuts","Minty Spire (QoL Compilation)","Quick Restart","StSLib","SuperFastMode","everything is the same but u backflip on backflip"],"gold_per_floor":[115,165,177,193,193,193,219,252,290,331,376,277,302,321,321,399,399,414,339,132,182,182,213,240,271,296,327,327,327,352,352,352,431,481,494,494,282,282,219,247,261,296,296,314,204,224,256,291,291,291,291,291,291,130,157,157],"floor_reached":57,"playtime":1888,"items_purged":["Spot Weakness","Rampage","Metallicize","Headbutt+1"],"score":4146,"play_id":"bba7f4b9-dd99-45e6-a13e-6739f4198b1e","local_time":"20210107201332","daily_mods":["SealedDeck","Heirloom","Flight"],"is_ascension_mode":true,"campfire_choices":[{"data":"Armaments","floor":6.0,"key":"SMITH"},{"data":"True Grit","floor":15,"key":"SMITH"},{"floor":28,"key":"RECALL"},{"data":"Offering","floor":29,"key":"SMITH"},{"data":"Feel No Pain","floor":32,"key":"SMITH"},{"data":"Disarm","floor":49,"key":"SMITH"},{"data":"Evolve","floor":53,"key":"SMITH"}],"circlet_count":0,"master_deck":["AscendersBane","Battle Trance","Uppercut+1","Feel No Pain+1","Disarm+1","Body Slam","Armaments+1","Barricade","Offering+1","Shrug It Off","True Grit+1","Double Tap","Shockwave","Evolve+1","Power Through","Second Wind","Impervious","Immolate"],"relics":["Burning Blood","TungstenRod","Bag of Marbles","MawBank","Dream Catcher","Thread and Needle","Centennial Puzzle","Sozu","Membership Card","Ancient Tea Set","Bottled Lightning","Art of War","Nunchaku","Sundial","Unceasing Top","MutagenicStrength","Tiny House","Omamori","HandDrill","Toy Ornithopter","Happy Flower","Strawberry","Blood Vial","Regal Pillow","Bronze Scales","Oddly Smooth Stone"],"acts_visited":["Exordium","TheCity","TheBeyond","TheEnding"],"potions_floor_usage":[56,56],"damage_taken":[{"damage":0.0,"enemies":"2 Louse","floor":1.0,"turns":1.0},{"damage":3.0,"enemies":"Cultist","floor":3.0,"turns":3.0},{"damage":3.0,"enemies":"Small Slimes","floor":4.0,"turns":3.0},{"damage":6.0,"enemies":"3 Sentries","floor":7.0,"turns":6.0},{"damage":0.0,"enemies":"Lagavulin","floor":8.0,"turns":7.0},{"damage":28.0,"enemies":"Gremlin Nob","floor":10.0,"turns":4.0},{"damage":7.0,"enemies":"3 Sentries","floor":11.0,"turns":5.0},{"damage":5,"enemies":"Lagavulin","floor":13,"turns":6},{"damage":12,"enemies":"Exordium Wildlife","floor":14,"turns":2},{"damage":6,"enemies":"Hexaghost","floor":16,"turns":8},{"damage":5,"enemies":"Spheric Guardian","floor":18,"turns":3},{"damage":5,"enemies":"Book of Stabbing","floor":23,"turns":6},{"damage":5,"enemies":"Gremlin Leader","floor":24,"turns":6},{"damage":5,"enemies":"Slavers","floor":25,"turns":1},{"damage":5,"enemies":"Gremlin Leader","floor":27,"turns":4},{"damage":5,"enemies":"Book of Stabbing","floor":30,"turns":4},{"damage":5,"enemies":"Collector","floor":33,"turns":6},{"damage":5,"enemies":"3 Darklings","floor":35,"turns":4},{"damage":5,"enemies":"Nemesis","floor":40,"turns":5},{"damage":5,"enemies":"3 Shapes","floor":41,"turns":1},{"damage":5,"enemies":"Giant Head","floor":42,"turns":4},{"damage":5,"enemies":"3 Darklings","floor":44,"turns":1},{"damage":5,"enemies":"4 Shapes","floor":46,"turns":3},{"damage":5,"enemies":"Nemesis","floor":47,"turns":5},{"damage":5,"enemies":"Giant Head","floor":48,"turns":3},{"damage":5,"enemies":"Awakened One","floor":50,"turns":9},{"damage":5,"enemies":"Time Eater","floor":51,"turns":7},{"damage":5,"enemies":"Shield and Spear","floor":55,"turns":5},{"damage":7,"enemies":"The Heart","floor":56,"turns":8}],"seed_played":"1568839806655580507","potions_obtained":[{"floor":3.0,"key":"EssenceOfSteel"},{"floor":4.0,"key":"ColorlessPotion"},{"floor":14,"key":"Strength Potion"}],"is_trial":true,"path_per_floor":["M","?","M","M","?","R","E","E","T","E","E","$","E","M","R","B",null,"M","?","$","?","?","E","E","E","T","E","R","R","E","?","R","B",null,"M","?","$","?","$","E","M","E","T","M","?","M","E","E","R","B","B",null,"R","$","E","B",null],"character_chosen":"IRONCLAD","items_purchased":["Shrug It Off","True Grit","Membership Card","Omamori","HandDrill","Bronze Scales"],"campfire_rested":0,"item_purchase_floors":[12,12,20,37,37,54],"current_hp_per_floor":[74,74,75,75,80,80,80,80,80,58,57,57,58,52,52,52,73,74,74,74,74,74,75,76,77,77,78,78,78,79,79,79,80,85,85,85,85,85,85,85,85,85,92,92,92,92,92,92,92,92,92,92,92,92,92,91],"gold":157,"neow_bonus":"","is_daily":false,"chose_seed":false,"campfire_upgraded":6,"win_rate":0.0,"timestamp":1610018012,"path_taken":["M","?","?","M","?","R","E","E","T","E","E","?","E","M","R","BOSS","M","?","$","?","?","E","E","E","T","E","R","R","E","?","R","BOSS","M","?","$","?","$","E","M","E","T","?","?","M","E","E","R","BOSS","BOSS","R","$","E","BOSS"],"items_purchased_type":["Card","Card","Relic","Relic","Relic","Relic"],"build_version":"2020-12-22","purchased_purges":4,"victory":true,"max_hp_per_floor":[75,75,75,75,80,80,80,80,80,80,80,80,80,80,80,80,80,80,80,80,80,80,80,80,80,80,80,80,80,80,80,80,80,85,85,85,85,85,85,85,85,85,92,92,92,92,92,92,92,92,92,92,92,92,92,92],"card_choices":[{"not_picked":["Anger","Armaments","Metallicize"],"picked":"SKIP","floor":1.0},{"not_picked":["Anger","Armaments"],"picked":"Metallicize","floor":1.0},{"not_picked":["Dropkick","Havoc"],"picked":"Flame Barrier","floor":3.0},{"not_picked":["Clash","Perfected Strike","Sever Soul"],"picked":"SKIP","floor":4.0},{"not_picked":["Rampage","Iron Wave","Anger"],"picked":"SKIP","floor":7.0},{"not_picked":["Iron Wave","Anger"],"picked":"Rampage","floor":7.0},{"not_picked":["Metallicize","Pommel Strike"],"picked":"Barricade","floor":8.0},{"not_picked":["Iron Wave","Wild Strike","Uppercut"],"picked":"SKIP","floor":10.0},{"not_picked":["Rupture","Reckless Charge"],"picked":"Offering","floor":11.0},{"not_picked":["Offering","Iron Wave","Headbutt"],"picked":"SKIP","floor":13},{"not_picked":["Shrug It Off","Thunderclap","True Grit"],"picked":"SKIP","floor":14},{"not_picked":["Immolate","Fiend Fire"],"picked":"Double Tap","floor":16},{"not_picked":["Anger","True Grit"],"picked":"Shockwave","floor":18},{"not_picked":["Rupture+1","Uppercut"],"picked":"Evolve","floor":23},{"not_picked":["Intimidate","Shrug It Off+1"],"picked":"Power Through","floor":24},{"not_picked":["Shrug It Off","Rupture","Anger"],"picked":"SKIP","floor":25},{"not_picked":["Reckless Charge","Shockwave+1"],"picked":"Second Wind","floor":27},{"not_picked":["Dark Embrace","Flex","Flame Barrier"],"picked":"SKIP","floor":30},{"not_picked":["Fiend Fire","Juggernaut"],"picked":"Impervious","floor":33},{"not_picked":["Heavy Blade+1","Dark Embrace","Shockwave"],"picked":"SKIP","floor":35},{"not_picked":["Heavy Blade","Flex","Perfected Strike"],"picked":"SKIP","floor":40},{"not_picked":["Reckless Charge","Combust","Iron Wave"],"picked":"SKIP","floor":41},{"not_picked":["Warcry+1","Brutality"],"picked":"Immolate","floor":42},{"not_picked":["Clash","Wild Strike+1","True Grit"],"picked":"SKIP","floor":44},{"not_picked":["Iron Wave","Inflame","Perfected Strike"],"picked":"SKIP","floor":46},{"not_picked":["Inflame","Clash","Wild Strike+1"],"picked":"SKIP","floor":47},{"not_picked":["Infernal Blade","Headbutt+1","Power Through"],"picked":"SKIP","floor":48},{"not_picked":["Sword Boomerang","True Grit","Sentinel"],"picked":"SKIP","floor":55}],"player_experience":4372610,"relics_obtained":[{"floor":7.0,"key":"Bag of Marbles"},{"floor":8.0,"key":"MawBank"},{"floor":10.0,"key":"Dream Catcher"},{"floor":11.0,"key":"Thread and Needle"},{"floor":13,"key":"Centennial Puzzle"},{"floor":23,"key":"Ancient Tea Set"},{"floor":24,"key":"Bottled Lightning"},{"floor":25,"key":"Art of War"},{"floor":26,"key":"Nunchaku"},{"floor":27,"key":"Sundial"},{"floor":30,"key":"Unceasing Top"},{"floor":40,"key":"Toy Ornithopter"},{"floor":42,"key":"Happy Flower"},{"floor":43,"key":"Strawberry"},{"floor":47,"key":"Blood Vial"},{"floor":48,"key":"Regal Pillow"},{"floor":55,"key":"Oddly Smooth Stone"}],"event_choices":[{"damage_healed":0.0,"max_hp_gain":0.0,"max_hp_loss":0.0,"gold_gain":50.0,"event_name":"Golden Shrine","player_choice":"Pray","floor":2.0,"gold_loss":0.0,"damage_taken":0.0},{"damage_healed":0.0,"max_hp_gain":5.0,"max_hp_loss":0.0,"gold_gain":0.0,"event_name":"Big Fish","player_choice":"Donut","floor":5.0,"gold_loss":0.0,"damage_taken":0.0},{"cards_removed":["Flex"],"damage_healed":0,"gold_gain":0,"player_choice":"Gave Gold","damage_taken":0,"max_hp_gain":0,"max_hp_loss":0,"event_name":"Beggar","floor":19,"gold_loss":75},{"damage_healed":0,"gold_gain":50,"player_choice":"Stole From Cult","damage_taken":0,"max_hp_gain":0,"max_hp_loss":0,"event_name":"Nest","floor":21,"gold_loss":0},{"damage_healed":0,"gold_gain":0,"player_choice":"Ignored","damage_taken":0,"max_hp_gain":0,"max_hp_loss":0,"event_name":"The Mausoleum","floor":22,"gold_loss":0},{"damage_healed":0,"gold_gain":0,"player_choice":"Inject Mutagens","damage_taken":0,"relics_obtained":["MutagenicStrength"],"max_hp_gain":0,"max_hp_loss":0,"event_name":"Drug Dealer","floor":31,"gold_loss":0},{"cards_removed":["Flame Barrier"],"damage_healed":0,"gold_gain":0,"player_choice":"Removed Skill","damage_taken":0,"max_hp_gain":0,"max_hp_loss":0,"event_name":"Falling","floor":36,"gold_loss":0},{"damage_healed":0,"gold_gain":0,"player_choice":"Ignored","damage_taken":0,"max_hp_gain":0,"max_hp_loss":0,"event_name":"Tomb of Lord Red Mask","floor":38,"gold_loss":0},{"cards_removed":["Whirlwind"],"damage_healed":0,"gold_gain":0,"player_choice":"Upgrade and Remove","damage_taken":0,"max_hp_gain":0,"max_hp_loss":0,"event_name":"Designer","floor":45,"gold_loss":110,"cards_upgraded":["Uppercut"]}],"is_beta":false,"boss_relics":[{"not_picked":["Philosopher\u0027s Stone","Velvet Choker"],"picked":"Sozu"},{"not_picked":["Runic Cube","Cursed Key"],"picked":"Tiny House"}],"items_purged_floors":[20,37,39,54],"is_endless":false,"potions_floor_spawned":[3,4,7,14,16,23,24,33,35,42,46,48],"ascension_level":20}}