{"host":"i9h64q9gphvrup4n","time":1610047889,"event":{"mods":["2.2 Compatiblity","AchievementEnabler","Aspiration","Astrologer","Bard","BaseMod","Beaked The Cultist","BetterRewards","Colored Powertips","Conspire","Downfall","Gremlin Mod","Hermit","Hubris","Infinite Spire","Jorbs\u0027s Wanderer Trilogy","Minty Spire (QoL Compilation)","Replay The Spire","Shop Mod","StSLib","SuperFastMode","The Blackbeard","The Bladedancer","The Bug Knight","The Construct","The Cursed","The Disciple","The Hierophant","The Jungle","The Necromancer","The Runesmith","The Wild Card","slay the spire mod where everything is the same but ironclad has a cowboy hat","vexMod"],"gold_per_floor":[118,118,133,149,149,189,189,229,281,281,325,346,377,390,390,514,514,529,570,570,30,30,73,87,131,156,195,195,211,311,331,331,452,452,471,33,33,49,67,105,105,120,120,154,154,154,154,217,217,217,217,217,10,51,51,51],"floor_reached":55,"playtime":2522,"items_purged":["hubris:Despair","Finger_Of_Death"],"score":1309,"play_id":"2f2f80b2-b002-4328-8805-b7e16ac3f70d","local_time":"20210107133129","is_ascension_mode":true,"campfire_choices":[{"floor":15,"key":"REST"},{"floor":28,"key":"REST"},{"floor":41,"key":"RECALL"},{"data":"Gremlin:Nob","floor":47,"key":"SMITH"},{"data":"Gremlin:TwistTheKnife+1","floor":49,"key":"SMITH"},{"data":"Gremlin:Nob+1","floor":52,"key":"SMITH"}],"circlet_count":0,"master_deck":["Gremlin:Strike+1","Gremlin:Strike","Gremlin:Strike","Gremlin:Strike","Gremlin:Defend","Gremlin:Defend","Gremlin:Defend","Gremlin:Defend","Gremlin:TagTeam","Gremlin:GremlinDance","Gremlin:IrksomeBlow","Gremlin:Irritability","Gremlin:BulkUp","Summon_Undead","Gremlin:PartyStick","Gremlin:Wizardry","Storm of Steel","Gremlin:Nob+2","Gremlin:BubbleBarrier+1","Gremlin:SharpenBlades","Gremlin:InfiniteBlocks","Gremlin:Flurry","Pot Of Greed+1","Pot Of Greed","Pot Of Greed","expansioncontent:AwakenDeath","RitualDagger","Gremlin:Wizardry","Gremlin:Pinprick+1","Gremlin:Pretaliation+1","Gremlin:Irritability","Gremlin:TwistTheKnife+2","Gremlin:CatScratch","Gremlin:Nob+1","Gremlin:Revel+1","Gremlin:Pinprick","expansioncontent:QuickStudy","Dramatic Entrance","Pot Of Greed","Gremlin:Pinprick+1","Gremlin:Polish+1","Gremlin:PinNeedle","Gremlin:TargetWeakness+1","Gremlin:ToeStub","Gremlin:Heckle","Gremlin:TwistTheKnife","Gremlin:Wizardry","Gremlin:Pretaliation+1"],"relics":["Gremlin:GremlinKnob","aspiration:Nostalgia","m_SerpentRing","hubris:DisguiseKit","Golden Idol","Orichalcum","hubris:Metronome","Ninja Scroll","Oddly Smooth Stone","ChewingGum","Red Mask","Membership Card","Grinning Jar","construct:RocketBooster","hubris:ToyBattleship","conspire:InfiniteJournal","PreservedInsect","Replay:Wax Seal","conspire:SpecialSausage","Replay:Baseball","vexMod:BarristanHead","hubris:EmptyBottle","Incense Burner","Meat on the Bone","infinitespire:Lychee Nut","hubris:Towel","FossilizedHelix","Bottled Lightning","hubris:CrystalStatue"],"acts_visited":["Exordium","TheCity","TheBeyond","TheEnding"],"potions_floor_usage":[16,16,27,31,33,33,50,50,50,50,50,50,54,55,55,55],"damage_taken":[{"damage":0,"enemies":"2 Louse","floor":1,"turns":3},{"damage":2,"enemies":"Small Slimes","floor":3,"turns":2},{"damage":4,"enemies":"Jaw Worm","floor":4,"turns":3},{"damage":40,"enemies":"Lagavulin","floor":6,"turns":11},{"damage":28,"enemies":"Gremlin Nob","floor":8,"turns":6},{"damage":22,"enemies":"3 Sentries","floor":11,"turns":11},{"damage":0,"enemies":"Blue Slaver","floor":12,"turns":1},{"damage":0,"enemies":"Lagavulin","floor":13,"turns":1},{"damage":0,"enemies":"Large Slime","floor":14,"turns":1},{"damage":19,"enemies":"Slime Boss","floor":16,"turns":4},{"damage":10,"enemies":"3 Byrds","floor":18,"turns":4},{"damage":0,"enemies":"Masked Bandits","floor":19,"turns":5},{"damage":16,"enemies":"Book of Stabbing","floor":23,"turns":4},{"damage":0,"enemies":"2 Thieves","floor":24,"turns":2},{"damage":0,"enemies":"Slavers","floor":25,"turns":2},{"damage":0,"enemies":"Gremlin Leader","floor":27,"turns":3},{"damage":0,"enemies":"Shelled Parasite and Fungi","floor":29,"turns":2},{"damage":14,"enemies":"3 Cultists","floor":31,"turns":6},{"damage":7,"enemies":"conspire:MysteriousRune","floor":33,"turns":5},{"damage":0,"enemies":"Orb Walker","floor":35,"turns":1},{"damage":0,"enemies":"3 Darklings","floor":38,"turns":1},{"damage":0,"enemies":"Jaw Worm Horde","floor":39,"turns":1},{"damage":0,"enemies":"Reptomancer","floor":40,"turns":1},{"damage":8,"enemies":"4 Shapes","floor":42,"turns":1},{"damage":0,"enemies":"HollowMod:StalkingDevout","floor":44,"turns":3},{"damage":0,"enemies":"Mind Bloom Boss Battle","floor":48,"turns":1},{"damage":31,"enemies":"infinitespire:MassOfShapes","floor":50,"turns":11},{"damage":0,"enemies":"Shield and Spear","floor":54,"turns":4},{"damage":127,"enemies":"The Heart","floor":55,"turns":9}],"seed_played":"-2120449502807532371","potions_obtained":[{"floor":4,"key":"Weak Potion"},{"floor":8,"key":"Strength Potion"},{"floor":12,"key":"Swift Potion"},{"floor":23,"key":"LiquidBronze"},{"floor":25,"key":"infinitespire:BlackPotion"},{"floor":27,"key":"LifebloodPotion"},{"floor":31,"key":"Ancient Potion"},{"floor":33,"key":"BlessingOfTheForge"},{"floor":38,"key":"AttackPotion"},{"floor":40,"key":"Fire Potion"},{"floor":54,"key":"Slimebound:ThreeZeroPotion"}],"is_trial":false,"path_per_floor":["M","?","M","M","?","E","R","E","T","R","E","M","E","M","R","B",null,"M","?","?","$","?","E","M","E","T","E","R","M","?","M","R","B",null,"M","$","?","M","M","E","R","M","T","E","R","?","R","?","R","B",null,"R","$","E","B"],"character_chosen":"GREMLIN","items_purchased":["Membership Card","Gremlin:InfiniteBlocks","Gremlin:Flurry","Grinning Jar","construct:RocketBooster","expansioncontent:AwakenDeath","Replay:Baseball","vexMod:BarristanHead","hubris:EmptyBottle","Gremlin:Pinprick","expansioncontent:QuickStudy","Dramatic Entrance","Gremlin:TwistTheKnife","Gremlin:Wizardry","Bottled Lightning","Adrenaline Potion"],"campfire_rested":2,"item_purchase_floors":[21,21,21,21,21,21,36,36,36,36,36,36,53,53,53,53],"current_hp_per_floor":[20,20,18,18,18,6,6,18,18,17,5,5,5,5,10,17,17,7,7,7,7,5,8,15,8,8,8,13,13,13,11,11,13,15,15,15,16,17,16,17,17,15,15,15,15,15,15,15,15,8,13,13,13,15,0,0],"gold":51,"neow_bonus":"NOSTALGIA","is_daily":false,"chose_seed":false,"campfire_upgraded":3,"win_rate":0.0,"timestamp":1610047889,"path_taken":["M","?","M","M","?","E","R","E","T","R","E","M","E","M","R","BOSS","M","?","?","$","?","E","M","E","T","E","R","M","?","M","R","BOSS","M","$","?","M","M","E","R","M","T","E","R","?","R","?","R","BOSS","R","$","E","BOSS"],"items_purchased_type":["Relic","Card","Card","Relic","Relic","Card","Relic","Relic","Relic","Card","Card","Card","Card","Card","Relic","Potion"],"build_version":"2020-12-22","purchased_purges":2,"victory":false,"max_hp_per_floor":[20,20,20,20,19,19,18,18,18,17,17,17,17,17,17,17,17,17,17,17,17,17,17,17,17,17,17,17,17,17,17,16,16,16,16,16,17,17,17,17,17,17,17,16,15,15,15,15,15,15,15,15,15,15,15,15],"card_choices":[{"not_picked":["Gremlin:DaggerDance","Gremlin:Revel"],"picked":"Gremlin:IrksomeBlow","floor":1},{"not_picked":["Gremlin:Tadah","Gremlin:FollowThrough","Death_Coil"],"picked":"Gremlin:Irritability","floor":3},{"not_picked":["Gremlin:BurlyBlow","Gremlin:Tadah","Bone_Armor"],"picked":"Gremlin:BulkUp","floor":4},{"not_picked":["Gremlin:Polish","Gremlin:Patsy","Gremlin:FeelTheAudience"],"picked":"Finger_Of_Death","floor":6},{"not_picked":["Cloak And Dagger","Gremlin:GremlinOffensive","Gremlin:MakeshiftArmor"],"picked":"Summon_Undead","floor":8},{"not_picked":["Finisher","Gremlin:Whiz","Whirlwind_of_Bones"],"picked":"Gremlin:PartyStick","floor":11},{"not_picked":["Choke","Gremlin:PourSalt","Consume_Illness"],"picked":"Gremlin:Wizardry","floor":12},{"not_picked":["Gremlin:Dazzle","Gremlin:Glimmer","Whirlwind_of_Bones"],"picked":"Storm of Steel","floor":13},{"not_picked":["Gremlin:Tricksy","Gremlin:EdibleArmor","Gremlin:BulkUp","Negative_Energy_Sphere"],"picked":"SKIP","floor":14},{"not_picked":["Gremlin:TargetWeakness","Gremlin:Duplicate","Requiem"],"picked":"Gremlin:Nob","floor":16},{"not_picked":["Gremlin:Tricksy+1","Gremlin:GremlinMeal","Negative_Energy_Mist"],"picked":"Gremlin:BubbleBarrier+1","floor":18},{"not_picked":["Gremlin:GremlinMeal","Gremlin:Raid","Bone_Shift"],"picked":"Gremlin:SharpenBlades","floor":19},{"not_picked":["Gremlin:Tricksy","Gremlin:GremlinMeal","Chill_Blood"],"picked":"Gremlin:Wizardry","floor":23},{"not_picked":["Gremlin:AggressiveDefense","Gremlin:ShowStopper","Blood_Curse"],"picked":"Gremlin:Pinprick","floor":24},{"not_picked":["Gremlin:Erupt","Gremlin:BurlyBlow","Bone_Shift"],"picked":"Gremlin:Pretaliation","floor":25},{"not_picked":["Gremlin:FlipOut","Gremlin:Rhythm","Negative_Energy_Sphere"],"picked":"Gremlin:Irritability","floor":27},{"not_picked":["Gremlin:RageBreak","Gremlin:SharpenBlades","Bone_Armor"],"picked":"Gremlin:TwistTheKnife+1","floor":29},{"not_picked":["Gremlin:GremlinArms","Gremlin:Tricksy","Finger_Of_Death"],"picked":"Gremlin:CatScratch","floor":31},{"not_picked":["Gremlin:Erupt","Gremlin:FlipOut","Requiem"],"picked":"Gremlin:Nob","floor":33},{"not_picked":["Gremlin:BubbleBarrier+1","Gremlin:Tricksy","Negative_Energy_Burst"],"picked":"Gremlin:Revel+1","floor":35},{"not_picked":["Gremlin:Wizardry+1","Gremlin:AggressiveDefense+1","Scare"],"picked":"Gremlin:Pinprick+1","floor":38},{"not_picked":["Gremlin:Tricksy","Gremlin:GremlinMeal+1","Plague_Bolt"],"picked":"Gremlin:Polish+1","floor":39},{"not_picked":["Gremlin:Tadah","Gremlin:GremlinArms+1","Exploit"],"picked":"Gremlin:PinNeedle","floor":40},{"not_picked":["Gremlin:CounterStrike","Gremlin:Whiz+1","Chill_Blood"],"picked":"Gremlin:TargetWeakness","floor":42},{"not_picked":["Gremlin:PourSalt+1","Gremlin:Astound","Blood_Shield"],"picked":"Gremlin:ToeStub","floor":44},{"not_picked":["Gremlin:ShowOfHands","Gremlin:MakeshiftArmor+1","Bone_Shift"],"picked":"Gremlin:Heckle","floor":48},{"not_picked":["Gremlin:Mockery","Gremlin:FanOfKnives","Shackles_Of_Pain"],"picked":"Gremlin:Pretaliation+1","floor":54}],"player_experience":683754,"relics_obtained":[{"floor":6,"key":"Orichalcum"},{"floor":8,"key":"hubris:Metronome"},{"floor":11,"key":"Ninja Scroll"},{"floor":13,"key":"Oddly Smooth Stone"},{"floor":19,"key":"Red Mask"},{"floor":23,"key":"hubris:ToyBattleship"},{"floor":25,"key":"conspire:InfiniteJournal"},{"floor":26,"key":"PreservedInsect"},{"floor":27,"key":"Replay:Wax Seal"},{"floor":40,"key":"Incense Burner"},{"floor":43,"key":"Meat on the Bone"},{"floor":44,"key":"infinitespire:Lychee Nut"},{"floor":48,"key":"FossilizedHelix"},{"floor":54,"key":"hubris:CrystalStatue"}],"event_choices":[{"damage_healed":0,"gold_gain":0,"player_choice":"Lose Max HP","damage_taken":0,"relics_obtained":["Golden Idol"],"max_hp_gain":0,"max_hp_loss":1,"event_name":"Golden Idol","floor":5,"gold_loss":0},{"damage_healed":0,"gold_gain":0,"player_choice":"Fought Bandits","damage_taken":0,"max_hp_gain":0,"max_hp_loss":0,"event_name":"Masked Bandits","floor":19,"gold_loss":0},{"damage_healed":0,"gold_gain":0,"player_choice":"Ignored","damage_taken":0,"max_hp_gain":0,"max_hp_loss":0,"event_name":"Ghosts","floor":20,"gold_loss":0},{"damage_healed":0,"gold_gain":0,"player_choice":"Joined the Cult","damage_taken":6,"max_hp_gain":0,"max_hp_loss":0,"event_name":"Nest","floor":22,"gold_loss":0,"cards_obtained":["RitualDagger"]},{"damage_healed":0,"gold_gain":100,"player_choice":"Pray","damage_taken":0,"max_hp_gain":0,"max_hp_loss":0,"event_name":"Golden Shrine","floor":30,"gold_loss":0},{"damage_healed":0,"gold_gain":0,"player_choice":"Fight","damage_taken":0,"max_hp_gain":0,"max_hp_loss":0,"event_name":"MindBloom","floor":48,"gold_loss":0}],"is_beta":false,"boss_relics":[{"not_picked":["infinitespire:Cupcake","SacredBark"],"picked":"ChewingGum"},{"not_picked":["hubris:BlackHole","hubris:TerracottaHorce"],"picked":"conspire:SpecialSausage"}],"items_purged_floors":[21,36],"is_endless":false,"potions_floor_spawned":[4,8,12,14,23,25,27,31,33,38,39,40,48,54],"killed_by":"The Heart","ascension_level":6}}