{"host":"87fdiiwflhrwsj8a","time":1610000464,"event":{"mods":["Aspiration","BaseMod","Better Match","Better Third Choice","BetterRewards","Colored Map","Conspire","GifTheSpireLib","Infinite Spire","Minty Spire (QoL Compilation)","Quick Restart","Relic Sorter","Replay The Spire","Robot Space Explorer","StSLib","Stuff the Spire","The Alterego","The Cursed","The Jungle"],"gold_per_floor":[114,114,114,114,389,418,418,436,460,494,494,512,542,553,553,630,630,640,640,640,655,655,680,680,711,711,728,728,728,728,746,746,825,825,839,852,863,788,768,768,335,335,362,362,389,389,407,439,439,510,583,583,581,592,592,599,606,613,613,623,649,671,669,684,696,728,740,795,807,829,847,870,882,895,916,928,963,975,988,1009,1036,398,417,417,451,451,459,459,460,461,461,461,482,482,482,176,197,197,199,162,162,203,238,238,246,246,259,267,267,286,286,306,332,358,358,376,386,408,408,427,427,427],"floor_reached":121,"playtime":8225,"items_purged":[],"score":7383,"play_id":"5e0ac717-64b5-4a12-830f-fd61895fd3e1","local_time":"20210107012104","is_ascension_mode":true,"campfire_choices":[{"data":"Zap","floor":7.0,"key":"SMITH"},{"data":"StuffTheSpire:Synthwave","floor":11.0,"key":"SMITH"},{"data":"Regret","floor":15.0,"key":"PURGE"},{"floor":24.0,"key":"REST"},{"floor":28.0,"key":"REST"},{"data":"Mirror Shield","floor":30.0,"key":"SMITH"},{"floor":32.0,"key":"REST"},{"data":"infinitespire:UltimateForm","floor":40.0,"key":"SMITH"},{"data":"infinitespire:Collect","floor":46.0,"key":"SMITH"},{"data":"Seek","floor":46.0,"key":"SMITH"},{"floor":49.0,"key":"DIG"},{"data":"ReplayRNGCard","floor":59.0,"key":"SMITH"},{"data":"ReplayRNGCard","floor":59.0,"key":"SMITH"},{"data":"Loop","floor":67.0,"key":"SMITH"},{"data":"Capacitor","floor":67.0,"key":"SMITH"},{"floor":84.0,"key":"DIG"},{"data":"infinitespire:FutureSight","floor":92.0,"key":"SMITH"},{"data":"Double Energy","floor":92.0,"key":"SMITH"},{"data":"infinitespire:FutureSight","floor":94.0,"key":"SMITH"},{"data":"Loop","floor":94.0,"key":"SMITH"},{"data":"infinitespire:UltimateForm+1","floor":101.0,"key":"SMITH"},{"data":"infinitespire:UltimateForm+2","floor":101.0,"key":"SMITH"},{"data":"Loop+1","floor":111,"key":"SMITH"},{"data":"infinitespire:UltimateForm+3","floor":111,"key":"SMITH"},{"data":"Defragment","floor":115,"key":"SMITH"},{"data":"Defragment+1","floor":115,"key":"SMITH"},{"data":"infinitespire:UltimateForm+4","floor":119,"key":"SMITH"},{"data":"infinitespire:UltimateForm+5","floor":119,"key":"SMITH"}],"circlet_count":0,"master_deck":["AscendersBane","Defend_B","Defend_B+1","Defend_B","Zap+1","Dualcast+1","Gash","Glacier","StuffTheSpire:Synthwave+1","Loop+2","StuffTheSpire:Plugnplay","Mirror Shield+1","Rebound+1","Barrage+1","infinitespire:UltimateForm+6","CurseOfTheBell","Defragment","Chill","Seek+1","Coolheaded+1","Capacitor+1","infinitespire:Collect+1","infinitespire:Fortify","Gash+1","FIFO Queue","ReplayRNGCard+1","ReplayRNGCard+1","Barrage+1","ReplayRNGCard","Reinforced Body","StuffTheSpire:ForEach","Electrodynamics","Steam+1","Amplify","infinitespire:FutureSight+1","infinitespire:Punishment","StuffTheSpire:Synthwave","StuffTheSpire:Synthwave","Buffer","Seek","Force Field","Multi-Cast+1","Double Energy+1","Compile Driver","Thunder Strike","Compile Driver","Cold Snap+1","Creative AI","Rip and Tear","Loop+1","infinitespire:FutureSight+1","Sunder+1","Buffer","StuffTheSpire:Plugnplay","Creative AI","Mirror Shield","Beam Cell","Melter+1","Defragment+2","Beam Cell","Mirror Shield","BasicCrystalCard","ReplayTheSpireMod:Fabricate Wheel","Echo Form"],"relics":["Cracked Core","NeowsBlessing","Ring of Peace","Ring of Misfortune","infinitespire:Satchel","Replay:Antivirus Software","Nunchaku","infinitespire:Bottled Soul","Black Star","MutagenicStrength","Pocketwatch","Calling Bell","Boot","Onion Ring","StuffTheSpire:Nightcore","aspiration:StickyExplosives_weak","Torii","infinitespire:PuzzleCube","Matryoshka","Singing Bowl","Question Card","Philosopher\u0027s Stone","Pantograph","Chemical X","Toy Ornithopter","Replay:Wax Seal","Prayer Wheel","Replay:Drink Me","Gremlin Food","Replay:Arrowhead","Bag of Marbles","aspiration:ChemicalBlood","StuffTheSpire:HeavyRock","Nuclear Battery","Gambling Chip","StuffTheSpire:OldFever","FossilizedHelix","PreservedInsect","StuffTheSpire:CocoNut","Geode","MawBank","ReplayTheSpireMod:TigerMarble","Cauldron","Regal Pillow","StoneCalendar","StuffTheSpire:NeowsTribute","Iron Hammer","aspiration:SeaSaltIceCream","Replay:Baseball","Prayer Wheel","CaptainsWheel","Tiny Chest","conspire:Flyswatter","Vajra","Whetstone","Cables","infinitespire:ShieldingShard","conspire:IceCreamScoop","War Paint","Kunai","Ring of Chaos","Bag of Preparation","infinitespire:FocusingShard","infinitespire:CheckeredPen","aspiration:HatOfInfinitePower","conspire:GiftBox","aspiration:FaultyCoupler","conspire:InfiniteJournal","Smiling Mask","StuffTheSpire:Tea","DataDisk","Orrery","Chameleon Ring","Centennial Puzzle","Darkstone Periapt","infinitespire:Golems Mask","StuffTheSpire:Barrel","Lizard Tail","Blood Vial","aspiration:FetidBarrel","conspire:TopHat","Empty Cage"],"acts_visited":["Exordium","TheCity","TheBeyond","Exordium","TheCity","TheBeyond","Exordium","TheCity"],"potions_floor_usage":[120],"damage_taken":[{"damage":0.0,"enemies":"Jaw Worm","floor":1.0,"turns":1.0},{"damage":0.0,"enemies":"Gremlin Nob","floor":6.0,"turns":1.0},{"damage":0.0,"enemies":"Small Slimes","floor":8.0,"turns":1.0},{"damage":8.0,"enemies":"3 Sentries","floor":10.0,"turns":10.0},{"damage":0.0,"enemies":"Cultist","floor":12.0,"turns":4.0},{"damage":28.0,"enemies":"Gremlin Nob","floor":13.0,"turns":5.0},{"damage":4.0,"enemies":"Exordium Wildlife","floor":14.0,"turns":3.0},{"damage":12.0,"enemies":"Hexaghost","floor":16.0,"turns":13.0},{"damage":0.0,"enemies":"Chosen","floor":18.0,"turns":6.0},{"damage":0.0,"enemies":"Shell Parasite","floor":21.0,"turns":5.0},{"damage":17.0,"enemies":"Book of Stabbing","floor":23.0,"turns":6.0},{"damage":26.0,"enemies":"Gremlin Leader","floor":25.0,"turns":8.0},{"damage":0.0,"enemies":"Centurion and Healer","floor":27.0,"turns":5.0},{"damage":13.0,"enemies":"Snake Plant","floor":31.0,"turns":2.0},{"damage":26.0,"enemies":"Collector","floor":33.0,"turns":7.0},{"damage":16.0,"enemies":"3 Shapes","floor":35.0,"turns":6.0},{"damage":0.0,"enemies":"3 Darklings","floor":36.0,"turns":6.0},{"damage":0.0,"enemies":"Maw","floor":37.0,"turns":7.0},{"damage":0.0,"enemies":"Giant Head","floor":42.0,"turns":1.0},{"damage":0.0,"enemies":"Nightmare","floor":45.0,"turns":6.0},{"damage":0.0,"enemies":"4 Shapes","floor":47.0,"turns":5.0},{"damage":0.0,"enemies":"Reptomancer","floor":48.0,"turns":5.0},{"damage":0.0,"enemies":"Donu and Deca","floor":50.0,"turns":8.0},{"damage":57.0,"enemies":"Awakened One","floor":51.0,"turns":8.0},{"damage":0.0,"enemies":"Small Slimes","floor":53.0,"turns":2.0},{"damage":0.0,"enemies":"Jaw Worm","floor":54.0,"turns":2.0},{"damage":0.0,"enemies":"Cultist","floor":56.0,"turns":2.0},{"damage":0.0,"enemies":"3 Louse","floor":57.0,"turns":2.0},{"damage":0.0,"enemies":"Lagavulin","floor":58.0,"turns":3.0},{"damage":0.0,"enemies":"Blue Slaver","floor":60.0,"turns":2.0},{"damage":0.0,"enemies":"Gremlin Nob","floor":62.0,"turns":2.0},{"damage":0.0,"enemies":"Large Slime","floor":63.0,"turns":3.0},{"damage":0.0,"enemies":"3 Sentries","floor":64.0,"turns":2.0},{"damage":0.0,"enemies":"Gremlin Nob","floor":66.0,"turns":2.0},{"damage":0.0,"enemies":"The Guardian","floor":68.0,"turns":6.0},{"damage":0.0,"enemies":"Chosen","floor":70.0,"turns":2.0},{"damage":0.0,"enemies":"Spheric Guardian","floor":71.0,"turns":2.0},{"damage":12.0,"enemies":"Snake Plant","floor":72.0,"turns":2.0},{"damage":0.0,"enemies":"Centurion and Healer","floor":74.0,"turns":2.0},{"damage":0.0,"enemies":"Nightmare","floor":75.0,"turns":3.0},{"damage":0.0,"enemies":"Sentry and Sphere","floor":76.0,"turns":2.0},{"damage":0.0,"enemies":"Gremlin Leader","floor":77.0,"turns":2.0},{"damage":0.0,"enemies":"Shelled Parasite and Fungi","floor":79.0,"turns":2.0},{"damage":0.0,"enemies":"Cultist and Chosen","floor":80.0,"turns":2.0},{"damage":0.0,"enemies":"Book of Stabbing","floor":81.0,"turns":2.0},{"damage":0.0,"enemies":"Slavers","floor":83.0,"turns":2.0},{"damage":0.0,"enemies":"Champ","floor":85.0,"turns":5.0},{"damage":0.0,"enemies":"Orb Walker","floor":87.0,"turns":1.0},{"damage":0.0,"enemies":"conspire:MimicChest","floor":89.0,"turns":4.0},{"damage":0.0,"enemies":"3 Darklings","floor":90.0,"turns":2.0},{"damage":0.0,"enemies":"Nightmare","floor":93.0,"turns":2.0},{"damage":0.0,"enemies":"R_Hoarder","floor":97.0,"turns":2.0},{"damage":0.0,"enemies":"Nemesis","floor":99.0,"turns":3.0},{"damage":0.0,"enemies":"Transient","floor":100.0,"turns":4.0},{"damage":0.0,"enemies":"Time Eater","floor":102.0,"turns":6.0},{"damage":0.0,"enemies":"infinitespire:MassOfShapes","floor":103.0,"turns":3.0},{"damage":0.0,"enemies":"Cultist","floor":105.0,"turns":2.0},{"damage":0.0,"enemies":"Small Slimes","floor":107.0,"turns":1.0},{"damage":0.0,"enemies":"2 Louse","floor":108.0,"turns":1.0},{"damage":0,"enemies":"Lagavulin","floor":110,"turns":2},{"damage":0,"enemies":"3 Sentries","floor":112,"turns":1},{"damage":0,"enemies":"Lagavulin","floor":116,"turns":2},{"damage":0,"enemies":"Exordium Thugs","floor":117,"turns":1},{"damage":0,"enemies":"Gremlin Nob","floor":118,"turns":1},{"damage":0,"enemies":"infinitespire:LordOfFortification","floor":120,"turns":7}],"seed_played":"7784502751140542423","potions_obtained":[{"floor":6.0,"key":"DistilledChaos"},{"floor":8.0,"key":"SkillPotion"},{"floor":16.0,"key":"SpeedPotion"},{"floor":18.0,"key":"Fire Potion"},{"floor":23.0,"key":"BlessingOfTheForge"},{"floor":29.0,"key":"Death Potion"},{"floor":37.0,"key":"Swift Potion"},{"floor":39.0,"key":"SmokeBomb"},{"floor":47.0,"key":"Fruit Juice"},{"floor":50.0,"key":"SpeedPotion"},{"floor":51.0,"key":"DistilledChaos"},{"floor":51.0,"key":"Fruit Juice"},{"floor":54.0,"key":"BlessingOfTheForge"},{"floor":56.0,"key":"LiquidMemories"},{"floor":65.0,"key":"EntropicBrew"},{"floor":103.0,"key":"AttackPotion"},{"floor":118,"key":"CultistPotion"}],"is_trial":false,"path_per_floor":["M","?","?","$","?","E","R","M","T","E","R","M","E","M","R_BF","B",null,"M","?","?","M","AVR","E","R","E","T","M","R","?","R","M","R","B",null,"M","M","M","$","?","R","$","E","T","AVR","NM","R","M","E","R_BF","B","B",null,"M","M","T","M","M","E","R","M","T","E","M","E","AVR","E","R","B",null,"M","M","M","AVR","M","NM","M","E","T","M","M","E","$","E","R_BF","B",null,"M","?","?","M","T","R","NM","R","T","$","E","?","E","M","R","B","B",null,"M","?","M","M","AVR","E","R","E","T","T","R","E","M","E","R","B",null],"character_chosen":"DEFECT","items_purchased":["Capacitor","Pantograph","Chemical X","Cables","infinitespire:ShieldingShard","Double Energy","aspiration:FaultyCoupler","StuffTheSpire:Plugnplay"],"campfire_rested":3,"item_purchase_floors":[38,41,41,82,82,82,96,96],"current_hp_per_floor":[64,64,64,64,64,64,64,64,64,56,56,56,28,24,24,12,56,56,36,36,36,36,19,41,15,15,17,40,40,40,29,53,27,67,53,53,55,55,55,55,55,55,55,55,60,60,62,62,62,65,8,51,75,75,75,79,83,85,85,89,89,98,100,100,100,100,100,104,104,106,108,100,100,104,106,106,106,106,110,114,116,116,116,116,128,128,128,128,128,132,132,132,132,132,132,132,134,134,136,142,142,142,142,142,148,148,154,158,166,166,166,168,168,168,168,168,174,174,174,174,174,174],"gold":427,"neow_bonus":"THREE_ENEMY_KILL","is_daily":false,"chose_seed":false,"campfire_upgraded":22,"win_rate":0.0,"timestamp":1610000464,"path_taken":["M","?","?","?","?","E","R","?","T","E","R","M","E","M","R_BF","BOSS","M","?","?","M","AVR","E","R","E","T","M","R","?","R","M","R","BOSS","M","M","?","$","?","R","$","E","T","AVR","NM","R","M","E","R_BF","BOSS","BOSS","M","M","?","M","M","E","R","M","T","E","M","E","AVR","E","R","BOSS","M","M","M","AVR","M","NM","M","E","T","M","M","E","?","E","R_BF","BOSS","M","?","?","M","?","R","NM","R","T","?","E","?","E","M","R","BOSS","BOSS","M","?","M","M","AVR","E","R","E","T","?","R","E","?","E","R","BOSS"],"items_purchased_type":["Card","Relic","Relic","Relic","Relic","Card","Relic","Card"],"build_version":"2020-12-22","purchased_purges":0,"victory":false,"max_hp_per_floor":[71,71,71,71,71,71,71,71,71,71,71,71,71,71,71,71,71,71,76,76,76,76,76,76,76,76,78,78,78,78,80,80,80,80,82,82,84,84,84,84,84,84,84,63,63,63,65,65,65,65,65,65,79,79,79,83,87,89,89,93,93,102,104,104,104,104,104,104,104,106,108,112,112,116,118,118,118,118,122,126,128,128,128,128,128,128,128,128,128,132,132,132,132,132,132,132,134,134,136,142,142,142,142,142,148,148,154,158,166,166,166,168,168,168,168,168,174,174,174,174,174,174],"card_choices":[{"not_picked":["Conserve Battery","Cold Snap","Hologram"],"picked":"SKIP","floor":1.0},{"not_picked":["ReplaySort","ReplayTheSpireMod:Dual Polarity"],"picked":"Gash","floor":6.0},{"not_picked":["Capacitor","Hologram"],"picked":"Glacier","floor":8.0},{"not_picked":["ReplayTheSpireMod:GoodbyeWorld","StuffTheSpire:CleanHardDrive"],"picked":"StuffTheSpire:Synthwave","floor":10.0},{"not_picked":["ReplayRNGCard","Redo"],"picked":"Loop","floor":12.0},{"not_picked":["Rebound","StuffTheSpire:LoadUp"],"picked":"StuffTheSpire:Plugnplay","floor":13.0},{"not_picked":["Panic Button","Stack","Go for the Eyes"],"picked":"SKIP","floor":14.0},{"not_picked":["Seek","Rainbow"],"picked":"Mirror Shield","floor":16.0},{"not_picked":["Panic Button","StuffTheSpire:LoadUp+1"],"picked":"Rebound+1","floor":18.0},{"not_picked":["Hologram","Cold Snap"],"picked":"Barrage","floor":21.0},{"not_picked":["Compile Driver","Barrage"],"picked":"Defragment","floor":23.0},{"not_picked":["Biased Cognition","Turbo"],"picked":"Chill","floor":25.0},{"not_picked":["Stack","Hologram","Sweeping Beam","ReplayGash"],"picked":"Singing Bowl","floor":27.0},{"not_picked":["BasicCrystalCard","ReplayTheSpireMod:Dual Polarity","StuffTheSpire:LoadUp","Conserve Battery"],"picked":"Singing Bowl","floor":31.0},{"not_picked":["Hyperbeam","Core Surge","ReplayTheSpireMod:Omega Cannon"],"picked":"Seek","floor":33.0},{"not_picked":["ReplaySort","Redo+1","Rebound","Steam"],"picked":"Singing Bowl","floor":35.0},{"not_picked":["BasicCrystalCard","Leap","StuffTheSpire:CleanHardDrive"],"picked":"Coolheaded+1","floor":36.0},{"not_picked":["Consume","Hologram","Multi-Cast","StuffTheSpire:NuclearReactor"],"picked":"Singing Bowl","floor":37.0},{"not_picked":["Machine Learning","Ball Lightning","StuffTheSpire:LoadUp"],"picked":"FTL+1","floor":45.0},{"not_picked":["StuffTheSpire:ShieldGenerator","Leap","Ball Lightning","Turbo"],"picked":"Singing Bowl","floor":47.0},{"not_picked":["Steam","Leap","Rip and Tear"],"picked":"Gash+1","floor":47.0},{"not_picked":["Rebound+1","ReplayTheSpireMod:Repulse+1","StuffTheSpire:Plugnplay"],"picked":"FIFO Queue","floor":48.0},{"not_picked":["Buffer","StuffTheSpire:EventHorizon","Reboot"],"picked":"ReplayRNGCard","floor":50.0},{"not_picked":["Machine Learning","StuffTheSpire:Purify","StuffTheSpire:LaunchingStrike"],"picked":"ReplayRNGCard","floor":51.0},{"not_picked":["Coolheaded","Rebound","Time Bomb","Go for the Eyes"],"picked":"Singing Bowl","floor":53.0},{"not_picked":["Ball Lightning","StuffTheSpire:Plugnplay","Conserve Battery","ReplayTheSpireMod:System Scan"],"picked":"Singing Bowl","floor":53.0},{"not_picked":["StuffTheSpire:LoadUp","StuffTheSpire:NuclearReactor","Hologram"],"picked":"Barrage","floor":54.0},{"not_picked":["ReplayTheSpireMod:Dual Polarity","Redo","Go for the Eyes"],"picked":"ReplayRNGCard","floor":54.0},{"not_picked":["StuffTheSpire:LoadUp","Compile Driver","Glacier","Sweeping Beam"],"picked":"Singing Bowl","floor":56.0},{"not_picked":["Stack","White Noise","Conserve Battery","Darkness"],"picked":"Singing Bowl","floor":56.0},{"not_picked":["Coolheaded","conspire:SharedLibrary","Sunder","conspire:Rain"],"picked":"Singing Bowl","floor":57.0},{"not_picked":["Cold Snap","Gash","Steam Power","Compile Driver"],"picked":"Singing Bowl","floor":57.0},{"not_picked":["Cold Snap","Consume","aspiration:Polymerization","Genetic Algorithm"],"picked":"Singing Bowl","floor":58.0},{"not_picked":["Cold Snap","FTL","Redo","Aggregate"],"picked":"Singing Bowl","floor":60.0},{"not_picked":["Hologram","Storm","Recycle","Melter"],"picked":"Singing Bowl","floor":60.0},{"not_picked":["Loop","Biased Cognition","ReplayTheSpireMod:Calculation Training","Turbo"],"picked":"Singing Bowl","floor":62.0},{"not_picked":["Coolheaded","Compile Driver","Ball Lightning","Sweeping Beam"],"picked":"Singing Bowl","floor":63.0},{"not_picked":["ReplayGash","conspire:SharedLibrary","Cold Snap"],"picked":"Reinforced Body","floor":63.0},{"not_picked":["Hyperbeam","Go for the Eyes","Force Field"],"picked":"StuffTheSpire:ForEach","floor":64.0},{"not_picked":["ReplayTheSpireMod:Dual Polarity","Barrage","Hologram"],"picked":"Electrodynamics","floor":66.0},{"not_picked":["StuffTheSpire:Purify","Mirror Shield","ReplayRNGCard"],"picked":"ReplayTheSpireMod:Fabricate Wheel","floor":68.0},{"not_picked":["BasicCrystalCard","StuffTheSpire:GlassShard","Sunder","StuffTheSpire:CleanHardDrive"],"picked":"Singing Bowl","floor":70.0},{"not_picked":["White Noise+1","Stack","StuffTheSpire:Plugnplay"],"picked":"Steam+1","floor":70.0},{"not_picked":["Cold Snap","Ball Lightning","Skim"],"picked":"Amplify","floor":71.0},{"not_picked":["StuffTheSpire:SnapShoot+1","Sunder","Skim","Leap"],"picked":"Singing Bowl","floor":71.0},{"not_picked":["Sweeping Beam","Hologram","Ball Lightning","StuffTheSpire:GlassShard"],"picked":"Singing Bowl","floor":72.0},{"not_picked":["Storm","Stack","Go for the Eyes","StuffTheSpire:SnapShoot"],"picked":"Singing Bowl","floor":72.0},{"not_picked":["StuffTheSpire:Plugnplay","Hologram+1","Coolheaded","Sweeping Beam"],"picked":"Singing Bowl","floor":74.0},{"not_picked":["Conserve Battery","Rebound","ReplayTheSpireMod:System Scan","ReplaySolidLightProjector"],"picked":"Singing Bowl","floor":74.0},{"not_picked":["infinitespire:NeuralNetwork","ReplayTheSpireMod:Black Plague"],"picked":"infinitespire:Punishment","floor":75.0},{"not_picked":["Fusion","Beam Cell+1","Stack","Compile Driver+1"],"picked":"Singing Bowl","floor":75.0},{"not_picked":["Compile Driver","Turbo","Ball Lightning"],"picked":"StuffTheSpire:Synthwave","floor":76.0},{"not_picked":["Chaos","StuffTheSpire:NuclearReactor","ReplayTheSpireMod:System Scan"],"picked":"StuffTheSpire:Synthwave","floor":76.0},{"not_picked":["FIFO Queue","StuffTheSpire:Synthwave","Static Discharge"],"picked":"Seek","floor":77.0},{"not_picked":["Consume","StuffTheSpire:Rend+1","Ball Lightning","Redo"],"picked":"Singing Bowl","floor":79.0},{"not_picked":["StuffTheSpire:Plugnplay","Cold Snap","Storm","Loop"],"picked":"Singing Bowl","floor":79.0},{"not_picked":["BasicCrystalCard","Turbo+1","Conserve Battery"],"picked":"Force Field","floor":79.0},{"not_picked":["Go for the Eyes","Steam","Heatsinks+1","ReplayTheSpireMod:System Scan+1"],"picked":"Singing Bowl","floor":80.0},{"not_picked":["Steam Power","StuffTheSpire:CleanHardDrive","Beam Cell"],"picked":"Multi-Cast","floor":80.0},{"not_picked":["Gash","Panic Button","Redo","Force Field+1"],"picked":"Singing Bowl","floor":80.0},{"not_picked":["StuffTheSpire:LoadUp","ReplayTheSpireMod:System Scan","Streamline","Rebound"],"picked":"Singing Bowl","floor":81.0},{"not_picked":["Go for the Eyes","Ball Lightning","Redo"],"picked":"Compile Driver","floor":83.0},{"not_picked":["Meteor Strike","Rainbow","Core Surge"],"picked":"Thunder Strike","floor":85.0},{"not_picked":["Gash","Turbo+1","ReplayTheSpireMod:Repulse"],"picked":"Compile Driver","floor":87.0},{"not_picked":["Undo","Compile Driver","Redo"],"picked":"Cold Snap+1","floor":87.0},{"not_picked":["ReplayTheSpireMod:Repulse","ReplaySort","Sunder"],"picked":"Creative AI","floor":87.0},{"not_picked":["Redo+1","Leap","Steam"],"picked":"Rip and Tear","floor":89.0},{"not_picked":["Conserve Battery","Beam Cell","StuffTheSpire:Rend"],"picked":"Loop","floor":90.0},{"not_picked":["Gash","Melter","Barrage","Streamline"],"picked":"Singing Bowl","floor":90.0},{"not_picked":["Sweeping Beam","Turbo","Coolheaded","StuffTheSpire:NuclearReactor+1"],"picked":"Singing Bowl","floor":90.0},{"not_picked":["ReplayTheSpireMod:??????????????????????","ReplayTheSpireMod:Echoes of Time"],"picked":"infinitespire:FutureSight","floor":93.0},{"not_picked":["ReplayTheSpireMod:Calculation Training","Redo","Panic Button+1"],"picked":"Sunder+1","floor":93.0},{"not_picked":["Mirror Shield","Hyperbeam","Rainbow"],"picked":"Buffer","floor":95.0},{"not_picked":["StuffTheSpire:LoadUp+1","BasicCrystalCard","ReplayTheSpireMod:GoodbyeWorld","ReplayGash"],"picked":"Singing Bowl","floor":97.0},{"not_picked":["Core Surge","Glacier","Redo","ReplayTheSpireMod:Repulse"],"picked":"Singing Bowl","floor":99.0},{"not_picked":["Reinforced Body","Gash+1","Hologram+1","Conserve Battery"],"picked":"Singing Bowl","floor":100.0},{"not_picked":["Coolheaded+1","Go for the Eyes+1","Leap","Reprogram+1"],"picked":"Singing Bowl","floor":100.0},{"not_picked":["StuffTheSpire:CleanHardDrive","Turbo","Compile Driver","Cold Snap+1"],"picked":"Singing Bowl","floor":100.0},{"not_picked":["Machine Learning","Reboot","Biased Cognition"],"picked":"Creative AI","floor":102.0},{"not_picked":["Thunder Strike","ReplayTheSpireMod:Omega Cannon","All For One"],"picked":"Mirror Shield","floor":103.0},{"not_picked":["ReplayTheSpireMod:Black Plague","infinitespire:SevenWalls","ReplayTheSpireMod:Chaos Vortex"],"picked":"Singing Bowl","floor":105.0},{"not_picked":["Sweeping Beam","Coolheaded","Go for the Eyes"],"picked":"Beam Cell","floor":105.0},{"not_picked":["Rebound","conspire:Rain","Capacitor","StuffTheSpire:Rend"],"picked":"Singing Bowl","floor":105.0},{"not_picked":["Conserve Battery","ReplaySort","Beam Cell","BasicCrystalCard"],"picked":"Singing Bowl","floor":105.0},{"not_picked":["StuffTheSpire:Plugnplay","Streamline","Hologram","Rebound"],"picked":"Singing Bowl","floor":107.0},{"not_picked":["Capacitor","Electrodynamics","Cold Snap","Time Bomb"],"picked":"Singing Bowl","floor":107.0},{"not_picked":["Go for the Eyes","StuffTheSpire:LoadUp","Turbo","Rebound"],"picked":"Singing Bowl","floor":107.0},{"not_picked":["Sweeping Beam","Coolheaded","Cold Snap","Sunder"],"picked":"Singing Bowl","floor":108.0},{"not_picked":["Panic Button","Turbo","Coolheaded"],"picked":"Defragment","floor":108.0},{"not_picked":["Go for the Eyes","Redo","Coolheaded","StuffTheSpire:NuclearReactor"],"picked":"Singing Bowl","floor":108.0},{"not_picked":["Streamline","Ball Lightning","Panic Button","Sweeping Beam"],"picked":"Singing Bowl","floor":109},{"not_picked":["StuffTheSpire:Plugnplay","StuffTheSpire:GlassShard","Go for the Eyes","Chill"],"picked":"Singing Bowl","floor":109},{"not_picked":["Storm","ReplayTheSpireMod:Omega Cannon","Go for the Eyes","Sweeping Beam"],"picked":"Singing Bowl","floor":109},{"not_picked":["Rebound","Beam Cell","Coolheaded","Sweeping Beam"],"picked":"Singing Bowl","floor":109},{"not_picked":["Fusion","Blizzard","Hologram"],"picked":"Beam Cell","floor":109},{"not_picked":["ReplayTheSpireMod:GoodbyeWorld","Panic Button","Turbo"],"picked":"Mirror Shield","floor":110},{"not_picked":["StuffTheSpire:ShieldGenerator","ReplayTheSpireMod:GoodbyeWorld","Barrage","Sweeping Beam"],"picked":"Singing Bowl","floor":112},{"not_picked":["Gash","Steam","Turbo"],"picked":"BasicCrystalCard","floor":116},{"not_picked":["Genetic Algorithm","StuffTheSpire:LoadUp","Ball Lightning","Rebound"],"picked":"Singing Bowl","floor":117},{"not_picked":["BasicCrystalCard","Stack","Turbo","Time Bomb"],"picked":"Singing Bowl","floor":117},{"not_picked":["ReplaySolidLightProjector","StuffTheSpire:Plugnplay","Turbo","Steam"],"picked":"Singing Bowl","floor":117},{"not_picked":["Go for the Eyes","Coolheaded","Rip and Tear"],"picked":"ReplayTheSpireMod:Fabricate Wheel","floor":118},{"not_picked":["StuffTheSpire:LaunchingStrike","Hyperbeam","Fission"],"picked":"Echo Form","floor":120}],"player_experience":2629326,"relics_obtained":[{"floor":2.0,"key":"Ring of Peace"},{"floor":2.0,"key":"Ring of Misfortune"},{"floor":6.0,"key":"infinitespire:Satchel"},{"floor":9.0,"key":"Replay:Antivirus Software"},{"floor":10.0,"key":"Nunchaku"},{"floor":13.0,"key":"infinitespire:Bottled Soul"},{"floor":22.0,"key":"Boot"},{"floor":22.0,"key":"Onion Ring"},{"floor":22.0,"key":"StuffTheSpire:Nightcore"},{"floor":23.0,"key":"aspiration:StickyExplosives_weak"},{"floor":23.0,"key":"Torii"},{"floor":25.0,"key":"infinitespire:PuzzleCube"},{"floor":25.0,"key":"Matryoshka"},{"floor":26.0,"key":"Singing Bowl"},{"floor":26.0,"key":"Question Card"},{"floor":43.0,"key":"Toy Ornithopter"},{"floor":43.0,"key":"Replay:Wax Seal"},{"floor":45.0,"key":"Gremlin Food"},{"floor":45.0,"key":"Replay:Arrowhead"},{"floor":48.0,"key":"Bag of Marbles"},{"floor":48.0,"key":"aspiration:ChemicalBlood"},{"floor":49.0,"key":"StuffTheSpire:HeavyRock"},{"floor":55.0,"key":"Gambling Chip"},{"floor":58.0,"key":"StuffTheSpire:OldFever"},{"floor":58.0,"key":"FossilizedHelix"},{"floor":61.0,"key":"PreservedInsect"},{"floor":62.0,"key":"StuffTheSpire:CocoNut"},{"floor":62.0,"key":"Geode"},{"floor":64.0,"key":"MawBank"},{"floor":64.0,"key":"ReplayTheSpireMod:TigerMarble"},{"floor":66.0,"key":"Regal Pillow"},{"floor":66.0,"key":"StoneCalendar"},{"floor":75.0,"key":"Iron Hammer"},{"floor":75.0,"key":"aspiration:SeaSaltIceCream"},{"floor":77.0,"key":"CaptainsWheel"},{"floor":77.0,"key":"Tiny Chest"},{"floor":78.0,"key":"conspire:Flyswatter"},{"floor":81.0,"key":"Vajra"},{"floor":81.0,"key":"Whetstone"},{"floor":83.0,"key":"conspire:IceCreamScoop"},{"floor":83.0,"key":"War Paint"},{"floor":84.0,"key":"Kunai"},{"floor":89.0,"key":"Bag of Preparation"},{"floor":91.0,"key":"infinitespire:FocusingShard"},{"floor":93.0,"key":"infinitespire:CheckeredPen"},{"floor":93.0,"key":"aspiration:HatOfInfinitePower"},{"floor":95.0,"key":"conspire:GiftBox"},{"floor":97.0,"key":"conspire:InfiniteJournal"},{"floor":97.0,"key":"Smiling Mask"},{"floor":99.0,"key":"StuffTheSpire:Tea"},{"floor":99.0,"key":"DataDisk"},{"floor":110,"key":"Chameleon Ring"},{"floor":110,"key":"Centennial Puzzle"},{"floor":112,"key":"Darkstone Periapt"},{"floor":112,"key":"infinitespire:Golems Mask"},{"floor":113,"key":"StuffTheSpire:Barrel"},{"floor":116,"key":"Lizard Tail"},{"floor":116,"key":"Blood Vial"},{"floor":118,"key":"aspiration:FetidBarrel"},{"floor":118,"key":"conspire:TopHat"}],"event_choices":[{"damage_healed":0.0,"max_hp_gain":0.0,"max_hp_loss":0.0,"gold_gain":275.0,"event_name":"Golden Shrine","player_choice":"Desecrate","floor":5.0,"gold_loss":0.0,"damage_taken":0.0,"cards_obtained":["Regret"]},{"damage_healed":0.0,"max_hp_gain":5.0,"max_hp_loss":0.0,"gold_gain":0.0,"event_name":"Forgotten Altar","player_choice":"Shed Blood","floor":19.0,"gold_loss":0.0,"damage_taken":25.0},{"damage_healed":0.0,"max_hp_gain":0.0,"max_hp_loss":0.0,"gold_gain":0.0,"event_name":"Drug Dealer","player_choice":"Inject Mutagens","floor":20.0,"gold_loss":0.0,"damage_taken":0.0,"relics_obtained":["MutagenicStrength"]},{"damage_healed":0.0,"max_hp_gain":0.0,"max_hp_loss":0.0,"gold_gain":0.0,"event_name":"Lab","player_choice":"Got Potions","floor":29.0,"gold_loss":0.0,"damage_taken":0.0},{"damage_healed":0.0,"max_hp_gain":0.0,"max_hp_loss":0.0,"gold_gain":0.0,"event_name":"The Woman in Blue","player_choice":"Bought 1 Potion","floor":39.0,"gold_loss":0.0,"damage_taken":0.0}],"is_beta":false,"boss_relics":[{"not_picked":["SlaversCollar","ChewingGum"],"picked":"Black Star"},{"not_picked":["StuffTheSpire:RunicHypercube","aspiration:RunicSpoon"],"picked":"Philosopher\u0027s Stone"},{"not_picked":["FrozenCore","Honey Jar"],"picked":"Nuclear Battery"},{"not_picked":["conspire:SeveredTorchhead","aspiration:SilentSkillbook","Honey Jar"]},{"not_picked":["StuffTheSpire:Kangaroo","Replay:Bronze Core"],"picked":"Ring of Chaos"},{"not_picked":["infinitespire:Cupcake","Velvet Choker","Fusion Hammer"]},{"not_picked":["aspiration:SecretTechniqueScroll","StuffTheSpire:RunicHypercube"],"picked":"Empty Cage"}],"items_purged_floors":[],"is_endless":true,"potions_floor_spawned":[6,8,10,16,18,23,37,47,50,51,54,56,57,58,68,72,76,79,80,81,83,85,89,97,99,102,103,105,107,112,118],"ascension_level":20}}