{"host":"vknm03unwrfz4wfe","time":1610026234,"event":{"mods":["Act Like it!","BaseMod","CapriCore","Downfall","Friendly Minions","Lobotomy","Minty Spire (QoL Compilation)","Prisma Mod","Reimu¡]³Õ???¡^","Remilia¡]Á¢¦Ì²ú?¡^","StSLib","SuperFastMode","The Animator","The Cursed","The Hayseed","The Runesmith","The Servant 0.9.4","WarShipGirlsR/??¤Ö¤kR mod","Yakumo Yukari mod","Yuyuko"],"gold_per_floor":[128,140,152,181,206,218,258,287,299,326,357,369,381,446,458,574,586,609,581,670,704,738,765,765],"floor_reached":23,"playtime":1116,"items_purged":[],"score":193,"play_id":"523844f2-5cd2-493d-a604-580680fc8877","local_time":"20210107213034","is_ascension_mode":false,"campfire_choices":[{"data":"TheSimpletonMod:SlashAndBurn","floor":6,"key":"SMITH"},{"data":"TheSimpletonMod:OnionBloom","floor":15,"key":"SMITH"}],"circlet_count":0,"master_deck":["TheSimpletonMod:Strike_TheSimpleton","TheSimpletonMod:Strike_TheSimpleton","TheSimpletonMod:Strike_TheSimpleton","TheSimpletonMod:Strike_TheSimpleton","TheSimpletonMod:Defend_TheSimpleton","TheSimpletonMod:Defend_TheSimpleton","TheSimpletonMod:Defend_TheSimpleton","TheSimpletonMod:Defend_TheSimpleton","TheSimpletonMod:ReapAndSow","TheSimpletonMod:SlashAndBurn+1","TheSimpletonMod:CloseScrape","TheSimpletonMod:RootDown","TheSimpletonMod:OnionBloom+1","TheSimpletonMod:Rake","TheSimpletonMod:Swelter","TheSimpletonMod:Sunseed","TheSimpletonMod:VolatileFumes","TheSimpletonMod:OnionBloom","TheSimpletonMod:DoubleBarrel","TheSimpletonMod:OnionBloom"],"relics":["TheSimpletonMod:SpudOfTheInnocent","TheSimpletonMod:NightSoil","TheSimpletonMod:TheHarvester","MawBank","FossilizedHelix","Meat on the Bone","Pen Nib","TheSimpletonMod:GourdCharm","ZunR:ReiMu","TheSimpletonMod:CashCrop"],"acts_visited":["Exordium","TheCity"],"potions_floor_usage":[16,22,23,23],"damage_taken":[{"damage":7,"enemies":"Small Slimes","floor":1,"turns":4},{"damage":1,"enemies":"Cultist","floor":4,"turns":3},{"damage":1,"enemies":"Jaw Worm","floor":5,"turns":5},{"damage":21,"enemies":"Lagavulin","floor":7,"turns":6},{"damage":0,"enemies":"Exordium Thugs","floor":8,"turns":5},{"damage":8,"enemies":"Gremlin Gang","floor":10,"turns":4},{"damage":0,"enemies":"3 Louse","floor":11,"turns":3},{"damage":27,"enemies":"Hexaghost","floor":16,"turns":10},{"damage":17,"enemies":"2 Thieves","floor":18,"turns":4},{"damage":0,"enemies":"Spheric Guardian","floor":21,"turns":5},{"damage":21,"enemies":"3 Cultists","floor":22,"turns":6},{"damage":51,"enemies":"Gremlin Leader","floor":23,"turns":6}],"seed_played":"-204933240533627339","potions_obtained":[{"floor":1,"key":"Ancient Potion"},{"floor":4,"key":"AttackPotion"},{"floor":21,"key":"AttackPotion"},{"floor":22,"key":"Weak Potion"}],"is_trial":false,"path_per_floor":["M","?","$","M","M","R","E","M","T","M","M","T","$","T","R","B",null,"M","?","T","M","M","E"],"character_chosen":"THE_SIMPLETON","items_purchased":[],"campfire_rested":0,"item_purchase_floors":[],"current_hp_per_floor":[72,72,72,71,70,70,49,49,49,41,41,41,41,41,41,26,75,58,58,58,58,49,0,0],"gold":765,"neow_bonus":"RANDOM_COMMON_RELIC","is_daily":false,"chose_seed":false,"campfire_upgraded":2,"win_rate":0.0,"timestamp":1610026234,"path_taken":["M","?","?","?","M","R","E","M","T","M","M","?","$","?","R","BOSS","M","?","?","M","?","E"],"items_purchased_type":[],"build_version":"2020-12-22","purchased_purges":0,"victory":false,"max_hp_per_floor":[75,75,75,75,75,75,75,75,75,75,75,75,75,75,75,75,75,75,75,75,75,75,75,75],"card_choices":[{"not_picked":["TheSimpletonMod:CropRotation","TheSimpletonMod:SeedCoat"],"picked":"TheSimpletonMod:SlashAndBurn","floor":1},{"not_picked":["TheSimpletonMod:Sunseed","TheSimpletonMod:Pruning"],"picked":"TheSimpletonMod:CloseScrape","floor":4},{"not_picked":["TheSimpletonMod:Fertilaser","TheSimpletonMod:CullingStrike"],"picked":"TheSimpletonMod:RootDown","floor":5},{"not_picked":["TheSimpletonMod:Fertilaser","TheSimpletonMod:SeedCoat"],"picked":"TheSimpletonMod:OnionBloom","floor":7},{"not_picked":["TheSimpletonMod:CropRotation","TheSimpletonMod:SaladShooter"],"picked":"TheSimpletonMod:Rake","floor":8},{"not_picked":["TheSimpletonMod:Innovate","TheSimpletonMod:Squash"],"picked":"TheSimpletonMod:Swelter","floor":10},{"not_picked":["TheSimpletonMod:Corn","TheSimpletonMod:SaladShooter"],"picked":"TheSimpletonMod:Sunseed","floor":11},{"not_picked":["TheSimpletonMod:Photosynthesis","TheSimpletonMod:BuzzBomb"],"picked":"TheSimpletonMod:VolatileFumes","floor":16},{"not_picked":["TheSimpletonMod:RootDown+1","TheSimpletonMod:Ferment"],"picked":"TheSimpletonMod:OnionBloom","floor":18},{"not_picked":["TheSimpletonMod:Pruning","TheSimpletonMod:Rototilling"],"picked":"TheSimpletonMod:DoubleBarrel","floor":21},{"not_picked":["TheSimpletonMod:DigIn","TheSimpletonMod:ToughenUp+1"],"picked":"TheSimpletonMod:OnionBloom","floor":22}],"player_experience":239813,"relics_obtained":[{"floor":7,"key":"FossilizedHelix"},{"floor":12,"key":"Meat on the Bone"},{"floor":14,"key":"Pen Nib"},{"floor":20,"key":"TheSimpletonMod:CashCrop"}],"event_choices":[{"cards_removed":["TheSimpletonMod:Haymaker"],"damage_healed":0,"gold_gain":0,"player_choice":"Purged","damage_taken":0,"max_hp_gain":0,"max_hp_loss":0,"event_name":"Purifier","floor":2,"gold_loss":0},{"damage_healed":0,"gold_gain":0,"player_choice":"??¯«°s","damage_taken":0,"relics_obtained":["ZunR:ReiMu"],"max_hp_gain":0,"max_hp_loss":0,"event_name":"ZunEvent","floor":19,"gold_loss":40}],"is_beta":false,"boss_relics":[{"not_picked":["Ectoplasm","Runesmith:UraniumAnvil"],"picked":"TheSimpletonMod:GourdCharm"}],"items_purged_floors":[],"is_endless":false,"potions_floor_spawned":[1,4,21,22],"killed_by":"Gremlin Leader","ascension_level":0}}