{"host":"ufl0k2so27eic2iy","time":1610037686,"event":{"mods":["BaseMod","Minty Spire (QoL Compilation)","StSLib","The Animator"],"gold_per_floor":[116,143,169,18,33,33,66,42,42,42,75,75,85,96,96,187,187,204,204,204,67,67,67,92,92,92,121,36,50,78,78,78,173,223,237,73,73,73,73,73,86,111,111,140,65,65,82,92,92,92,92,92,14,14,14],"floor_reached":54,"playtime":3132,"items_purged":["animator:Strike","animator:Strike","animator:Strike"],"score":1472,"play_id":"4d8c0b91-b283-44df-b6e3-d4fac28a3629","local_time":"20210107164126","is_ascension_mode":true,"campfire_choices":[{"data":"animator:RoryMercury","floor":6.0,"key":"SMITH"},{"data":"animator:DolaSchwi","floor":10.0,"key":"SMITH"},{"data":"animator:Arpeggio","floor":12.0,"key":"SMITH"},{"data":"animator:TukaLunaMarceau","floor":15.0,"key":"SMITH"},{"floor":23.0,"key":"REST"},{"data":"animator:LeleiLaLalena","floor":25.0,"key":"SMITH"},{"floor":32.0,"key":"REST"},{"data":"animator:OrigamiTobiichi","floor":40.0,"key":"SMITH"},{"floor":46.0,"key":"RECALL"},{"data":"animator:ChlammyZell","floor":49.0,"key":"SMITH"},{"data":"animator:Bozes","floor":52.0,"key":"SMITH"}],"circlet_count":0,"master_deck":["AscendersBane","animator:Strike_MadokaMagica","animator:Defend_MadokaMagica","animator:Defend","animator:Defend","animator:Defend","animator:IrohaTamaki","animator:YuiTsuruno+1","animator:SayakaMiki","animator:Raven","animator:Arpeggio+1","animator:KyokoSakura","animator:TukaLunaMarceau+1","animator:DolaSchwi+1","animator:Aisha+1","animator:YuukaKazami","animator:IrohaTamaki","animator:MadokaKaname","animator:HiiragiShinya","animator:LeleiLaLalena+1","animator:HiiragiShinya","animator:PinaCoLada","animator:Bozes+1","animator:OrikoMikuni","animator:ChlammyZell+1","animator:Kyubey","animator:OrigamiTobiichi+1","animator:TukaLunaMarceau","animator:SayakaMiki","animator:KyokoSakura","animator:YachiyoNanami","animator:Ain","animator:Tyuule","animator:Rena"],"relics":["animator:LivingPicture","animator:TheMissingPiece","InkBottle","Letter Opener","Paper Crane","Sozu","Paper Frog","Art of War","animator:WornHelmet","Centennial Puzzle","Mercury Hourglass","Tiny House","Anchor","Omamori","Happy Flower"],"acts_visited":["Exordium","TheCity","TheBeyond","TheEnding"],"potions_floor_usage":[],"damage_taken":[{"damage":1.0,"enemies":"Cultist","floor":1.0,"turns":3.0},{"damage":4.0,"enemies":"Jaw Worm","floor":2.0,"turns":4.0},{"damage":0.0,"enemies":"2 Louse","floor":3.0,"turns":3.0},{"damage":5.0,"enemies":"Large Slime","floor":5.0,"turns":10.0},{"damage":8.0,"enemies":"Lagavulin","floor":7.0,"turns":7.0},{"damage":15.0,"enemies":"3 Sentries","floor":11.0,"turns":5.0},{"damage":3.0,"enemies":"2 Fungi Beasts","floor":13.0,"turns":3.0},{"damage":6.0,"enemies":"Blue Slaver","floor":14.0,"turns":3.0},{"damage":0.0,"enemies":"Slime Boss","floor":16.0,"turns":6.0},{"damage":11.0,"enemies":"Shell Parasite","floor":18.0,"turns":4.0},{"damage":0.0,"enemies":"Book of Stabbing","floor":24.0,"turns":5.0},{"damage":24.0,"enemies":"Gremlin Leader","floor":27.0,"turns":6.0},{"damage":0.0,"enemies":"Spheric Guardian","floor":29.0,"turns":3.0},{"damage":0.0,"enemies":"Centurion and Healer","floor":30.0,"turns":5.0},{"damage":4.0,"enemies":"Champ","floor":33.0,"turns":11.0},{"damage":2.0,"enemies":"Orb Walker","floor":35.0,"turns":4.0},{"damage":1.0,"enemies":"3 Shapes","floor":41.0,"turns":4.0},{"damage":0.0,"enemies":"Giant Head","floor":42.0,"turns":9.0},{"damage":0.0,"enemies":"Nemesis","floor":44.0,"turns":7.0},{"damage":4.0,"enemies":"Sphere and 2 Shapes","floor":47.0,"turns":3.0},{"damage":2.0,"enemies":"Spire Growth","floor":48.0,"turns":5.0},{"damage":24.0,"enemies":"Donu and Deca","floor":50.0,"turns":9.0},{"damage":76,"enemies":"Shield and Spear","floor":54,"turns":5}],"seed_played":"-3998382251503935817","potions_obtained":[{"floor":1.0,"key":"Fire Potion"},{"floor":2.0,"key":"SmokeBomb"},{"floor":13.0,"key":"Regen Potion"},{"floor":16.0,"key":"SneckoOil"}],"is_trial":false,"path_per_floor":["M","M","M","$","M","R","E","$","T","R","E","R","M","M","R","B",null,"M","?","?","$","?","R","E","R","T","E","?","M","M","T","R","B",null,"M","$","?","?","T","R","M","E","T","E","$","R","M","M","R","B",null,"R","$","E"],"character_chosen":"THE_ANIMATOR","items_purchased":["animator:Arpeggio","animator:DolaSchwi","animator:HiiragiShinya","animator:SayakaMiki","animator:Ain","animator:Rena"],"campfire_rested":2,"item_purchase_floors":[4,8,21,36,45,53],"current_hp_per_floor":[53,49,49,49,45,45,37,37,37,37,23,23,20,26,26,26,53,42,42,25,25,25,45,45,45,45,21,21,22,22,22,42,38,66,64,64,64,64,64,64,66,69,69,71,71,71,75,73,73,55,70,70,70,0,0],"gold":14,"neow_bonus":"UPGRADE_CARD","is_daily":false,"chose_seed":true,"campfire_upgraded":8,"win_rate":0.0,"timestamp":1610037686,"path_taken":["M","M","M","$","M","R","E","?","T","R","E","R","?","M","R","BOSS","M","?","?","$","?","R","E","R","T","E","?","M","M","?","R","BOSS","M","$","?","?","?","R","?","E","T","E","$","R","M","M","R","BOSS","R","$","E"],"items_purchased_type":["Card","Card","Card","Card","Card","Card"],"build_version":"2020-12-22","purchased_purges":3,"victory":false,"max_hp_per_floor":[60,60,60,60,61,61,61,61,61,61,62,62,62,62,62,62,62,62,62,67,67,67,67,67,67,67,67,67,68,68,68,68,68,73,73,73,73,73,73,73,73,73,73,75,75,75,75,75,75,75,75,75,75,75,75],"card_choices":[{"not_picked":["animator:DolaRiku","animator:Ara"],"picked":"animator:RoryMercury","floor":1.0},{"not_picked":["animator:LeleiLaLalena","animator:Kuribayashi"],"picked":"animator:SayakaMiki","floor":2.0},{"not_picked":["animator:MikuIzayoi","animator:Clownpiece"],"picked":"animator:Raven","floor":3.0},{"not_picked":["animator:YachiyoNanami","animator:IrohaTamaki"],"picked":"animator:KyokoSakura","floor":5.0},{"not_picked":["animator:HiiragiShinya","animator:DolaRiku"],"picked":"animator:TukaLunaMarceau","floor":7.0},{"not_picked":["animator:MamiTomoe","animator:SuikaIbuki"],"picked":"animator:Aisha","floor":11.0},{"not_picked":["animator:Chung","animator:YaoHaDucy"],"picked":"animator:YuukaKazami","floor":13.0},{"not_picked":["animator:MamiTomoe","animator:KyokoSakura"],"picked":"animator:IrohaTamaki","floor":14.0},{"not_picked":["animator:SatoriKomeiji","animator:KurumiTokisaki"],"picked":"animator:MadokaKaname","floor":16.0},{"not_picked":["animator:Shigure+1","animator:Elsword"],"picked":"animator:HiiragiShinya","floor":18.0},{"not_picked":["animator:ReineMurasame","animator:Raven"],"picked":"animator:PinaCoLada","floor":24.0},{"not_picked":["animator:Shigure","animator:MukuroHoshimiya"],"picked":"animator:Bozes","floor":27.0},{"not_picked":["animator:NagisaMomoe","animator:KyokoSakura"],"picked":"animator:OrikoMikuni","floor":29.0},{"not_picked":["animator:ReineMurasame+1","animator:DolaCouronne"],"picked":"animator:ChlammyZell","floor":30.0},{"not_picked":["animator:KurumiTokisaki","animator:FeridBathory"],"picked":"animator:Kyubey","floor":33.0},{"not_picked":["animator:YaoHaDucy","animator:Kuribayashi"],"picked":"animator:OrigamiTobiichi","floor":34.0},{"not_picked":["animator:Lu+1","animator:Tyuule"],"picked":"animator:TukaLunaMarceau","floor":35.0},{"not_picked":["animator:Mikaela+1","animator:Lu+1","animator:KyokoSakura"],"picked":"SKIP","floor":41.0},{"not_picked":["animator:NagisaMomoe","animator:OrikoMikuni"],"picked":"animator:KyokoSakura","floor":42.0},{"not_picked":["animator:Chung","animator:HiiragiShinya"],"picked":"animator:YachiyoNanami","floor":44.0},{"not_picked":["animator:Shinoa+1","animator:YuiTsuruno+1"],"picked":"animator:Tyuule","floor":47.0},{"not_picked":["animator:Chung","animator:Shinoa","animator:KoishiKomeiji"],"picked":"SKIP","floor":48.0}],"player_experience":2410811,"relics_obtained":[{"floor":7.0,"key":"InkBottle"},{"floor":9.0,"key":"Letter Opener"},{"floor":11.0,"key":"Paper Crane"},{"floor":24.0,"key":"Paper Frog"},{"floor":26.0,"key":"Art of War"},{"floor":27.0,"key":"animator:WornHelmet"},{"floor":31.0,"key":"Mercury Hourglass"},{"floor":42.0,"key":"Anchor"},{"floor":43.0,"key":"Omamori"},{"floor":44.0,"key":"Happy Flower"}],"event_choices":[{"damage_healed":0.0,"max_hp_gain":0.0,"max_hp_loss":0.0,"gold_gain":0.0,"event_name":"The Library","player_choice":"Read","floor":19.0,"gold_loss":0.0,"damage_taken":0.0,"cards_obtained":["animator:LeleiLaLalena"]},{"damage_healed":0.0,"max_hp_gain":5.0,"max_hp_loss":0.0,"gold_gain":0.0,"event_name":"Forgotten Altar","player_choice":"Shed Blood","floor":20.0,"gold_loss":0.0,"damage_taken":22.0},{"damage_healed":0.0,"max_hp_gain":0.0,"max_hp_loss":0.0,"gold_gain":0.0,"event_name":"Vampires","player_choice":"Ignored","floor":22.0,"gold_loss":0.0,"damage_taken":0.0},{"damage_healed":0.0,"max_hp_gain":0.0,"max_hp_loss":0.0,"gold_gain":0.0,"event_name":"Addict","player_choice":"Obtained Relic","floor":28.0,"gold_loss":85.0,"damage_taken":0.0,"relics_obtained":["Centennial Puzzle"]},{"cards_removed":["animator:RoryMercury"],"damage_healed":0.0,"max_hp_gain":0.0,"max_hp_loss":0.0,"gold_gain":0.0,"event_name":"Falling","player_choice":"Removed Attack","floor":37.0,"gold_loss":0.0,"damage_taken":0.0},{"damage_healed":0.0,"max_hp_gain":0.0,"max_hp_loss":0.0,"gold_gain":0.0,"event_name":"Mysterious Sphere","player_choice":"Ignored","floor":38.0,"gold_loss":0.0,"damage_taken":0.0}],"is_beta":false,"boss_relics":[{"not_picked":["Fusion Hammer","Black Star"],"picked":"Sozu"},{"not_picked":["Runic Dome","SacredBark"],"picked":"Tiny House"}],"items_purged_floors":[4,21,36],"is_endless":false,"potions_floor_spawned":[1,2,13,16,18,24,41,47,48],"killed_by":"Shield and Spear","ascension_level":15}}