{"host":"4coy96o7l3fioe37","time":1610014859,"event":{"mods":["AchievementEnabler","Act Like it!","AlwaysNeverKeys","BaseMod","Better Altar","Better Match","Better Note","Better Sensory Stone","Better Skull","Better Third Choice","Better Vampires","BetterRewards","ChefMod","Colored Map","Disable Question Mark Monsters","Downfall","Minty Spire (QoL Compilation)","Rare Cards Sparkle","StSLib","The Dragon Tamer","The Marked"],"gold_per_floor":[111,111,36,36,1,1,37,52,77,96,96,119,119,140,140,263,263,277,277,297,297,297,297,337,350,420,420,335,354,354,375,375,375,375],"floor_reached":33,"playtime":1829,"items_purged":[],"score":290,"play_id":"82c01f82-1979-4731-9a0b-dd920f1790bc","local_time":"20210107102059","is_ascension_mode":false,"campfire_choices":[{"data":"theMarked:ComboAttacks","floor":6,"key":"SMITH"},{"data":"theMarked:ElementalBlade","floor":13,"key":"SMITH"},{"data":"theMarked:Convert","floor":15,"key":"SMITH"},{"floor":23,"key":"REST"},{"floor":27,"key":"REST"},{"floor":30,"key":"REST"},{"floor":32,"key":"REST"}],"circlet_count":0,"master_deck":["theMarked:Strike+1","theMarked:Strike+1","theMarked:Strike+1","theMarked:Strike+1","theMarked:Defend+1","theMarked:Defend+1","theMarked:Defend+1","theMarked:Defend+1","theMarked:SoldierOfQuellstein","theMarked:ElementalBlade+1","theMarked:ComboAttacks+1","theMarked:AttractMetal","theMarked:ChainLightning","theMarked:StartUp","theMarked:Convert+1","theMarked:MagicAdept","theMarked:Parkour","chefmod:KnifeFlurry+1","theMarked:TwofoldDefense","theMarked:Static","theMarked:RepellingDischarge"],"relics":["theMarked:ArtifactOfAir","NeowsBlessing","Golden Idol","StrikeDummy","Bag of Preparation","Black Star","MutagenicStrength","Regal Pillow","Bronze Scales","Frozen Egg 2","Mercury Hourglass"],"acts_visited":["Exordium","TheCity"],"potions_floor_usage":[16,16,16,24],"damage_taken":[{"damage":0,"enemies":"2 Louse","floor":1,"turns":1},{"damage":0,"enemies":"Lagavulin","floor":7,"turns":1},{"damage":0,"enemies":"Cultist","floor":8,"turns":1},{"damage":0,"enemies":"Small Slimes","floor":10,"turns":3},{"damage":5,"enemies":"3 Louse","floor":12,"turns":2},{"damage":5,"enemies":"Looter","floor":14,"turns":4},{"damage":38,"enemies":"Hexaghost","floor":16,"turns":9},{"damage":40,"enemies":"Spheric Guardian","floor":18,"turns":6},{"damage":10,"enemies":"Shell Parasite","floor":20,"turns":4},{"damage":34,"enemies":"Slavers","floor":24,"turns":5},{"damage":6,"enemies":"3 Cultists","floor":25,"turns":5},{"damage":18,"enemies":"Snake Plant","floor":29,"turns":3},{"damage":12,"enemies":"Shelled Parasite and Fungi","floor":31,"turns":5},{"damage":87,"enemies":"Collector","floor":33,"turns":9}],"seed_played":"3064776483358355086","potions_obtained":[{"floor":1,"key":"SkillPotion"},{"floor":8,"key":"Explosive Potion"},{"floor":10,"key":"LiquidBronze"},{"floor":18,"key":"Ancient Potion"}],"is_trial":false,"path_per_floor":["M","?","$","?","?","R","E","M","T","M","$","M","R","M","R","B",null,"M","?","M","?","?","R","E","M","T","R","?","M","R","M","R","B"],"character_chosen":"THE_DEFAULT","items_purchased":["theMarked:ComboAttacks"],"campfire_rested":4,"item_purchase_floors":[3],"current_hp_per_floor":[70,70,70,53,70,70,70,70,70,70,70,65,65,60,60,22,70,30,30,20,20,20,41,7,1,1,37,37,19,55,43,70,0,0],"gold":375,"neow_bonus":"THREE_ENEMY_KILL","is_daily":false,"chose_seed":false,"campfire_upgraded":3,"win_rate":0.0,"timestamp":1610014859,"path_taken":["M","?","?","?","?","R","E","M","T","M","?","?","R","M","R","BOSS","M","?","M","?","?","R","E","M","T","R","?","M","R","M","R","BOSS"],"items_purchased_type":["Card"],"build_version":"2020-12-22","purchased_purges":0,"victory":false,"max_hp_per_floor":[70,70,70,70,70,70,70,70,70,70,70,70,70,70,70,70,70,70,70,70,70,70,70,70,70,70,70,70,70,70,70,70,70,70],"card_choices":[{"not_picked":["theMarked:BanishingWave","theMarked:Convert"],"picked":"theMarked:ElementalBlade","floor":1},{"not_picked":["theMarked:StartUp","theMarked:GodGivenPower"],"picked":"theMarked:AttractMetal","floor":7},{"not_picked":["theMarked:CreepingChasm","theMarked:ContemptForTheProud"],"picked":"theMarked:ChainLightning","floor":8},{"not_picked":["theMarked:ElectricStrings","theMarked:ParalyzingBlade","theMarked:EmpowerWeapon"],"picked":"SKIP","floor":10},{"not_picked":["theMarked:Improvise","theMarked:EmpowerWeapon"],"picked":"theMarked:StartUp","floor":12},{"not_picked":["theMarked:RogueSparks","theMarked:TurnInvisible"],"picked":"theMarked:Convert","floor":14},{"not_picked":["theMarked:SummonStrength","theMarked:Defy"],"picked":"theMarked:MagicAdept","floor":16},{"not_picked":["theMarked:MysticalArsenal","theMarked:AttractMetal"],"picked":"theMarked:Parkour","floor":18},{"not_picked":["theMarked:ParalyzingBlade+1","theMarked:Parry","theMarked:ElementalBlade"],"picked":"SKIP","floor":20},{"not_picked":["theMarked:ResourceFulStrike","theMarked:HeightenedSenses"],"picked":"theMarked:TwofoldDefense","floor":24},{"not_picked":["theMarked:Frustration","theMarked:ShockingTouch"],"picked":"theMarked:Static","floor":25},{"not_picked":["theMarked:TwofoldDefense+1","theMarked:Static+1"],"picked":"theMarked:RepellingDischarge","floor":29},{"not_picked":["theMarked:BanishingStrike","theMarked:EmpowerWeapon","theMarked:TunnelVision"],"picked":"SKIP","floor":31}],"player_experience":267170,"relics_obtained":[{"floor":7,"key":"StrikeDummy"},{"floor":9,"key":"Bag of Preparation"},{"floor":24,"key":"Regal Pillow"},{"floor":24,"key":"Bronze Scales"},{"floor":26,"key":"Frozen Egg 2"}],"event_choices":[{"cards_removed":["theMarked:Strike"],"damage_healed":0,"gold_gain":0,"player_choice":"Purged","damage_taken":0,"max_hp_gain":0,"max_hp_loss":0,"event_name":"Purifier","floor":2,"gold_loss":0},{"damage_healed":0,"gold_gain":0,"player_choice":"Take Damage","damage_taken":17,"relics_obtained":["Golden Idol"],"max_hp_gain":0,"max_hp_loss":0,"event_name":"Golden Idol","floor":4,"gold_loss":0},{"damage_healed":17,"gold_gain":0,"player_choice":"Healed","damage_taken":0,"max_hp_gain":0,"max_hp_loss":0,"event_name":"The Cleric","floor":5,"gold_loss":35},{"cards_removed":["theMarked:ComboAttacks"],"damage_healed":0,"gold_gain":0,"player_choice":"Take \u0026 Give","damage_taken":0,"max_hp_gain":0,"max_hp_loss":0,"event_name":"betterNote:BetterNote","floor":19,"gold_loss":0,"cards_obtained":["chefmod:KnifeFlurry"]},{"damage_healed":0,"gold_gain":0,"player_choice":"Simplicity","damage_taken":0,"max_hp_gain":0,"max_hp_loss":8,"event_name":"betterThird:BetterWriting","floor":21,"gold_loss":0},{"damage_healed":0,"gold_gain":0,"player_choice":"Inject Mutagens","damage_taken":0,"relics_obtained":["MutagenicStrength"],"max_hp_gain":0,"max_hp_loss":0,"event_name":"Drug Dealer","floor":22,"gold_loss":0},{"damage_healed":0,"gold_gain":0,"player_choice":"Obtained Relic","damage_taken":0,"relics_obtained":["Mercury Hourglass"],"max_hp_gain":0,"max_hp_loss":0,"event_name":"Addict","floor":28,"gold_loss":85}],"is_beta":false,"boss_relics":[{"not_picked":["Snecko Eye","Tiny House"],"picked":"Black Star"}],"items_purged_floors":[],"is_endless":false,"potions_floor_spawned":[1,8,10,18],"killed_by":"Collector","ascension_level":0}}