{"host":"w1xj5yb993x94b3l","time":1610055769,"event":{"mods":["AchievementEnabler","Act Like it!","Aspiration","BaseMod","Beaked The Cultist","BetterRewards","CCEM","Clockwork Mod","Colored Powertips","Conspire","Downfall","Energized Spire","Friendly Minions","GifTheSpireLib","Glutton Mod","Halation","Hubris","Infinite Spire","Lobotomy","LobotomyExtend","Mad Scientist","Marisa????????","Minty Spire (QoL Compilation)","Relic Sorter","Replay The Spire","Slumbering Mod","Spikes Relics","StSLib","Stuff the Spire","The Bladedancer","The Construct","The Disciple","The Jungle","The Mystic","The Runesmith","The Sage","The Servant 0.9.4","Trackpad","vexMod"],"gold_per_floor":[99,117,117,117,141,174,246,246,246,264,284,284,284,304,320,419,419,419,437,452,452,452,452,452,59,59,74,74,94,94,94,104,204,204,204,87,87,87,87,103,103,116,116,216,216,233,233,253,265,265],"floor_reached":51,"playtime":3638,"items_purged":["theSlumbering:Sloth"],"score":840,"play_id":"41d8aa55-4bfd-4ebf-8beb-348b1e951ec8","local_time":"20210107224249","is_ascension_mode":true,"campfire_choices":[{"data":"Guardian:ShieldCharger","floor":1,"key":"SMITH"},{"floor":8,"key":"REST"},{"data":"Guardian:DecasProtection","floor":13,"key":"SMITH"},{"data":"Looming Evil","floor":18,"key":"SMITH"},{"data":"hubris:Gluttony","floor":23,"key":"SMITH"},{"data":"StuffTheSpire:CuriosityCurse","floor":26,"key":"SMITH"},{"data":"ReplayTheSpireMod:Chaos Vortex","floor":28,"key":"SMITH"},{"data":"Guardian:ArmoredProtocol","floor":30,"key":"SMITH"},{"data":"Guardian:EvasiveProtocol","floor":35,"key":"SMITH"},{"data":"Wraith","floor":43,"key":"SMITH"},{"data":"Guardian:SphericShield","floor":45,"key":"SMITH"},{"data":"Guardian:FloatingOrbs","floor":47,"key":"SMITH"}],"circlet_count":0,"master_deck":["Guardian:Strike_Guardian","Guardian:Strike_Guardian","Guardian:Strike_Guardian","Guardian:Strike_Guardian","Guardian:Defend_Guardian","Guardian:Defend_Guardian","Guardian:Defend_Guardian","Guardian:Defend_Guardian+1","Guardian:CurlUp","Guardian:TwinSlam","Guardian:ShieldCharger+1","Guardian:DecasProtection+1","BlessedFruit","BlessedFruit+1","Guardian:Orbwalk","Guardian:Recover","Guardian:Harden","Guardian:ArmoredProtocol+1","Guardian:Planning+1","Guardian:SphericShield+1","Guardian:GuardianWhirl","Guardian:FloatingOrbs+1","ReplayTheSpireMod:Chaos Vortex+1","Guardian:PiercingHide","Guardian:Reroute","Guardian:EvasiveProtocol+1","Guardian:TemporalShield","Guardian:StasisStrike","Guardian:RevengeProtocol+1","StuffTheSpire:BrainWave+1","infinitespire:Collect","Guardian:ShieldSpikes+1","Guardian:PiercingHide+1","Guardian:TimeCapacitor+1","Guardian:SpikerProtocol+1","Guardian:Reroute+1"],"relics":["Guardian:ModeShifter","LetterFromLob","hubris:Towel","Ring of Peace","Ring of Fury","HeavenlyBonsai","halation:PrussianBluePaint","Runesmith:Nanobots","Sandwich","hubris:Potato","Mercury Hourglass","StuffTheSpire:Saxophone","StuffTheSpire:Gunfinga","hubris:ScarierMask","aspiration:VileToxins","Toxic Egg 2","Toy Ornithopter"],"acts_visited":["Exordium","TheCity","TheBeyond"],"potions_floor_usage":[16,16,16,16,33,36,44,44,46,50,50],"damage_taken":[{"damage":0,"enemies":"theSlumbering:NewCultist","floor":2,"turns":4},{"damage":26,"enemies":"theSlumbering:Adrasteia","floor":6,"turns":14},{"damage":0,"enemies":"conspire:RoseBush","floor":10,"turns":4},{"damage":0,"enemies":"Jaw Worm","floor":11,"turns":5},{"damage":0,"enemies":"Blue Slaver","floor":14,"turns":4},{"damage":0,"enemies":"Gremlin Gang","floor":15,"turns":5},{"damage":10,"enemies":"downfall:Ironclad","floor":16,"turns":12},{"damage":3,"enemies":"Shell Parasite","floor":19,"turns":5},{"damage":0,"enemies":"3 Byrds","floor":20,"turns":2},{"damage":0,"enemies":"downfall:FleeingMerchant","floor":25,"turns":4},{"damage":12,"enemies":"Snake Plant","floor":27,"turns":4},{"damage":0,"enemies":"Cultist and Chosen","floor":29,"turns":5},{"damage":0,"enemies":"Snecko","floor":32,"turns":5},{"damage":0,"enemies":"downfall:Silent","floor":33,"turns":7},{"damage":0,"enemies":"downfall:FleeingMerchant","floor":36,"turns":4},{"damage":0,"enemies":"Orb Walker","floor":40,"turns":3},{"damage":0,"enemies":"3 Shapes","floor":42,"turns":4},{"damage":0,"enemies":"downfall:LadyInBlue","floor":44,"turns":7},{"damage":0,"enemies":"Transient","floor":46,"turns":5},{"damage":0,"enemies":"Sphere and 2 Shapes","floor":48,"turns":3},{"damage":0,"enemies":"Maw","floor":49,"turns":6},{"damage":0,"enemies":"downfall:Watcher","floor":50,"turns":6}],"seed_played":"6172794744052909729","potions_obtained":[{"floor":6,"key":"EntropicBrew"},{"floor":10,"key":"ColorlessPotion"},{"floor":15,"key":"Languid Potion"},{"floor":29,"key":"LiquidBronze"},{"floor":33,"key":"GamblersBrew"},{"floor":42,"key":"SpeedPotion"},{"floor":44,"key":"LifebloodPotion"},{"floor":44,"key":"Guardian:StasisDiscoveryPotion"}],"is_trial":false,"path_per_floor":["R","M","?","?","?","E","T","R","M","M","M","?","R","M","M","B",null,"R","M","M","?","?","R","T","$","R","M","R","M","R","?","M","B",null,"R","$","?","AVR","?","M","T","M","R","?","R","M","R","M","M","B",null],"character_chosen":"GUARDIAN","items_purchased":["StuffTheSpire:Saxophone","StuffTheSpire:Gunfinga","Guardian:RevengeProtocol+1"],"campfire_rested":1,"item_purchase_floors":[25,25,36],"current_hp_per_floor":[80,80,80,80,60,36,36,60,60,62,64,64,64,66,68,60,92,92,91,92,92,92,92,92,98,98,89,89,92,92,92,94,97,112,112,114,114,114,114,114,114,114,114,117,117,120,120,120,123,126],"gold":265,"neow_bonus":"THREE_CARDS","is_daily":false,"chose_seed":false,"campfire_upgraded":11,"win_rate":0.0,"timestamp":1610055769,"path_taken":["R","M","?","?","?","E","T","R","M","?","M","?","R","M","M","BOSS","R","M","?","?","?","R","T","$","R","M","R","M","R","?","M","BOSS","R","$","?","AVR","?","M","T","?","R","?","R","M","R","?","M","BOSS"],"items_purchased_type":["Relic","Relic","Card"],"build_version":"2020-12-22","purchased_purges":1,"victory":true,"max_hp_per_floor":[80,80,80,80,80,82,82,82,82,84,86,86,86,88,90,92,92,92,94,95,95,95,95,95,101,101,104,104,107,107,107,109,112,112,112,114,114,114,114,114,114,114,114,117,117,120,120,120,123,126],"card_choices":[{"not_picked":["Guardian:Incinerate","Guardian:PrimingBeam"],"picked":"Guardian:ShieldCharger","floor":0},{"not_picked":["Guardian:TemporalShield","Guardian:VentSteam"],"picked":"Guardian:DecasProtection","floor":2},{"not_picked":["Guardian:VentSteam","Guardian:Clone"],"picked":"Guardian:Orbwalk","floor":5},{"not_picked":["Guardian:Clone","Guardian:StasisStrike"],"picked":"Guardian:Recover","floor":6},{"not_picked":["Guardian:Gem_Green","Guardian:PrimingBeam"],"picked":"Guardian:Harden","floor":10},{"not_picked":["Guardian:DecasProtection","Guardian:Repulse"],"picked":"Guardian:ArmoredProtocol","floor":11},{"not_picked":["Guardian:VentSteam","Guardian:Repulse"],"picked":"Guardian:Gem_Lightblue","floor":14},{"not_picked":["Guardian:PrismaticBeam","Guardian:Planning"],"picked":"Guardian:Gem_Red","floor":15},{"not_picked":["Guardian:FierceBash","Guardian:ConstructionForm"],"picked":"Guardian:SphericShield","floor":16},{"not_picked":["Guardian:PrimingBeam","Guardian:Suspension"],"picked":"Guardian:GuardianWhirl","floor":19},{"not_picked":["Guardian:TemporalShield","Guardian:ShieldCharger+1"],"picked":"Guardian:FloatingOrbs","floor":20},{"not_picked":["hubris:Fate","infinitespire:Collect"],"picked":"ReplayTheSpireMod:Chaos Vortex","floor":21},{"not_picked":["Guardian:ChargeCore","Guardian:WalkerClaw"],"picked":"Guardian:PiercingHide","floor":25},{"not_picked":["Guardian:Incinerate","Guardian:GemFire"],"picked":"Guardian:Reroute","floor":27},{"not_picked":["Guardian:PrismaticBarrier","Guardian:TemporalShield"],"picked":"Guardian:EvasiveProtocol","floor":29},{"not_picked":["Guardian:Reroute","Guardian:PrimingBeam+1"],"picked":"Guardian:TemporalShield","floor":32},{"not_picked":["Guardian:BaubleBeam","Guardian:ConstructionForm"],"picked":"Guardian:StasisStrike","floor":33},{"not_picked":["Guardian:Gem_Fragmented","Guardian:PrismaticBarrier"],"picked":"Guardian:Gem_Synthetic","floor":36},{"not_picked":["Guardian:Gem_Green","Guardian:Harden"],"picked":"Guardian:ShieldSpikes+1","floor":40},{"not_picked":["Guardian:MultiBeam","Guardian:Incinerate+1"],"picked":"Guardian:PiercingHide+1","floor":42},{"not_picked":["Guardian:RollAttack+1","Guardian:ShieldCharger+1"],"picked":"Guardian:Gem_Red","floor":44},{"not_picked":["Guardian:TemporalStrike","Guardian:Gem_Fragmented"],"picked":"Guardian:TimeCapacitor+1","floor":46},{"not_picked":["Guardian:Gem_Lightblue","Guardian:TemporalShield+1"],"picked":"Guardian:SpikerProtocol+1","floor":48},{"not_picked":["Guardian:HyperBeam_Guardian","Guardian:Gem_Green"],"picked":"Guardian:Reroute+1","floor":49}],"player_experience":255205,"relics_obtained":[{"floor":2,"key":"LetterFromLob"},{"floor":4,"key":"Ring of Peace"},{"floor":4,"key":"Ring of Fury"},{"floor":5,"key":"HeavenlyBonsai"},{"floor":6,"key":"halation:PrussianBluePaint"},{"floor":7,"key":"Runesmith:Nanobots"},{"floor":24,"key":"Mercury Hourglass"},{"floor":41,"key":"Toxic Egg 2"},{"floor":44,"key":"Toy Ornithopter"}],"event_choices":[{"damage_healed":0,"gold_gain":0,"player_choice":"Ignored","damage_taken":0,"max_hp_gain":0,"max_hp_loss":0,"event_name":"OrinTheCat","floor":37,"gold_loss":0}],"is_beta":false,"boss_relics":[{"not_picked":["vexMod:CursedCompass","trackpad:Coffee"],"picked":"Sandwich"},{"not_picked":["SlaversCollar","halation:LoveArrow"],"picked":"hubris:ScarierMask"}],"items_purged_floors":[25],"is_endless":false,"potions_floor_spawned":[6,10,15,29,33,42,44],"ascension_level":2}}