{"host":"9ndbo4kgsfoemf7y","time":1610018396,"event":{"mods":["AchievementEnabler","BaseMod","Colored Map","DeckTracker","Keyboard Shortcuts","Minty Spire (QoL Compilation)","Permanent Neow","Quick Restart","Relic Stats","StSLib","SuperFastMode"],"gold_per_floor":[17,17,37,112,126,151,151,161,161,187,24,37,37,67,67,67,67],"floor_reached":16,"playtime":458,"items_purged":["Strike_B"],"score":150,"play_id":"7d201e40-d0c4-4295-aa64-fcb5dcd5b086","local_time":"20210107201956","is_ascension_mode":true,"campfire_choices":[{"floor":7,"key":"REST"},{"floor":13,"key":"REST"},{"data":"Rainbow","floor":15,"key":"SMITH"}],"circlet_count":0,"master_deck":["Strike_B","Strike_B","Defend_B","Defend_B","Defend_B","Defend_B","Zap","Dualcast","Apotheosis","Genetic Algorithm","Rainbow+1","Beam Cell","Skim","White Noise","Sweeping Beam","Electrodynamics+1","Recycle","Conserve Battery","Coolheaded","Machine Learning+1"],"relics":["Cracked Core","Lantern","Frozen Egg 2","InkBottle","Juzu Bracelet"],"acts_visited":["Exordium"],"potions_floor_usage":[6,10],"damage_taken":[{"damage":12,"enemies":"Jaw Worm","floor":1,"turns":3},{"damage":1,"enemies":"2 Louse","floor":3,"turns":3},{"damage":10,"enemies":"Small Slimes","floor":5,"turns":3},{"damage":16,"enemies":"Gremlin Nob","floor":6,"turns":3},{"damage":11,"enemies":"Red Slaver","floor":8,"turns":4},{"damage":16,"enemies":"3 Sentries","floor":10,"turns":5},{"damage":8,"enemies":"Gremlin Gang","floor":12,"turns":3},{"damage":6,"enemies":"Gremlin Nob","floor":14,"turns":3},{"damage":29,"enemies":"Slime Boss","floor":16,"turns":3}],"seed_played":"-8277795898822065398","potions_obtained":[{"floor":3,"key":"FocusPotion"},{"floor":5,"key":"AttackPotion"},{"floor":6,"key":"Fire Potion"},{"floor":12,"key":"Energy Potion"}],"is_trial":false,"path_per_floor":["M","?","M","?","M","E","R","M","T","E","$","M","R","E","R","B"],"character_chosen":"DEFECT","items_purchased":["Recycle","Conserve Battery"],"campfire_rested":2,"item_purchase_floors":[11,11],"current_hp_per_floor":[63,63,62,51,41,25,47,36,36,20,20,12,34,28,28,0,0],"gold":67,"neow_bonus":"RANDOM_COLORLESS_2","is_daily":false,"chose_seed":false,"campfire_upgraded":1,"win_rate":0.0,"timestamp":1610018396,"path_taken":["M","?","M","?","M","E","R","M","T","E","$","M","R","E","R","BOSS"],"items_purchased_type":["Card","Card"],"build_version":"2020-12-22","purchased_purges":1,"victory":false,"max_hp_per_floor":[75,75,75,75,75,75,75,75,75,75,75,75,75,75,75,75,75],"relic_stats":{"counters":[9,30],"Juzu Bracelet":0,"obtain_stats":[{"Lantern":6,"Juzu Bracelet":14,"Frozen Egg 2":9,"Cracked Core":0,"InkBottle":10},{"Lantern":4,"Juzu Bracelet":8,"Frozen Egg 2":5,"Cracked Core":0,"InkBottle":6},{"Lantern":12,"Juzu Bracelet":27,"Frozen Egg 2":16,"Cracked Core":0,"InkBottle":21}],"InkBottle":[3]},"card_choices":[{"not_picked":["Violence","Metamorphosis"],"picked":"Apotheosis","floor":0},{"not_picked":["Capacitor","Stack"],"picked":"Genetic Algorithm","floor":1},{"not_picked":["Rebound","Ball Lightning"],"picked":"Beam Cell","floor":3},{"not_picked":["Barrage","Compile Driver"],"picked":"Skim","floor":5},{"not_picked":["Leap","Compile Driver"],"picked":"White Noise","floor":6},{"not_picked":["Stack","Ball Lightning"],"picked":"Sweeping Beam","floor":8},{"not_picked":["Hologram","Melter"],"picked":"Electrodynamics+1","floor":10},{"not_picked":["Leap","Streamline"],"picked":"Coolheaded","floor":12},{"not_picked":["Redo","Gash"],"picked":"Machine Learning+1","floor":14}],"player_experience":782657,"relics_obtained":[{"floor":6,"key":"Lantern"},{"floor":9,"key":"Frozen Egg 2"},{"floor":10,"key":"InkBottle"},{"floor":14,"key":"Juzu Bracelet"}],"event_choices":[{"damage_healed":0,"gold_gain":0,"cards_transformed":["Strike_B"],"player_choice":"Change","damage_taken":0,"max_hp_gain":0,"max_hp_loss":0,"event_name":"Living Wall","floor":2,"gold_loss":0,"cards_obtained":["Rainbow"]},{"damage_healed":0,"gold_gain":75,"player_choice":"Gather Gold","damage_taken":11,"max_hp_gain":0,"max_hp_loss":0,"event_name":"World of Goop","floor":4,"gold_loss":0}],"is_beta":false,"boss_relics":[],"items_purged_floors":[11],"is_endless":false,"potions_floor_spawned":[3,5,6,12],"killed_by":"Slime Boss","ascension_level":5}}