{"host":"w3x3n9s6mrz4xpf0","time":1610026056,"event":{"mods":["BaseMod","Minty Spire (QoL Compilation)","StSLib","SuperFastMode"],"gold_per_floor":[112,122,142,142,67,67,101,115,138,154,79,79,79,113,113,113,113],"floor_reached":16,"playtime":443,"items_purged":["Strike_G"],"score":220,"play_id":"869f9fa5-73a6-472d-93c0-900cc81834c2","local_time":"20210107222736","is_ascension_mode":true,"campfire_choices":[{"data":"Crippling Poison","floor":6,"key":"SMITH"},{"data":"Bane","floor":13,"key":"SMITH"},{"data":"Phantasmal Killer","floor":15,"key":"SMITH"}],"circlet_count":0,"master_deck":["AscendersBane","Strike_G","Strike_G","Defend_G","Defend_G","Defend_G","Defend_G","Defend_G","Survivor","Neutralize","Crippling Poison+1","Dagger Spray","Bane+1","Predator","Phantasmal Killer+1"],"relics":["Ring of the Snake","NeowsBlessing","Strawberry","Tiny Chest","Boot"],"acts_visited":["Exordium"],"potions_floor_usage":[7,14],"damage_taken":[{"damage":0,"enemies":"Cultist","floor":1,"turns":1},{"damage":0,"enemies":"2 Louse","floor":2,"turns":1},{"damage":0,"enemies":"Small Slimes","floor":3,"turns":1},{"damage":18,"enemies":"3 Sentries","floor":7,"turns":10},{"damage":3,"enemies":"Gremlin Gang","floor":8,"turns":3},{"damage":18,"enemies":"Large Slime","floor":10,"turns":9},{"damage":24,"enemies":"Lagavulin","floor":14,"turns":6},{"damage":49,"enemies":"Hexaghost","floor":16,"turns":9}],"seed_played":"-5236709122417379141","potions_obtained":[{"floor":1,"key":"LiquidBronze"},{"floor":3,"key":"Energy Potion"}],"is_trial":false,"path_per_floor":["M","M","M","?","?","R","E","M","T","M","$","?","R","E","R","B"],"character_chosen":"THE_SILENT","items_purchased":[],"campfire_rested":0,"item_purchase_floors":[],"current_hp_per_floor":[59,59,59,52,52,52,41,38,38,20,20,73,73,49,49,0,0],"gold":113,"neow_bonus":"THREE_ENEMY_KILL","is_daily":false,"chose_seed":false,"campfire_upgraded":3,"win_rate":0.0,"timestamp":1610026056,"path_taken":["M","?","?","?","?","R","E","M","T","M","$","?","R","E","R","BOSS"],"items_purchased_type":[],"build_version":"2020-12-22","purchased_purges":1,"victory":false,"max_hp_per_floor":[66,66,66,66,66,66,73,73,73,73,73,73,73,73,73,73,73],"card_choices":[{"not_picked":["Prepared","Leg Sweep"],"picked":"Crippling Poison","floor":1},{"not_picked":["Concentrate","Acrobatics"],"picked":"Dagger Spray","floor":2},{"not_picked":["Acrobatics","Deflect"],"picked":"Bane","floor":3},{"not_picked":["Accuracy","Outmaneuver","Blur"],"picked":"SKIP","floor":7},{"not_picked":["PiercingWail","Setup","Deflect"],"picked":"SKIP","floor":8},{"not_picked":["Underhanded Strike","Blur"],"picked":"Predator","floor":10},{"not_picked":["Backstab","Underhanded Strike"],"picked":"Phantasmal Killer","floor":14}],"player_experience":117100,"relics_obtained":[{"floor":7,"key":"Strawberry"},{"floor":9,"key":"Tiny Chest"},{"floor":14,"key":"Boot"}],"event_choices":[{"cards_removed":["Strike_G"],"damage_healed":0,"gold_gain":0,"player_choice":"Card Removal","damage_taken":7,"max_hp_gain":0,"max_hp_loss":0,"event_name":"Golden Wing","floor":4,"gold_loss":0},{"cards_removed":["Strike_G"],"damage_healed":0,"gold_gain":0,"player_choice":"Card Removal","damage_taken":0,"max_hp_gain":0,"max_hp_loss":0,"event_name":"The Cleric","floor":5,"gold_loss":75},{"damage_healed":53,"gold_gain":0,"player_choice":"Full Heal","damage_taken":0,"max_hp_gain":0,"max_hp_loss":0,"event_name":"Wheel of Change","floor":12,"gold_loss":0}],"is_beta":false,"boss_relics":[],"items_purged_floors":[11],"is_endless":false,"potions_floor_spawned":[1,3],"killed_by":"Hexaghost","ascension_level":20}}