{"host":"Bilverbakes","time":1610003957,"event":{"mods":["2.2 Compatiblity","AchievementEnabler","BaseMod","Bestiary","Colored Map","Minty Spire (QoL Compilation)","Relic Stats","StSLib","ojb\u0027s Info Mod"],"gold_per_floor":[18,38,48,67,67,98,98,127,127,127,142,158,193,204,204,280,280,290,306,321,36,48,48,74,84,84,117,136,136,136,136,136,210,210,224,238,138,149,161,188,188,206,283,263,148,148,148,159,159,159],"floor_reached":51,"playtime":2739,"items_purged":["Strike_P","Pain"],"score":1587,"play_id":"f230b730-eb48-4d57-b19f-68a3038afb5e","local_time":"20210107011917","is_ascension_mode":true,"campfire_choices":[{"data":"Ragnarok","floor":7,"key":"SMITH"},{"data":"Eruption","floor":10,"key":"SMITH"},{"data":"CarveReality","floor":15,"key":"SMITH"},{"data":"Pray","floor":23,"key":"SMITH"},{"floor":30,"key":"REST"},{"floor":32,"key":"REST"},{"floor":41,"key":"REST"},{"floor":46,"key":"REST"},{"data":"ForeignInfluence","floor":49,"key":"SMITH"}],"circlet_count":0,"master_deck":["AscendersBane","Strike_P+1","Strike_P+1","Strike_P+1","Defend_P+1","Defend_P+1","Defend_P+1","Defend_P+1","Eruption+1","Vigilance+1","Evaluate","CarveReality+1","ClearTheMind","BowlingBash+1","Ragnarok+1","FollowUp+1","CutThroughFate+1","Conclude+1","DevaForm+1","FearNoEvil+1","MentalFortress+1","Pray+1","LessonLearned+1","Adaptation+1","MasterReality","DeceiveReality+1","Wallop+1","ForeignInfluence+1"],"relics":["PureWater","Dead Branch","Matryoshka","Molten Egg 2","Singing Bowl","Pear","Damaru","Cursed Key","Bag of Preparation","Question Card","TeardropLocket","Orichalcum","Sozu","Omamori","InkBottle"],"acts_visited":["Exordium","TheCity","TheBeyond"],"potions_floor_usage":[6,8,16,24,27,27,33,38],"damage_taken":[{"damage":0,"enemies":"Small Slimes","floor":1,"turns":2},{"damage":1,"enemies":"2 Louse","floor":2,"turns":2},{"damage":0,"enemies":"Cultist","floor":3,"turns":2},{"damage":5,"enemies":"Blue Slaver","floor":4,"turns":4},{"damage":22,"enemies":"3 Sentries","floor":6,"turns":7},{"damage":11,"enemies":"Lagavulin","floor":8,"turns":4},{"damage":4,"enemies":"2 Fungi Beasts","floor":11,"turns":2},{"damage":0,"enemies":"3 Louse","floor":12,"turns":1},{"damage":8,"enemies":"Gremlin Nob","floor":13,"turns":3},{"damage":0,"enemies":"Exordium Thugs","floor":14,"turns":2},{"damage":8,"enemies":"Hexaghost","floor":16,"turns":6},{"damage":0,"enemies":"Shell Parasite","floor":18,"turns":1},{"damage":0,"enemies":"Chosen","floor":19,"turns":3},{"damage":0,"enemies":"3 Cultists","floor":20,"turns":2},{"damage":22,"enemies":"Cultist and Chosen","floor":22,"turns":5},{"damage":26,"enemies":"Book of Stabbing","floor":24,"turns":3},{"damage":18,"enemies":"Snake Plant","floor":25,"turns":3},{"damage":0,"enemies":"Gremlin Leader","floor":27,"turns":1},{"damage":5,"enemies":"Centurion and Healer","floor":28,"turns":4},{"damage":15,"enemies":"Champ","floor":33,"turns":6},{"damage":22,"enemies":"3 Shapes","floor":35,"turns":6},{"damage":0,"enemies":"3 Darklings","floor":36,"turns":1},{"damage":11,"enemies":"Jaw Worm Horde","floor":38,"turns":3},{"damage":7,"enemies":"4 Shapes","floor":39,"turns":2},{"damage":21,"enemies":"Reptomancer","floor":40,"turns":6},{"damage":48,"enemies":"Maw","floor":42,"turns":8},{"damage":0,"enemies":"3 Darklings","floor":48,"turns":3},{"damage":23,"enemies":"Donu and Deca","floor":50,"turns":5}],"seed_played":"2481166079793709947","potions_obtained":[{"floor":2,"key":"ColorlessPotion"},{"floor":6,"key":"AttackPotion"},{"floor":8,"key":"BottledMiracle"},{"floor":14,"key":"StancePotion"},{"floor":22,"key":"Ambrosia"},{"floor":24,"key":"Explosive Potion"},{"floor":27,"key":"PowerPotion"},{"floor":28,"key":"Strength Potion"}],"is_trial":false,"path_per_floor":["M","M","M","M","?","E","R","E","T","R","M","M","E","M","R","B",null,"M","M","M","$","M","R","E","M","T","E","M","?","R","?","R","B",null,"M","M","$","M","M","E","R","M","T","?","$","R","?","M","R","B",null],"character_chosen":"WATCHER","items_purchased":["Pray","LessonLearned+1","Wallop+1","ForeignInfluence"],"campfire_rested":4,"item_purchase_floors":[21,21,45,45],"current_hp_per_floor":[61,60,60,55,55,33,33,22,32,32,28,28,22,24,24,16,66,66,66,68,68,48,48,24,8,8,10,5,5,32,32,59,44,80,60,62,62,51,46,27,57,11,11,11,11,41,102,104,104,81],"gold":159,"neow_bonus":"ONE_RARE_RELIC","is_daily":false,"chose_seed":false,"campfire_upgraded":5,"win_rate":0.0,"timestamp":1610003957,"path_taken":["M","M","M","M","?","E","R","E","T","R","M","M","E","M","R","BOSS","M","M","M","$","M","R","E","M","T","E","M","?","R","?","R","BOSS","M","M","$","M","M","E","R","M","T","?","?","R","?","M","R","BOSS"],"items_purchased_type":["Card","Card","Card","Card"],"build_version":"2020-12-18","purchased_purges":2,"victory":true,"max_hp_per_floor":[68,68,68,68,68,68,68,68,78,78,78,78,80,82,82,82,82,82,82,84,84,86,86,88,90,90,92,92,92,92,92,92,92,92,94,96,96,96,98,100,100,102,102,102,102,102,102,104,104,104],"relic_stats":{"Sozu":3,"Singing Bowl":26,"counters":[28,97],"Dead Branch":[138],"Bag of Preparation":[24],"Orichalcum":[36],"Cursed Key":2,"Question Card":10,"obtain_stats":[{"Pear":9,"Singing Bowl":9,"Dead Branch":0,"Damaru":13,"Bag of Preparation":24,"Omamori":40,"TeardropLocket":26,"Orichalcum":27,"Cursed Key":17,"Question Card":26,"Sozu":34,"Matryoshka":6,"Molten Egg 2":8,"PureWater":0,"InkBottle":43},{"Pear":6,"Singing Bowl":6,"Dead Branch":0,"Damaru":9,"Bag of Preparation":16,"Omamori":25,"TeardropLocket":17,"Orichalcum":18,"Cursed Key":11,"Question Card":17,"Sozu":20,"Matryoshka":5,"Molten Egg 2":6,"PureWater":0,"InkBottle":26},{"Pear":21,"Singing Bowl":21,"Dead Branch":0,"Damaru":27,"Bag of Preparation":49,"Omamori":81,"TeardropLocket":52,"Orichalcum":53,"Cursed Key":35,"Question Card":52,"Sozu":63,"Matryoshka":17,"Molten Egg 2":21,"PureWater":0,"InkBottle":89}],"InkBottle":[6]},"card_choices":[{"not_picked":["SignatureMove","JustLucky"],"picked":"Evaluate","floor":1},{"not_picked":["WheelKick","ReachHeaven"],"picked":"CarveReality","floor":2},{"not_picked":["EmptyFist","FlurryOfBlows"],"picked":"ClearTheMind","floor":3},{"not_picked":["FlurryOfBlows","CrushJoints"],"picked":"BowlingBash","floor":4},{"not_picked":["Pray","SignatureMove"],"picked":"Ragnarok","floor":6},{"not_picked":["Adaptation","FlurryOfBlows+1"],"picked":"FollowUp+1","floor":8},{"not_picked":["Vengeance","Halt"],"picked":"CutThroughFate+1","floor":11},{"not_picked":["InnerPeace","Evaluate"],"picked":"Conclude+1","floor":12},{"not_picked":["Study","FollowUp+1","BattleHymn"],"picked":"Singing Bowl","floor":13},{"not_picked":["BowlingBash+1","ThirdEye","Worship"],"picked":"Singing Bowl","floor":14},{"not_picked":["LessonLearned+1","Brilliance+1"],"picked":"DevaForm","floor":16},{"not_picked":["ThirdEye","Halt"],"picked":"FearNoEvil+1","floor":18},{"not_picked":["ClearTheMind","FlyingSleeves+1"],"picked":"MentalFortress+1","floor":19},{"not_picked":["Crescendo","BattleHymn","Evaluate"],"picked":"Singing Bowl","floor":20},{"not_picked":["EmptyBody","Crescendo","CutThroughFate+1"],"picked":"Singing Bowl","floor":22},{"not_picked":["PathToVictory","DevaForm","Conclude+1"],"picked":"Singing Bowl","floor":24},{"not_picked":["EmptyFist+1","CutThroughFate+1","EmptyBody"],"picked":"Singing Bowl","floor":25},{"not_picked":["Consecrate+1","Evaluate+1","ThirdEye","ForeignInfluence"],"picked":"Singing Bowl","floor":27},{"not_picked":["SashWhip+1","Protect","Halt"],"picked":"Adaptation+1","floor":28},{"not_picked":["Omniscience","Brilliance+1","Vault"],"picked":"MasterReality","floor":33},{"not_picked":["ThirdEye+1","Wireheading","CrushJoints+1","Consecrate+1"],"picked":"Singing Bowl","floor":35},{"not_picked":["BowlingBash+1","Adaptation","Prostrate","FlurryOfBlows+1"],"picked":"Singing Bowl","floor":36},{"not_picked":["Collect","Halt","FlurryOfBlows+1"],"picked":"DeceiveReality+1","floor":38},{"not_picked":["Vengeance","ClearTheMind","Nirvana+1","Weave+1"],"picked":"Singing Bowl","floor":39},{"not_picked":["Swivel","WindmillStrike+1","Crescendo","Worship"],"picked":"Singing Bowl","floor":40},{"not_picked":["Weave+1","FlurryOfBlows+1","JustLucky+1","FlyingSleeves+1"],"picked":"Singing Bowl","floor":42},{"not_picked":["Study","Prostrate","WindmillStrike+1","SandsOfTime+1"],"picked":"Singing Bowl","floor":48}],"player_experience":628162,"relics_obtained":[{"floor":6,"key":"Matryoshka"},{"floor":8,"key":"Molten Egg 2"},{"floor":9,"key":"Singing Bowl"},{"floor":9,"key":"Pear"},{"floor":13,"key":"Damaru"},{"floor":24,"key":"Bag of Preparation"},{"floor":26,"key":"Question Card"},{"floor":26,"key":"TeardropLocket"},{"floor":27,"key":"Orichalcum"},{"floor":40,"key":"Omamori"},{"floor":43,"key":"InkBottle"}],"event_choices":[{"damage_healed":0,"gold_gain":0,"player_choice":"Grow","damage_taken":0,"max_hp_gain":0,"max_hp_loss":0,"event_name":"Living Wall","floor":5,"gold_loss":0,"cards_upgraded":["BowlingBash"]},{"damage_healed":0,"gold_gain":0,"player_choice":"Simplicity","damage_taken":0,"max_hp_gain":0,"max_hp_loss":0,"event_name":"Back to Basics","floor":29,"gold_loss":0,"cards_upgraded":["Strike_P","Defend_P","Defend_P","Defend_P"]},{"damage_healed":0,"gold_gain":0,"player_choice":"Ignored","damage_taken":0,"max_hp_gain":0,"max_hp_loss":0,"event_name":"Beggar","floor":31,"gold_loss":0},{"damage_healed":0,"gold_gain":0,"player_choice":"Bought 1 Potion","damage_taken":0,"max_hp_gain":0,"max_hp_loss":0,"event_name":"The Woman in Blue","floor":44,"gold_loss":0},{"damage_healed":61,"gold_gain":0,"player_choice":"Heal","damage_taken":0,"max_hp_gain":0,"max_hp_loss":0,"event_name":"MindBloom","floor":47,"gold_loss":0,"cards_obtained":["Doubt"]}],"is_beta":true,"boss_relics":[{"not_picked":["Runic Pyramid","Velvet Choker"],"picked":"Cursed Key"},{"not_picked":["Busted Crown","Runic Dome"],"picked":"Sozu"}],"items_purged_floors":[21,37],"is_endless":false,"potions_floor_spawned":[2,6,8,14,22,24,25,27,28,36,40],"ascension_level":18}}