{"host":"45gjn1i9lq2ky2i9","time":1610000662,"event":{"mods":["2.2 Compatiblity","Act Like it!","Aspiration","Bard","BaseMod","Beaked The Cultist","Better Altar","Better Match","Better Note","Better Sensory Stone","Better Skull","Better Third Choice","Better Vampires","Conspire","Downfall","Halation","Hubris","Infinite Spire","Jedi Mod","Lobotomy","LobotomyExtend","Minty Spire (QoL Compilation)","Pale of the Ancients","Permanent Neow","Replay The Spire","Shop Mod","Spikes Relics","StSLib","The Mystic","The Runesmith","The Wild Card"],"gold_per_floor":[119,137,137,43,43,76,76,106,185,185,204,54,69,69,69,169,169,153,153,166,166,186,186,186],"floor_reached":23,"playtime":1572,"items_purged":["Strike_B"],"score":318,"play_id":"3b27454e-6701-43e9-9e40-40a1de69dff4","local_time":"20210107142422","is_ascension_mode":true,"campfire_choices":[{"floor":7,"key":"REST"},{"floor":10,"key":"REST"},{"floor":15,"key":"REST"}],"circlet_count":0,"master_deck":["AscendersBane","Strike_B","Strike_B","Strike_B","Defend_B","Defend_B","Defend_B","Defend_B","Zap","Dualcast","White Noise","Reinforced Body","Ball Lightning","Trip","Coolheaded","Melter","Defragment+1","Coolheaded","Echo Form","Chill+1","Glacier","Capacitor"],"relics":["Cracked Core","LetterFromLob","halation:Toothbrush","halation:KoshaPiece","Blue Doll","Replay:Bottled Snecko","Velvet Choker","Black Blood"],"acts_visited":["Exordium","TheCity"],"potions_floor_usage":[23],"damage_taken":[{"damage":12,"enemies":"Small Slimes","floor":1,"turns":4},{"damage":8,"enemies":"Jaw Worm","floor":2,"turns":4},{"damage":26,"enemies":"Replay:BlueRogue","floor":6,"turns":8},{"damage":27,"enemies":"3 Sentries","floor":8,"turns":10},{"damage":0,"enemies":"Cultist","floor":11,"turns":3},{"damage":12,"enemies":"Looter","floor":13,"turns":3},{"damage":50,"enemies":"The Guardian","floor":16,"turns":16},{"damage":18,"enemies":"2 Thieves","floor":18,"turns":5},{"damage":0,"enemies":"Spheric Guardian","floor":20,"turns":3},{"damage":2,"enemies":"Snake Plant","floor":22,"turns":6},{"damage":71,"enemies":"Gremlin Leader","floor":23,"turns":4}],"seed_played":"-8040016533164586077","potions_obtained":[{"floor":1,"key":"sneckomod:MuddlingPotion"},{"floor":8,"key":"Strength Potion"},{"floor":20,"key":"DistilledChaos"}],"is_trial":false,"path_per_floor":["M","M","?","$","T","E","R","E","T","R","M","$","M","M","R","B",null,"M","?","M","?","M","E"],"character_chosen":"DEFECT","items_purchased":["Trip","Defragment"],"campfire_rested":3,"item_purchase_floors":[4,12],"current_hp_per_floor":[56,48,48,48,48,22,44,17,17,39,39,42,30,30,53,3,59,41,41,53,53,59,0,0],"gold":186,"neow_bonus":"THREE_CARDS","is_daily":false,"chose_seed":false,"campfire_upgraded":0,"win_rate":0.0,"timestamp":1610000662,"path_taken":["M","M","?","$","?","E","R","E","T","R","M","$","M","?","R","BOSS","M","?","?","?","?","E"],"items_purchased_type":["Card","Card"],"build_version":"2020-12-22","purchased_purges":1,"victory":false,"max_hp_per_floor":[75,75,75,75,75,75,75,75,75,75,75,78,78,78,78,78,78,78,59,59,59,59,59,59],"card_choices":[{"not_picked":["Compile Driver","Stack"],"picked":"White Noise","floor":0},{"not_picked":["Sweeping Beam","Go for the Eyes"],"picked":"Reinforced Body","floor":1},{"not_picked":["Go for the Eyes","Glacier"],"picked":"Ball Lightning","floor":2},{"not_picked":["Redo","ReplaySolidLightProjector"],"picked":"Coolheaded","floor":6},{"not_picked":["jedi:overflow","All For One"],"picked":"Melter","floor":8},{"not_picked":["Rebound","Static Discharge","Crystallizer"],"picked":"SKIP","floor":11},{"not_picked":["Aggregate","Go for the Eyes"],"picked":"Coolheaded","floor":13},{"not_picked":["hubris:SpecializedCircuitry","Core Surge"],"picked":"Echo Form","floor":16},{"not_picked":["Barrage","Leap+1"],"picked":"Chill+1","floor":18},{"not_picked":["Consume","DiskWipe"],"picked":"Glacier","floor":20},{"not_picked":["RefreshScreen","jedi:spotbugs"],"picked":"Capacitor","floor":22}],"player_experience":511022,"relics_obtained":[{"floor":1,"key":"LetterFromLob"},{"floor":5,"key":"halation:Toothbrush"},{"floor":6,"key":"halation:KoshaPiece"},{"floor":8,"key":"Blue Doll"},{"floor":9,"key":"Replay:Bottled Snecko"}],"event_choices":[{"damage_healed":0,"gold_gain":0,"player_choice":"Upgraded","damage_taken":0,"max_hp_gain":0,"max_hp_loss":0,"event_name":"Upgrade Shrine","floor":21,"gold_loss":0,"cards_upgraded":["Defragment"]}],"is_beta":false,"boss_relics":[{"not_picked":["halation:HeavySnake","halation:PlatinumPhoenix"],"picked":"Velvet Choker"}],"items_purged_floors":[12],"is_endless":false,"potions_floor_spawned":[1,8,20],"killed_by":"Gremlin Leader","ascension_level":12}}