{"host":"40f49r155zsx8eqk","time":1610005527,"event":{"mods":["AchievementEnabler","Aspiration","BaseMod","Better Note","Better Sensory Stone","Better Skull","Better Third Choice","Better Vampires","Curses Come First","Dota2Spire","Evolution","GifTheSpireLib","Googly Eyes","Gremlin Skip","Halation","Hubris","Minty Spire (QoL Compilation)","Relic Sorter","Replay The Spire","Spikes Relics","StSLib","Stuff the Spire","The Gatherer","Uncapped","Unceasing Turn Reminder"],"gold_per_floor":[109,109,128,139,139,139,155,166,189,189,189,189,189,203,203,306,306,286,311,10,10,75,75,272,272,296,296,220,220,315,396,396,538,538,640,700,776,776,30,30,179,235,286,286,286,518,518,618,618,723],"floor_reached":51,"playtime":1954,"items_purged":["Shame"],"score":909,"play_id":"cb27ff16-0cac-4154-90f6-44d5a94d59b9","local_time":"20210107104527","is_ascension_mode":true,"campfire_choices":[{"floor":6,"key":"REST"},{"floor":10,"key":"REST"},{"floor":23,"key":"REST"},{"floor":32,"key":"REST"},{"floor":40,"key":"REST"},{"data":"Havoc","floor":44,"key":"SMITH"},{"floor":47,"key":"REST"},{"data":"StuffTheSpire:Resist","floor":49,"key":"SMITH"}],"circlet_count":0,"master_deck":["Strike_R","Strike_R","Strike_R","Strike_R","Defend_R","Defend_R","Defend_R","Defend_R","Bash","StuffTheSpire:Incineration","True Grit+1","Feel No Pain","Pommel Strike+1","Injury","Berserk","StuffTheSpire:RockThrow+1","Panache","Thunderclap+1","Double Tap","Defy Death","Exhume","Flex","Absolvement+1","ReplayTheSpireMod:Strike From Hell+1","ReplayTheSpireMod:Strike From Hell+1","Dark Embrace+1","Havoc+1","Replay:Undeath\u0027s Touch+1","Barricade","StuffTheSpire:Resist+1"],"relics":["Black Blood","EVO:Axolotl","NeowsBlessing","GremlinMask","aspiration:HummingbirdHeart","Regal Pillow","StuffTheSpire:Gunfinga","hubris:FruitBowl","aspiration:ArtOfWarUpgrade","StuffTheSpire:BottledEssence","StuffTheSpire:TintedRock","Molten Egg 2","Runic Dome","Replay:Bandana","Blue Doll","Dota2Spire:MagicBottle","Akabeko","Dota2Spire:MaskOfMadness","Dota2Spire:Vanguard","FossilizedHelix","hubris:BottledRain","aspiration:HatOfInfinitePower","Paper Frog","Centennial Puzzle","Dota2Spire:BladeMail","hubris:ChampionShield"],"acts_visited":["Exordium","TheCity","TheBeyond"],"potions_floor_usage":[16,16,16,33,37,41,41,50,50],"damage_taken":[{"damage":0,"enemies":"2 Louse","floor":1,"turns":1},{"damage":0,"enemies":"Cultist","floor":3,"turns":1},{"damage":0,"enemies":"Small Slimes","floor":4,"turns":1},{"damage":0,"enemies":"Looter","floor":7,"turns":3},{"damage":8,"enemies":"Large Slime","floor":8,"turns":7},{"damage":3,"enemies":"Red Slaver","floor":14,"turns":4},{"damage":48,"enemies":"Slime Boss","floor":16,"turns":9},{"damage":17,"enemies":"2 Thieves","floor":18,"turns":4},{"damage":1,"enemies":"Chosen","floor":22,"turns":4},{"damage":42,"enemies":"Book of Stabbing","floor":24,"turns":6},{"damage":0,"enemies":"Sentry and Sphere","floor":30,"turns":5},{"damage":17,"enemies":"Snake Plant","floor":31,"turns":5},{"damage":50,"enemies":"hubris:MusketHawk","floor":33,"turns":11},{"damage":14,"enemies":"3 Darklings","floor":35,"turns":5},{"damage":21,"enemies":"3 Shapes","floor":36,"turns":5},{"damage":78,"enemies":"Spire Growth","floor":37,"turns":6},{"damage":40,"enemies":"R_Hoarder","floor":41,"turns":9},{"damage":5,"enemies":"Sphere and 2 Shapes","floor":42,"turns":2},{"damage":21,"enemies":"Reptomancer","floor":46,"turns":4},{"damage":29,"enemies":"Transient","floor":48,"turns":5},{"damage":35,"enemies":"Donu and Deca","floor":50,"turns":8}],"seed_played":"-6259437959703109214","potions_obtained":[{"floor":4,"key":"LiquidBronze"},{"floor":7,"key":"PowerPotion"},{"floor":8,"key":"Adrenaline Potion"},{"floor":24,"key":"FairyPotion"},{"floor":30,"key":"Doom Potion"},{"floor":35,"key":"Flashbang"},{"floor":38,"key":"BlessingOfTheForge"},{"floor":38,"key":"HeartOfIron"},{"floor":46,"key":"Venom Potion"}],"is_trial":false,"path_per_floor":["M","?","M","M","$","R","M","M","T","R","?","?","?","M","R","B",null,"M","T","$","?","M","R","E","?","T","?","?","R","M","M","R","B",null,"M","M","M","?","$","R","E","M","T","R","?","E","R","M","R","B",null],"character_chosen":"IRONCLAD","items_purchased":["aspiration:HummingbirdHeart","Regal Pillow","StuffTheSpire:Gunfinga","hubris:FruitBowl","Art of War","StuffTheSpire:BottledEssence","DuplicationPotion","Panache","Thunderclap+1","ReplayTheSpireMod:Strike From Hell+1","aspiration:HatOfInfinitePower","Paper Frog","Dark Embrace+1","Havoc"],"campfire_rested":6,"item_purchase_floors":[5,5,5,5,5,5,20,20,20,39,39,39,39,39],"current_hp_per_floor":[80,80,80,80,6,45,51,49,49,80,80,80,80,80,80,38,80,69,69,69,11,16,55,28,32,32,32,32,32,38,27,67,23,84,82,73,37,37,37,77,49,56,56,56,56,47,84,67,67,44],"gold":723,"neow_bonus":"THREE_ENEMY_KILL","is_daily":false,"chose_seed":false,"campfire_upgraded":2,"win_rate":0.0,"timestamp":1610005527,"path_taken":["M","?","M","?","?","R","M","M","T","R","?","?","?","M","R","BOSS","M","?","?","?","?","R","E","?","T","?","?","R","M","M","R","BOSS","M","?","M","?","?","R","E","M","T","R","?","E","R","?","R","BOSS"],"items_purchased_type":["Relic","Relic","Relic","Relic","Relic","Relic","Potion","Card","Card","Card","Relic","Relic","Card","Card"],"build_version":"2020-12-22","purchased_purges":1,"victory":true,"max_hp_per_floor":[80,80,80,80,80,80,80,80,80,80,80,80,80,80,80,80,80,80,80,80,80,80,80,80,84,84,84,84,84,84,84,84,84,84,84,84,84,84,84,84,84,84,84,84,84,84,84,84,84,84],"card_choices":[{"not_picked":["Cleave","Inflame"],"picked":"StuffTheSpire:Incineration","floor":1},{"not_picked":["Shrug It Off","Battle Trance"],"picked":"True Grit","floor":3},{"not_picked":["Sword Boomerang","Warcry","StuffTheSpire:BloodClot"],"picked":"SKIP","floor":4},{"not_picked":["Heavy Blade","Cleave"],"picked":"Feel No Pain","floor":7},{"not_picked":["Searing Blow","Sword Boomerang","Run Through"],"picked":"SKIP","floor":8},{"not_picked":["StuffTheSpire:BloodClot","Perfected Strike+1","Heavy Blade+1"],"picked":"SKIP","floor":14},{"not_picked":["Hemogenesis+1","Feed+1"],"picked":"Berserk","floor":16},{"not_picked":["Clash+1","hubris:ReadiedAction"],"picked":"StuffTheSpire:RockThrow+1","floor":18},{"not_picked":["True Grit","Massacre+1"],"picked":"Double Tap","floor":22},{"not_picked":["Anger+1","Massacre+1","StuffTheSpire:RockThrow+1"],"picked":"SKIP","floor":24},{"not_picked":["Clothesline+1","Abandon"],"picked":"Defy Death","floor":30},{"not_picked":["Body Slam+1","StuffTheSpire:RockThrow+1","Impervious"],"picked":"SKIP","floor":31},{"not_picked":["Berserk","Corruption"],"picked":"Exhume","floor":33},{"not_picked":["Anger+1","Searing Blow+1"],"picked":"Flex","floor":35},{"not_picked":["Twin Strike+1","Havoc"],"picked":"Absolvement+1","floor":36},{"not_picked":["StuffTheSpire:RagingBull+1","Run Through+1","hubris:ReadiedAction+1"],"picked":"SKIP","floor":37},{"not_picked":["Sword Boomerang+1","Clash+1"],"picked":"Replay:Undeath\u0027s Touch+1","floor":41},{"not_picked":["Thunderclap+1","Sever Soul+1","ReplayTheSpireMod:Strike From Hell+1"],"picked":"SKIP","floor":42},{"not_picked":["ReplayTheSpireMod:Corrosion Curse+1","Sword Boomerang+1"],"picked":"Barricade","floor":46},{"not_picked":["Iron Wave+1","Shrug It Off"],"picked":"StuffTheSpire:Resist","floor":48}],"player_experience":153479,"relics_obtained":[{"floor":9,"key":"StuffTheSpire:TintedRock"},{"floor":19,"key":"Replay:Bandana"},{"floor":24,"key":"Dota2Spire:MaskOfMadness"},{"floor":26,"key":"Dota2Spire:Vanguard"},{"floor":41,"key":"Centennial Puzzle"},{"floor":43,"key":"Dota2Spire:BladeMail"},{"floor":46,"key":"hubris:ChampionShield"}],"event_choices":[{"damage_healed":0,"gold_gain":0,"player_choice":"Trade","damage_taken":0,"relics_obtained":["GremlinMask"],"max_hp_gain":0,"max_hp_loss":0,"event_name":"FaceTrader","floor":2,"gold_loss":0},{"damage_healed":0,"gold_gain":0,"player_choice":"Forge","damage_taken":0,"max_hp_gain":0,"max_hp_loss":0,"event_name":"Accursed Blacksmith","floor":13,"gold_loss":0,"cards_upgraded":["True Grit"]},{"damage_healed":0,"gold_gain":0,"player_choice":"RE RE RE ","damage_taken":64,"relics_obtained":["Blue Doll","Dota2Spire:MagicBottle","Akabeko"],"max_hp_gain":0,"max_hp_loss":0,"event_name":"betterSkull:BetterSkull","floor":21,"gold_loss":0,"cards_upgraded":[]},{"damage_healed":0,"gold_gain":0,"player_choice":"Stole Relic","damage_taken":0,"relics_obtained":["FossilizedHelix"],"max_hp_gain":0,"max_hp_loss":0,"event_name":"Addict","floor":27,"gold_loss":0,"cards_obtained":["Shame"]},{"damage_healed":0,"gold_gain":0,"player_choice":"Paid Gold","damage_taken":0,"relics_obtained":["hubris:BottledRain"],"max_hp_gain":0,"max_hp_loss":0,"event_name":"WeMeetAgain","floor":28,"gold_loss":76},{"damage_healed":0,"gold_gain":0,"player_choice":"Got Potions","damage_taken":0,"max_hp_gain":0,"max_hp_loss":0,"event_name":"Lab","floor":38,"gold_loss":0}],"is_beta":false,"boss_relics":[{"not_picked":["ChewingGum","hubris:BlackHole"],"picked":"Runic Dome"},{"not_picked":["Velvet Choker","Kintsugi"],"picked":"Black Blood"}],"items_purged_floors":[39],"is_endless":false,"potions_floor_spawned":[4,7,8,14,24,30,35,36,46],"ascension_level":2}}