{"host":"s794kqxf2n1qz2yr","time":1610016627,"event":{"mods":["100% Spire Juice","2.2 Compatiblity","AchievementEnabler","Aspiration","BaseMod","Downfall","Friendly Minions","Hermit","HololiveMod","Melee Mod","Minty Spire (QoL Compilation)","Permanent Neow","StSLib","The Disciple","The Marked"],"gold_per_floor":[118,118,131,131,131,131,131,150,176,188,188,204,204,279,279,377,377,388,388,203,231,231,256,171,182,182,182,201,201,219,230,230,329,379,390,390,612,612,624,654,704,732,783,250,250,264,264,284,284,284],"floor_reached":51,"playtime":3598,"items_purged":["Regret"],"score":863,"play_id":"5c644363-3d30-43f2-8c60-fb3a0ceefde7","local_time":"20210107105027","is_ascension_mode":false,"campfire_choices":[{"data":"SecondHand","floor":6,"key":"SMITH"},{"data":"HandsUpB","floor":11,"key":"SMITH"},{"data":"Echoward","floor":15,"key":"SMITH"},{"data":"Storm","floor":27,"key":"SMITH"},{"data":"LockedTornado","floor":32,"key":"SMITH"},{"data":"MasterKey","floor":45,"key":"SMITH"},{"data":"Storm","floor":47,"key":"SMITH"},{"data":"LockedAnchor","floor":49,"key":"SMITH"}],"circlet_count":0,"master_deck":["Strike_Br","Defend_Br","Defend_Br","Defend_Br","Defend_Br","SecondHand+1","PatternShift","LockedAnchor","LockedAnchor","Flechettes","Strike_G","HandsUpB+1","Echoward+1","Chronoelasticity","HandsUpB","LockedMercury","LockedWarPaint","Heatsinks","Storm+1","LockedTornado+1","LockedBlood+1","MasterKey+1","Storm+1","LockedAnchor+1","LockedScales+1","Panache","LockedBlood","LockedBlood+1","LockedAnchor+1"],"relics":["Chronometer","aspiration:Nostalgia","PureWater","Vajra","IceCream?","Hololive_LightStick","aspiration:DefectSkillbook","FaceOfCleric","ClockworkSouvenir","Red Mask","Thread and Needle","aspiration:FaultyCoupler","Meat on the Bone","Tiny House","MysticCrockPot","Torii","CaptainsWheel","Orichalcum","Art of War"],"acts_visited":["Exordium","TheCity","TheBeyond"],"potions_floor_usage":[21,23,31],"damage_taken":[{"damage":0,"enemies":"2 Louse","floor":1,"turns":3},{"damage":0,"enemies":"Small Slimes","floor":3,"turns":5},{"damage":0,"enemies":"Jaw Worm","floor":8,"turns":4},{"damage":0,"enemies":"Large Slime","floor":10,"turns":4},{"damage":0,"enemies":"Exordium Thugs","floor":12,"turns":3},{"damage":21,"enemies":"The Guardian","floor":16,"turns":18},{"damage":0,"enemies":"3 Byrds","floor":18,"turns":5},{"damage":0,"enemies":"Masked Bandits","floor":21,"turns":2},{"damage":11,"enemies":"Book of Stabbing","floor":23,"turns":4},{"damage":0,"enemies":"Shell Parasite","floor":25,"turns":4},{"damage":0,"enemies":"Shelled Parasite and Fungi","floor":28,"turns":3},{"damage":0,"enemies":"Snecko","floor":30,"turns":4},{"damage":2,"enemies":"Sentry and Sphere","floor":31,"turns":3},{"damage":0,"enemies":"Collector","floor":33,"turns":5},{"damage":0,"enemies":"3 Darklings","floor":35,"turns":3},{"damage":2,"enemies":"3 Shapes","floor":39,"turns":3},{"damage":16,"enemies":"Reptomancer","floor":40,"turns":5},{"damage":0,"enemies":"Mind Bloom Boss Battle","floor":41,"turns":3},{"damage":0,"enemies":"Nemesis","floor":42,"turns":5},{"damage":0,"enemies":"Transient","floor":46,"turns":5},{"damage":1,"enemies":"Sphere and 2 Shapes","floor":48,"turns":2},{"damage":7,"enemies":"Time Eater","floor":50,"turns":4}],"seed_played":"-5339060188116894133","potions_obtained":[{"floor":1,"key":"FearPotion"},{"floor":3,"key":"EntropicBrew"},{"floor":8,"key":"SneckoOil"},{"floor":23,"key":"Regen Potion"},{"floor":30,"key":"Dexterity Potion"},{"floor":33,"key":"SpeedPotion"},{"floor":42,"key":"FairyPotion"}],"is_trial":false,"path_per_floor":["M","?","M","?","?","R","?","M","T","M","R","M","?","?","R","B",null,"M","?","$","?","?","E","?","M","T","R","M","?","M","M","R","B",null,"M","?","?","?","M","E","?","E","T","$","R","M","R","M","R","B",null],"character_chosen":"CHRONO_CLASS","items_purchased":["LockedMercury","ClockworkSouvenir","Panache","LockedBlood","Art of War","FairyPotion"],"campfire_rested":0,"item_purchase_floors":[20,20,44,44,44,44],"current_hp_per_floor":[65,65,65,65,65,65,65,65,65,65,65,65,65,54,54,33,65,65,65,65,66,66,56,56,57,57,57,58,58,59,63,63,66,77,78,74,74,74,75,63,64,68,68,68,68,72,72,72,72,66],"gold":284,"neow_bonus":"NOSTALGIA","is_daily":false,"chose_seed":false,"campfire_upgraded":8,"win_rate":0.0,"timestamp":1610016627,"path_taken":["M","?","M","?","?","R","?","?","T","M","R","M","?","?","R","BOSS","M","?","?","?","?","E","?","M","T","R","?","?","M","M","R","BOSS","M","?","?","?","M","E","?","E","T","$","R","M","R","M","R","BOSS"],"items_purchased_type":["Card","Relic","Card","Card","Relic","Potion"],"build_version":"2020-12-22","purchased_purges":1,"victory":true,"max_hp_per_floor":[65,65,65,65,65,65,65,65,65,65,65,65,65,65,65,65,65,65,65,65,66,66,67,67,68,68,68,69,69,70,71,71,72,77,78,74,74,74,75,76,77,78,78,78,78,79,79,80,80,81],"card_choices":[{"not_picked":["WakeUpCall","Keepsakes"],"picked":"LockedAnchor","floor":1},{"not_picked":["Goo","Parity"],"picked":"LockedAnchor","floor":3},{"not_picked":["Recurrance","CrunchTime","AlternateTimeline"],"picked":"SKIP","floor":8},{"not_picked":["LockedScales","Parity"],"picked":"HandsUpB","floor":10},{"not_picked":["ReapSow","HandsUpC"],"picked":"Echoward","floor":12},{"not_picked":["LockedLightning","Fragmentalize"],"picked":"Chronoelasticity","floor":16},{"not_picked":["Doom and Gloom","Sunder","Rebound"],"picked":"HandsUpB","floor":18},{"not_picked":["Parity","Compile Driver","Sweeping Beam"],"picked":"LockedWarPaint","floor":21},{"not_picked":["Core Surge","WatchCommand","Cold Snap"],"picked":"Storm","floor":23},{"not_picked":["Compile Driver+1","Heatsinks+1","Reinforced Body"],"picked":"LockedTornado","floor":25},{"not_picked":["PrimeTime","AlternateTimeline+1","Cold Snap+1","Rebound"],"picked":"SKIP","floor":28},{"not_picked":["Barrage","Streamline+1","Ball Lightning"],"picked":"LockedBlood","floor":30},{"not_picked":["Cuckoo+1","Stagnate+1","BlueShift+1","EscortCommand+1"],"picked":"SKIP","floor":31},{"not_picked":["Meteor Strike","Chronoelasticity","BackFourSeconds"],"picked":"MasterKey","floor":33},{"not_picked":["Beam Cell","LockedWhetstone","Cold Snap"],"picked":"Storm","floor":34},{"not_picked":["Facsimile","Redo","LockedMercury+1"],"picked":"LockedAnchor+1","floor":35},{"not_picked":["Tempo+1","HandsUpC","BlueShift+1","AlternateTimeline"],"picked":"SKIP","floor":39},{"not_picked":["Rebound","Engulf+1","Tempo","Cuckoo+1"],"picked":"SKIP","floor":40},{"not_picked":["PrimeTime+1","Hologram","Echonomics"],"picked":"LockedScales+1","floor":42},{"not_picked":["HandsUpB","Stack","Sweeping Beam+1"],"picked":"LockedBlood+1","floor":46},{"not_picked":["Tempo","Defragment","Pendulum"],"picked":"LockedAnchor","floor":48}],"player_experience":318012,"relics_obtained":[{"floor":9,"key":"Hololive_LightStick"},{"floor":21,"key":"Red Mask"},{"floor":23,"key":"Thread and Needle"},{"floor":26,"key":"Meat on the Bone"},{"floor":40,"key":"MysticCrockPot"},{"floor":41,"key":"Torii"},{"floor":42,"key":"CaptainsWheel"},{"floor":43,"key":"Orichalcum"}],"event_choices":[{"damage_healed":0,"gold_gain":0,"player_choice":"Leave","damage_taken":0,"max_hp_gain":0,"max_hp_loss":0,"event_name":"The Cleric","floor":2,"gold_loss":0},{"damage_healed":0,"gold_gain":0,"player_choice":"Box","damage_taken":0,"relics_obtained":["Vajra"],"max_hp_gain":0,"max_hp_loss":0,"event_name":"Big Fish","floor":5,"gold_loss":0,"cards_obtained":["Regret"]},{"damage_healed":0,"gold_gain":0,"player_choice":"Ignored","damage_taken":0,"max_hp_gain":0,"max_hp_loss":0,"event_name":"Liars Game","floor":13,"gold_loss":0},{"damage_healed":0,"gold_gain":75,"player_choice":"Gather Gold","damage_taken":11,"max_hp_gain":0,"max_hp_loss":0,"event_name":"World of Goop","floor":14,"gold_loss":0},{"damage_healed":0,"gold_gain":0,"player_choice":"Trade","damage_taken":0,"relics_obtained":["FaceOfCleric"],"max_hp_gain":0,"max_hp_loss":0,"event_name":"FaceTrader","floor":19,"gold_loss":0},{"damage_healed":0,"gold_gain":0,"player_choice":"Fought Bandits","damage_taken":0,"max_hp_gain":0,"max_hp_loss":0,"event_name":"Masked Bandits","floor":21,"gold_loss":0},{"damage_healed":0,"gold_gain":0,"player_choice":"Read","damage_taken":0,"max_hp_gain":0,"max_hp_loss":0,"event_name":"The Library","floor":22,"gold_loss":0,"cards_obtained":["Heatsinks"]},{"damage_healed":0,"gold_gain":0,"player_choice":"Obtained Relic","damage_taken":0,"relics_obtained":["aspiration:FaultyCoupler"],"max_hp_gain":0,"max_hp_loss":0,"event_name":"Addict","floor":24,"gold_loss":85},{"damage_healed":0,"gold_gain":0,"player_choice":"Ignored","damage_taken":0,"max_hp_gain":0,"max_hp_loss":0,"event_name":"Vampires","floor":29,"gold_loss":0},{"damage_healed":0,"gold_gain":0,"player_choice":"Max HP","damage_taken":0,"max_hp_gain":0,"max_hp_loss":4,"event_name":"Winding Halls","floor":36,"gold_loss":0},{"damage_healed":0,"gold_gain":222,"player_choice":"Wore Mask","damage_taken":0,"max_hp_gain":0,"max_hp_loss":0,"event_name":"Tomb of Lord Red Mask","floor":37,"gold_loss":0},{"cards_removed":["Die Die Die"],"damage_healed":0,"gold_gain":0,"player_choice":"Removed Attack","damage_taken":0,"max_hp_gain":0,"max_hp_loss":0,"event_name":"Falling","floor":38,"gold_loss":0},{"damage_healed":0,"gold_gain":0,"player_choice":"Fight","damage_taken":0,"max_hp_gain":0,"max_hp_loss":0,"event_name":"MindBloom","floor":41,"gold_loss":0}],"is_beta":false,"boss_relics":[{"not_picked":["Metronome","Empty Cage"],"picked":"aspiration:DefectSkillbook"},{"not_picked":["aspiration:PoetsPen_weak","Chronograph"],"picked":"Tiny House"}],"items_purged_floors":[44],"is_endless":false,"potions_floor_spawned":[1,3,8,18,23,30,33,41,42,48],"ascension_level":0}}