{"host":"gzsdmyo07u314vug","time":1613785965,"event":{"mods":["2.2 Compatiblity","Astrologer","BaseMod","Colored Powertips","GifTheSpireLib","Gremlin Mod","Hermit","Jorbs\u0027s Wanderer Trilogy","Minty Spire (QoL Compilation)","Quick Restart","Rare Cards Sparkle","Relic Stats","Replay The Spire","Robot Space Explorer","Shop Mod","StSLib","The Bladedancer","The Bug Knight","The Construct","The Cursed","The Elementalist","The Hierophant","The IronCluck","The Marked","The Necromancer","The Runesmith","The Servant 0.9.4","Unceasing Turn Reminder","everything is the same but u backflip on backflip","slay the spire mod where everything is the same but ironclad has a cowboy hat"],"gold_per_floor":[11,11,25,25,300,300,317,345,372,372,372],"floor_reached":10,"language":"ENG","playtime":545,"items_purged":[],"score":86,"play_id":"69692352-8f73-4519-9b1c-61589034f1bd","local_time":"20210219225245","is_ascension_mode":true,"campfire_choices":[{"data":"Crow Ritual","floor":6,"key":"SMITH"}],"circlet_count":0,"master_deck":["hermit:Strike_Hermit","hermit:Strike_Hermit","hermit:Strike_Hermit","hermit:Defend_Hermit","hermit:Defend_Hermit","hermit:Defend_Hermit","hermit:Defend_Hermit","hermit:Snapshot","hermit:Covet","Crow Ritual+1","Regret","Pot Of Greed"],"relics":["hermit:Momento","Grinning Jar","Smiling Mask"],"acts_visited":["Exordium"],"potions_floor_usage":[8,10],"damage_taken":[{"damage":3,"enemies":"2 Louse","floor":1,"turns":3},{"damage":2,"enemies":"Jaw Worm","floor":3,"turns":3},{"damage":1,"enemies":"Cultist","floor":7,"turns":3},{"damage":35,"enemies":"3 Sentries","floor":8,"turns":14},{"damage":40,"enemies":"Lagavulin","floor":10,"turns":7}],"seed_played":"3625472424846344275","potions_obtained":[{"floor":7,"key":"SpeedPotion"},{"floor":8,"key":"Swift Potion"}],"is_trial":false,"path_per_floor":["M","?","M","?","?","R","M","E","T","E"],"character_chosen":"HERMIT","items_purchased":[],"campfire_rested":0,"item_purchase_floors":[],"current_hp_per_floor":[65,65,63,63,63,63,62,27,27,0,0],"gold":372,"neow_bonus":"RANDOM_COLORLESS_2","is_daily":false,"chose_seed":false,"campfire_upgraded":1,"win_rate":0.0,"timestamp":1613785965,"path_taken":["M","?","M","?","?","R","M","E","T","E"],"items_purchased_type":[],"build_version":"2020-12-22","purchased_purges":0,"victory":false,"max_hp_per_floor":[75,75,75,75,75,75,75,75,75,75,75],"relic_stats":{"counters":[5,30],"Smiling Mask":0,"obtain_stats":[{"Grinning Jar":8,"Smiling Mask":9,"hermit:Momento":0},{"Grinning Jar":4,"Smiling Mask":4,"hermit:Momento":0},{"Grinning Jar":23,"Smiling Mask":23,"hermit:Momento":0}]},"card_choices":[{"not_picked":["Metamorphosis","Master of Strategy"],"picked":"Crow Ritual","floor":0},{"not_picked":["hermit:SprayPray","hermit:Cheat","hermit:LoneWolf"],"picked":"SKIP","floor":1},{"not_picked":["hermit:Manifest","hermit:Snipe","hermit:Glare"],"picked":"SKIP","floor":3},{"not_picked":["hermit:Glare","hermit:DeadMansHand","hermit:FromBeyond"],"picked":"SKIP","floor":7},{"not_picked":["hermit:SprayPray","hermit:Roulette","hermit:Coalescence"],"picked":"SKIP","floor":8}],"player_experience":929876,"relics_obtained":[{"floor":8,"key":"Grinning Jar"},{"floor":9,"key":"Smiling Mask"}],"event_choices":[{"damage_healed":0,"gold_gain":275,"player_choice":"Desecrate","damage_taken":0,"max_hp_gain":0,"max_hp_loss":0,"event_name":"Golden Shrine","floor":5,"gold_loss":0,"cards_obtained":["Regret"]}],"is_beta":false,"boss_relics":[],"items_purged_floors":[],"is_endless":false,"potions_floor_spawned":[7,8],"killed_by":"Lagavulin","ascension_level":6}}