{"host":"3c8x8j1h2jyrixpf","time":1613838939,"event":{"mods":["BaseMod","Colored Powertips","Highlight Path","Minty Spire (QoL Compilation)","StSLib"],"gold_per_floor":[14,14,25,39,57,57,67,67,67,67,102,121,121,47,47,122,122,136,136,136,21,21,55,55,89,112,141,154,54,54,71,71,150,150,167,183,208,219,231,231,244,263,263,263,138,138,165,182,182,182,182,182,16,49,49,49],"floor_reached":55,"language":"ENG","playtime":3479,"items_purged":["Strike_G","Strike_G","Strike_G"],"score":1233,"play_id":"15f851da-7a7f-42fb-886c-0a5129512d3e","local_time":"20210220103539","is_ascension_mode":true,"campfire_choices":[{"data":"Prepared","floor":6,"key":"SMITH"},{"data":"Poisoned Stab","floor":8,"key":"SMITH"},{"data":"Leg Sweep","floor":10,"key":"SMITH"},{"data":"Blade Dance","floor":13,"key":"SMITH"},{"data":"Footwork","floor":15,"key":"SMITH"},{"data":"J.A.X.","floor":24,"key":"SMITH"},{"data":"Footwork","floor":30,"key":"SMITH"},{"floor":32,"key":"REST"},{"floor":40,"key":"REST"},{"floor":44,"key":"REST"},{"data":"Blade Dance","floor":46,"key":"SMITH"},{"floor":49,"key":"RECALL"},{"floor":52,"key":"REST"}],"circlet_count":0,"master_deck":["AscendersBane","Strike_G","Strike_G","Defend_G","Defend_G","Defend_G","Defend_G","Defend_G","Survivor","Neutralize+1","Slice","Prepared+1","Leg Sweep+1","Quick Slash+1","Poisoned Stab+1","Blade Dance+1","Cloak And Dagger","Footwork+1","Adrenaline","Terror","Infinite Blades","J.A.X.+1","Footwork+1","Blur","A Thousand Cuts+1","PiercingWail","Backflip","Die Die Die+1","Blade Dance+1","Accuracy+1","Night Terror","Parasite","Footwork+1","Leg Sweep+1","Apotheosis"],"relics":["Ring of the Serpent","Dead Branch","Meat on the Bone","Oddly Smooth Stone","Enchiridion","Frozen Egg 2","Orichalcum","Bag of Marbles","PreservedInsect","Snecko Eye","StoneCalendar","Gambling Chip","Whetstone"],"acts_visited":["Exordium","TheCity","TheBeyond","TheEnding"],"potions_floor_usage":[7,23,25,27,36,39,47,50,50],"damage_taken":[{"damage":0,"enemies":"Small Slimes","floor":1,"turns":3},{"damage":0,"enemies":"Cultist","floor":3,"turns":4},{"damage":0,"enemies":"Jaw Worm","floor":4,"turns":3},{"damage":2,"enemies":"Blue Slaver","floor":5,"turns":6},{"damage":12,"enemies":"Exordium Wildlife","floor":7,"turns":5},{"damage":31,"enemies":"3 Sentries","floor":11,"turns":7},{"damage":1,"enemies":"3 Louse","floor":12,"turns":4},{"damage":25,"enemies":"The Guardian","floor":16,"turns":12},{"damage":0,"enemies":"Chosen","floor":18,"turns":4},{"damage":9,"enemies":"Book of Stabbing","floor":23,"turns":5},{"damage":34,"enemies":"Gremlin Leader","floor":25,"turns":8},{"damage":30,"enemies":"Slavers","floor":27,"turns":5},{"damage":5,"enemies":"2 Thieves","floor":28,"turns":2},{"damage":3,"enemies":"Centurion and Healer","floor":31,"turns":5},{"damage":33,"enemies":"Automaton","floor":33,"turns":9},{"damage":3,"enemies":"3 Darklings","floor":35,"turns":7},{"damage":3,"enemies":"Orb Walker","floor":36,"turns":5},{"damage":12,"enemies":"Mind Bloom Boss Battle","floor":37,"turns":5},{"damage":3,"enemies":"Maw","floor":38,"turns":6},{"damage":40,"enemies":"Jaw Worm Horde","floor":39,"turns":5},{"damage":24,"enemies":"Writhing Mass","floor":41,"turns":4},{"damage":9,"enemies":"Sphere and 2 Shapes","floor":42,"turns":6},{"damage":3,"enemies":"Giant Head","floor":47,"turns":6},{"damage":12,"enemies":"Spire Growth","floor":48,"turns":2},{"damage":39,"enemies":"Time Eater","floor":50,"turns":11},{"damage":56,"enemies":"Shield and Spear","floor":54,"turns":7},{"damage":26,"enemies":"The Heart","floor":55,"turns":2}],"seed_played":"-4139423821579316200","potions_obtained":[{"floor":5,"key":"ColorlessPotion"},{"floor":11,"key":"Swift Potion"},{"floor":12,"key":"PowerPotion"},{"floor":23,"key":"Regen Potion"},{"floor":25,"key":"Regen Potion"},{"floor":31,"key":"SteroidPotion"},{"floor":38,"key":"DistilledChaos"},{"floor":42,"key":"PowerPotion"},{"floor":47,"key":"CultistPotion"}],"is_trial":false,"path_per_floor":["M","?","M","M","M","R","M","R","T","R","E","M","R","$","R","B",null,"M","?","?","$","?","E","R","E","T","E","M","$","R","M","R","B",null,"M","M","?","M","M","R","M","M","T","R","$","R","E","M","R","B",null,"R","$","E","B"],"character_chosen":"THE_SILENT","items_purchased":["Footwork","Footwork","Apotheosis"],"campfire_rested":4,"item_purchase_floors":[14,21,53],"current_hp_per_floor":[63,63,63,63,61,61,49,49,49,49,30,41,41,41,41,28,60,60,60,60,60,44,47,47,40,40,36,43,43,43,40,61,40,63,60,57,45,42,14,35,23,26,26,47,47,47,44,44,44,17,57,70,70,26,0,0],"gold":49,"neow_bonus":"ONE_RARE_RELIC","is_daily":false,"chose_seed":false,"campfire_upgraded":8,"win_rate":0.0,"timestamp":1613838939,"path_taken":["M","?","M","?","M","R","M","R","T","R","E","M","R","$","R","BOSS","M","?","?","$","?","E","R","E","T","E","M","?","R","M","R","BOSS","M","M","?","M","M","R","M","M","T","R","$","R","E","M","R","BOSS","R","$","E","BOSS"],"items_purchased_type":["Card","Card","Card"],"build_version":"2020-12-22","purchased_purges":3,"victory":false,"max_hp_per_floor":[70,70,70,70,70,70,70,70,70,70,70,70,70,70,70,70,70,70,70,70,70,70,70,70,70,70,70,70,70,70,70,70,70,70,70,70,70,70,70,70,70,70,70,70,70,70,70,70,70,70,70,70,70,70,70,70],"card_choices":[{"not_picked":["Dodge and Roll","Well Laid Plans"],"picked":"Slice","floor":1},{"not_picked":["Outmaneuver","Grand Finale"],"picked":"Prepared","floor":3},{"not_picked":["Cloak And Dagger","Tactician"],"picked":"Leg Sweep","floor":4},{"not_picked":["Flying Knee","Underhanded Strike"],"picked":"Quick Slash","floor":5},{"not_picked":["Escape Plan","Slice"],"picked":"Poisoned Stab","floor":7},{"not_picked":["Terror","Dodge and Roll"],"picked":"Blade Dance","floor":11},{"not_picked":["Dagger Throw","Dagger Spray"],"picked":"Cloak And Dagger","floor":12},{"not_picked":["Storm of Steel","Bullet Time"],"picked":"Adrenaline","floor":16},{"not_picked":["Endless Agony+1","Choke"],"picked":"Terror","floor":18},{"not_picked":["Cloak And Dagger+1","Poisoned Stab"],"picked":"Blur","floor":23},{"not_picked":["Dodge and Roll","Well Laid Plans+1"],"picked":"A Thousand Cuts+1","floor":25},{"not_picked":["Endless Agony+1","Acrobatics"],"picked":"PiercingWail","floor":27},{"not_picked":["Slice","Cloak And Dagger","Deadly Poison"],"picked":"SKIP","floor":28},{"not_picked":["Grand Finale","Quick Slash"],"picked":"Backflip","floor":31},{"not_picked":["Grand Finale","Phantasmal Killer"],"picked":"Die Die Die","floor":33},{"not_picked":["Riddle With Holes","Bane"],"picked":"Blade Dance","floor":35},{"not_picked":["Dagger Spray","Backflip","Expertise"],"picked":"SKIP","floor":36},{"not_picked":["Acrobatics","Flying Knee"],"picked":"Accuracy+1","floor":37},{"not_picked":["Acrobatics","Dagger Throw"],"picked":"Night Terror","floor":38},{"not_picked":["Terror","Deadly Poison+1","Infinite Blades+1"],"picked":"SKIP","floor":39},{"not_picked":["Slice","All Out Attack+1","Outmaneuver"],"picked":"SKIP","floor":41},{"not_picked":["Acrobatics+1","Slice"],"picked":"Footwork+1","floor":42},{"not_picked":["Deflect+1","Escape Plan","Slice+1"],"picked":"SKIP","floor":47},{"not_picked":["Backflip+1","All Out Attack+1"],"picked":"Leg Sweep+1","floor":48},{"not_picked":["Prepared","Deflect","Outmaneuver+1"],"picked":"SKIP","floor":54}],"player_experience":277488,"relics_obtained":[{"floor":9,"key":"Meat on the Bone"},{"floor":11,"key":"Oddly Smooth Stone"},{"floor":22,"key":"Enchiridion"},{"floor":23,"key":"Frozen Egg 2"},{"floor":25,"key":"Orichalcum"},{"floor":26,"key":"Bag of Marbles"},{"floor":27,"key":"PreservedInsect"},{"floor":37,"key":"StoneCalendar"},{"floor":47,"key":"Gambling Chip"},{"floor":54,"key":"Whetstone"}],"event_choices":[{"damage_healed":0,"gold_gain":0,"player_choice":"Upgraded","damage_taken":0,"max_hp_gain":0,"max_hp_loss":0,"event_name":"Upgrade Shrine","floor":2,"gold_loss":0,"cards_upgraded":["Neutralize"]},{"damage_healed":0,"gold_gain":0,"player_choice":"Read","damage_taken":0,"max_hp_gain":0,"max_hp_loss":0,"event_name":"The Library","floor":19,"gold_loss":0,"cards_obtained":["Infinite Blades"]},{"damage_healed":0,"gold_gain":0,"player_choice":"Obtain J.A.X.","damage_taken":0,"max_hp_gain":0,"max_hp_loss":0,"event_name":"Drug Dealer","floor":20,"gold_loss":0,"cards_obtained":["J.A.X."]},{"damage_healed":0,"gold_gain":0,"player_choice":"Obtained Book","damage_taken":16,"max_hp_gain":0,"max_hp_loss":0,"event_name":"Cursed Tome","floor":22,"gold_loss":0},{"damage_healed":0,"gold_gain":0,"player_choice":"Fight","damage_taken":0,"max_hp_gain":0,"max_hp_loss":0,"event_name":"MindBloom","floor":37,"gold_loss":0}],"is_beta":false,"boss_relics":[{"not_picked":["Astrolabe","Cursed Key"],"picked":"Ring of the Serpent"},{"not_picked":["Velvet Choker","SacredBark"],"picked":"Snecko Eye"}],"items_purged_floors":[21,29,45],"is_endless":false,"potions_floor_spawned":[5,11,12,16,23,25,31,38,42,47,48],"killed_by":"The Heart","ascension_level":13}}