{"host":"ynimr9ugvc6f046i","time":1613829594,"event":{"mods":["2.2 Compatiblity","BaseMod","Colored Map","DeckTracker","Highlight Path","Keyboard Shortcuts","Minty Spire (QoL Compilation)","Permanent Neow","Quick Restart","StSLib","SuperFastMode"],"gold_per_floor":[115,130,130,147,160,160,187,203,203,203,216,0,14,89,89,161,161,178,22,39,39,66,66,66,66],"floor_reached":24,"language":"KOR","playtime":486,"items_purged":["Strike_R","Strike_R"],"score":396,"play_id":"3768e8e1-c669-4a32-af34-c6607399bc3b","local_time":"20210220225954","is_ascension_mode":true,"campfire_choices":[{"data":"Blood for Blood","floor":6.0,"key":"SMITH"},{"data":"Fire Breathing","floor":10,"key":"SMITH"},{"floor":15,"key":"REST"},{"data":"Apotheosis","floor":23,"key":"SMITH"}],"circlet_count":0,"master_deck":["AscendersBane","Strike_R","Strike_R","Defend_R","Defend_R","Defend_R","Defend_R","Bash","Power Through","Blood for Blood+1","Reckless Charge","Fire Breathing+1","Shrug It Off","Wild Strike","Barricade","Feel No Pain","Apotheosis+1","Power Through"],"relics":["Burning Blood","Gremlin Horn","Dead Branch","Membership Card","Sozu","Lantern"],"acts_visited":["Exordium","TheCity"],"potions_floor_usage":[16,16],"damage_taken":[{"damage":18.0,"enemies":"Cultist","floor":1.0,"turns":5.0},{"damage":1.0,"enemies":"2 Louse","floor":2.0,"turns":5.0},{"damage":15.0,"enemies":"Small Slimes","floor":4.0,"turns":5.0},{"damage":6.0,"enemies":"Looter","floor":5.0,"turns":3.0},{"damage":25.0,"enemies":"Lagavulin","floor":7.0,"turns":7.0},{"damage":21,"enemies":"Exordium Wildlife","floor":8,"turns":5},{"damage":10,"enemies":"Large Slime","floor":11,"turns":3},{"damage":4,"enemies":"2 Fungi Beasts","floor":13,"turns":3},{"damage":22,"enemies":"Hexaghost","floor":16,"turns":8},{"damage":24,"enemies":"3 Byrds","floor":18,"turns":4},{"damage":1,"enemies":"Shell Parasite","floor":20,"turns":7},{"damage":45,"enemies":"Gremlin Leader","floor":24,"turns":4}],"seed_played":"4094349348085270300","potions_obtained":[{"floor":2.0,"key":"LiquidMemories"},{"floor":7.0,"key":"PowerPotion"}],"is_trial":false,"path_per_floor":["M","M","?","M","M","R","E","M","T","R","M","$","M","?","R","B",null,"M","$","M","?","T","R","E"],"character_chosen":"IRONCLAD","items_purchased":["Membership Card","Wild Strike","Apotheosis"],"campfire_rested":1,"item_purchase_floors":[12,12,19],"current_hp_per_floor":[56,61,57,48,48,48,29,14,14,14,10,10,12,1,23,7,58,40,40,45,45,45,45,0,0],"gold":66,"neow_bonus":"REMOVE_CARD","is_daily":false,"chose_seed":false,"campfire_upgraded":3,"win_rate":0.0,"timestamp":1613829594,"path_taken":["M","?","?","M","M","R","E","M","T","R","M","$","?","?","R","BOSS","M","$","M","?","?","R","E"],"items_purchased_type":["Relic","Card","Card"],"build_version":"2020-12-22","purchased_purges":2,"victory":false,"max_hp_per_floor":[75,75,75,75,75,75,75,75,75,75,75,75,75,75,75,75,75,75,75,75,75,75,75,75,75],"card_choices":[{"not_picked":["Pommel Strike","Sword Boomerang"],"picked":"Power Through","floor":1.0},{"not_picked":["Thunderclap","Bloodletting"],"picked":"Blood for Blood","floor":2.0},{"not_picked":["Pummel","Dark Embrace"],"picked":"Reckless Charge","floor":4.0},{"not_picked":["Seeing Red","Perfected Strike","Twin Strike"],"picked":"SKIP","floor":5.0},{"not_picked":["Body Slam","Fire Breathing"],"picked":"Second Wind","floor":7.0},{"not_picked":["Rupture","Entrench","Flex"],"picked":"SKIP","floor":8},{"not_picked":["Havoc","Warcry"],"picked":"Shrug It Off","floor":11},{"not_picked":["Perfected Strike","Rage","Sword Boomerang"],"picked":"SKIP","floor":13},{"not_picked":["Offering","Brutality"],"picked":"Barricade","floor":16},{"not_picked":["Shockwave","Shrug It Off"],"picked":"Feel No Pain","floor":18},{"not_picked":["Iron Wave","Combust+1"],"picked":"Power Through","floor":20}],"player_experience":584690,"relics_obtained":[{"floor":7.0,"key":"Gremlin Horn"},{"floor":9,"key":"Dead Branch"},{"floor":22,"key":"Lantern"}],"event_choices":[{"damage_healed":0.0,"max_hp_gain":0.0,"max_hp_loss":0.0,"gold_gain":0.0,"event_name":"The Woman in Blue","player_choice":"Bought 0 Potions","floor":3.0,"gold_loss":0.0,"damage_taken":0.0},{"damage_healed":0,"gold_gain":75,"player_choice":"Gather Gold","damage_taken":11,"max_hp_gain":0,"max_hp_loss":0,"event_name":"World of Goop","floor":14,"gold_loss":0},{"damage_healed":0,"gold_gain":0,"player_choice":"Ignored","damage_taken":0,"max_hp_gain":0,"max_hp_loss":0,"event_name":"Vampires","floor":21,"gold_loss":0}],"is_beta":false,"boss_relics":[{"not_picked":["Philosopher\u0027s Stone","Runic Cube"],"picked":"Sozu"}],"items_purged_floors":[12,19],"is_endless":false,"potions_floor_spawned":[2,7,8,11,13],"killed_by":"Gremlin Leader","ascension_level":20}}