{"host":"szp1d6dso4pv7ddl","time":1613842898,"event":{"mods":["AchievementEnabler","Alarm Clock","BaseMod","Bestiary","Block Reminder","Colored Map","Colored Powertips","Curses Come First","Dark Map","Displayed Cursed Tome","Highlight Path","Minty Spire (QoL Compilation)","Permanent Neow","Quick Restart","Relic Sorter","Relic Stats","StSLib","Synergy Search"],"gold_per_floor":[115,115,131,151,76,89,89,89,115,115,130,130,160,160,160,160,160],"floor_reached":16,"language":"ENG","playtime":851,"items_purged":["Writhe"],"score":176,"play_id":"3575572d-5d04-4195-8d33-ea6df55685ae","local_time":"20210220094138","is_ascension_mode":true,"campfire_choices":[{"data":"Offering","floor":7,"key":"SMITH"},{"data":"Combust","floor":10,"key":"SMITH"},{"floor":15,"key":"REST"}],"circlet_count":0,"master_deck":["AscendersBane","Strike_R","Strike_R","Strike_R","Strike_R","Defend_R","Defend_R","Defend_R","Defend_R","Bash","Offering+1","Hemokinesis+1","Sword Boomerang","Combust+1","Battle Trance","Intimidate"],"relics":["Burning Blood","Juzu Bracelet","Golden Idol"],"acts_visited":["Exordium"],"potions_floor_usage":[16],"damage_taken":[{"damage":13,"enemies":"Small Slimes","floor":1,"turns":4},{"damage":3,"enemies":"Cultist","floor":3,"turns":3},{"damage":8,"enemies":"2 Louse","floor":4,"turns":3},{"damage":13,"enemies":"Blue Slaver","floor":6,"turns":3},{"damage":14,"enemies":"Looter","floor":11,"turns":3},{"damage":67,"enemies":"The Guardian","floor":16,"turns":11}],"seed_played":"1226419303940592191","potions_obtained":[{"floor":3,"key":"PowerPotion"}],"is_trial":false,"path_per_floor":["M","?","M","M","$","M","R","$","T","R","M","?","?","?","R","B"],"character_chosen":"IRONCLAD","items_purchased":[],"campfire_rested":1,"item_purchase_floors":[],"current_hp_per_floor":[61,61,64,62,62,55,55,55,55,55,47,47,47,47,67,0,0],"gold":160,"neow_bonus":"THREE_RARE_CARDS","is_daily":false,"chose_seed":false,"campfire_upgraded":2,"win_rate":0.0,"timestamp":1613842898,"path_taken":["M","?","M","M","$","M","R","$","T","R","M","?","?","?","R","BOSS"],"items_purchased_type":[],"build_version":"2020-12-22","purchased_purges":1,"victory":false,"max_hp_per_floor":[75,75,75,75,75,75,75,75,75,75,75,68,68,68,68,68,68],"relic_stats":{"counters":[6,27],"Golden Idol":0,"Juzu Bracelet":1,"obtain_stats":[{"Golden Idol":12,"Juzu Bracelet":9,"Burning Blood":0},{"Golden Idol":5,"Juzu Bracelet":4,"Burning Blood":0},{"Golden Idol":16,"Juzu Bracelet":13,"Burning Blood":0}],"Burning Blood":30},"card_choices":[{"not_picked":["Double Tap","Berserk"],"picked":"Offering","floor":0},{"not_picked":["Warcry","Twin Strike"],"picked":"Hemokinesis","floor":1},{"not_picked":["Heavy Blade","Armaments"],"picked":"Sword Boomerang","floor":3},{"not_picked":["Clash","Headbutt"],"picked":"Combust","floor":4},{"not_picked":["Anger","Flex","Infernal Blade"],"picked":"SKIP","floor":6},{"not_picked":["Wild Strike","Pommel Strike"],"picked":"Battle Trance","floor":11}],"player_experience":1607360,"relics_obtained":[{"floor":9,"key":"Juzu Bracelet"}],"event_choices":[{"damage_healed":0,"gold_gain":0,"player_choice":"Forge","damage_taken":0,"max_hp_gain":0,"max_hp_loss":0,"event_name":"Accursed Blacksmith","floor":2,"gold_loss":0,"cards_upgraded":["Hemokinesis"]},{"damage_healed":0,"gold_gain":0,"player_choice":"Lose Max HP","damage_taken":0,"relics_obtained":["Golden Idol"],"max_hp_gain":0,"max_hp_loss":7,"event_name":"Golden Idol","floor":12,"gold_loss":0},{"damage_healed":0,"gold_gain":30,"player_choice":"Searched \u00271\u0027 times","damage_taken":0,"max_hp_gain":0,"max_hp_loss":0,"event_name":"Dead Adventurer","floor":13,"gold_loss":0},{"damage_healed":0,"gold_gain":0,"cards_transformed":["Strike_R"],"player_choice":"Change","damage_taken":0,"max_hp_gain":0,"max_hp_loss":0,"event_name":"Living Wall","floor":14,"gold_loss":0,"cards_obtained":["Intimidate"]}],"is_beta":false,"boss_relics":[],"items_purged_floors":[5],"is_endless":false,"potions_floor_spawned":[3],"killed_by":"The Guardian","ascension_level":19}}