{"host":"4wbfffuiqd9v0v1t","time":1613861042,"event":{"mods":["BaseMod","Bestiary","Highlight Path","Minty Spire (QoL Compilation)","Relic Stats","StSLib","ojb\u0027s Info Mod"],"gold_per_floor":[111,125,144,168,183,183,217,237,237,255,288,11,11,30,30,105,105,121,121,46,62,81,81,109,109,182,41,55,90,90,107,107,178,178,192,192,192,210,227,227,227],"floor_reached":40,"language":"ENG","playtime":3293,"items_purged":["Strike_B","Strike_B"],"score":934,"play_id":"3cbbad5e-d45c-47d6-99f4-618e25a809b3","local_time":"20210220174402","is_ascension_mode":true,"campfire_choices":[{"data":"Beam Cell","floor":6.0,"key":"SMITH"},{"data":"Apotheosis","floor":13.0,"key":"SMITH"},{"floor":15.0,"key":"REST"},{"data":"Reinforced Body","floor":23.0,"key":"SMITH"},{"floor":25.0,"key":"REST"},{"floor":30.0,"key":"REST"},{"floor":32.0,"key":"REST"}],"circlet_count":0,"master_deck":["AscendersBane","Strike_B","Strike_B","Defend_B","Defend_B","Defend_B","Zap","Dualcast","Sweeping Beam","Doom and Gloom","Beam Cell+1","Ball Lightning","Reinforced Body+1","Hologram","Conserve Battery","Self Repair+1","Apotheosis+1","Static Discharge+1","Rainbow","Lockon","Skim","White Noise","Conserve Battery+1","Multi-Cast","Hologram+1"],"relics":["Cracked Core","Bag of Marbles","Centennial Puzzle","Frozen Egg 2","Lantern","Velvet Choker","Unceasing Top","Letter Opener","Ice Cream","Coffee Dripper"],"acts_visited":["Exordium","TheCity","TheBeyond"],"potions_floor_usage":[],"damage_taken":[{"damage":1.0,"enemies":"Cultist","floor":1.0,"turns":4.0},{"damage":7.0,"enemies":"Jaw Worm","floor":2.0,"turns":3.0},{"damage":0.0,"enemies":"Small Slimes","floor":3.0,"turns":3.0},{"damage":6.0,"enemies":"Blue Slaver","floor":5.0,"turns":3.0},{"damage":20.0,"enemies":"3 Sentries","floor":7.0,"turns":6.0},{"damage":1.0,"enemies":"Looter","floor":8.0,"turns":3.0},{"damage":4.0,"enemies":"Red Slaver","floor":10.0,"turns":2.0},{"damage":15.0,"enemies":"Lagavulin","floor":11.0,"turns":7.0},{"damage":0.0,"enemies":"3 Louse","floor":14.0,"turns":1.0},{"damage":16.0,"enemies":"The Guardian","floor":16.0,"turns":7.0},{"damage":12.0,"enemies":"2 Thieves","floor":18.0,"turns":4.0},{"damage":2.0,"enemies":"Chosen","floor":21.0,"turns":5.0},{"damage":2.0,"enemies":"Snecko","floor":22.0,"turns":3.0},{"damage":48.0,"enemies":"Gremlin Leader","floor":24.0,"turns":5.0},{"damage":0.0,"enemies":"3 Cultists","floor":28.0,"turns":3.0},{"damage":51.0,"enemies":"Slavers","floor":29.0,"turns":3.0},{"damage":16.0,"enemies":"Cultist and Chosen","floor":31.0,"turns":6.0},{"damage":39.0,"enemies":"Champ","floor":33.0,"turns":13.0},{"damage":2.0,"enemies":"Orb Walker","floor":35.0,"turns":3.0},{"damage":0.0,"enemies":"3 Darklings","floor":36.0,"turns":2.0},{"damage":26,"enemies":"Jaw Worm Horde","floor":38,"turns":4},{"damage":0,"enemies":"Transient","floor":39,"turns":6},{"damage":97,"enemies":"Giant Head","floor":40,"turns":7}],"seed_played":"-9190628679534130513","potions_obtained":[{"floor":2.0,"key":"Energy Potion"},{"floor":7.0,"key":"SmokeBomb"},{"floor":11.0,"key":"FocusPotion"},{"floor":14.0,"key":"Weak Potion"},{"floor":18.0,"key":"Explosive Potion"},{"floor":28.0,"key":"Regen Potion"},{"floor":33.0,"key":"SmokeBomb"},{"floor":35.0,"key":"Ancient Potion"},{"floor":38,"key":"PotionOfCapacity"}],"is_trial":false,"path_per_floor":["M","M","M","T","M","R","E","M","T","M","E","$","R","M","R","B",null,"M","?","?","M","M","R","E","R","T","$","M","E","R","M","R","B",null,"M","M","?","M","M","E"],"character_chosen":"DEFECT","items_purchased":["Apotheosis","Skim"],"campfire_rested":4,"item_purchase_floors":[12,27],"current_hp_per_floor":[70,63,63,63,57,57,37,36,36,32,17,17,17,17,40,34,67,65,43,43,51,59,59,21,45,45,45,55,16,40,34,58,29,70,78,78,78,62,72,0,0],"gold":227,"neow_bonus":"TEN_PERCENT_HP_BONUS","is_daily":false,"chose_seed":false,"campfire_upgraded":3,"win_rate":0.0,"timestamp":1613861042,"path_taken":["M","M","M","?","?","R","E","M","T","M","E","$","R","M","R","BOSS","BOSS","M","?","?","M","M","R","E","R","T","$","M","E","R","M","R","BOSS","M","M","?","M","M","E"],"items_purchased_type":["Card","Card"],"build_version":"2020-12-22","purchased_purges":2,"victory":false,"max_hp_per_floor":[78,78,78,78,78,78,78,78,78,78,78,78,78,78,78,78,78,78,83,83,83,83,83,83,83,83,83,83,83,83,83,83,83,83,83,83,79,79,79,79,79],"relic_stats":{"Centennial Puzzle":[42],"counters":[23,103],"Letter Opener":[146],"obtain_stats":[{"Ice Cream":29,"Centennial Puzzle":7,"Lantern":11,"Velvet Choker":17,"Bag of Marbles":4,"Coffee Dripper":34,"Letter Opener":26,"Frozen Egg 2":9,"Cracked Core":0,"Unceasing Top":24},{"Ice Cream":16,"Centennial Puzzle":5,"Lantern":8,"Velvet Choker":10,"Bag of Marbles":3,"Coffee Dripper":18,"Letter Opener":14,"Frozen Egg 2":6,"Cracked Core":0,"Unceasing Top":14},{"Ice Cream":62,"Centennial Puzzle":19,"Lantern":31,"Velvet Choker":39,"Bag of Marbles":10,"Coffee Dripper":81,"Letter Opener":56,"Frozen Egg 2":22,"Cracked Core":0,"Unceasing Top":56}],"Unceasing Top":[10]},"card_choices":[{"not_picked":["Gash","Darkness"],"picked":"Sweeping Beam","floor":1.0},{"not_picked":["Skim","Gash"],"picked":"Doom and Gloom","floor":2.0},{"not_picked":["Barrage","Go for the Eyes"],"picked":"Beam Cell","floor":3.0},{"not_picked":["Blizzard","Chaos"],"picked":"Ball Lightning","floor":5.0},{"not_picked":["Thunder Strike","Barrage"],"picked":"Reinforced Body","floor":7.0},{"not_picked":["Storm","Tempest"],"picked":"Hologram","floor":8.0},{"not_picked":["Rip and Tear","Leap"],"picked":"Conserve Battery","floor":10.0},{"not_picked":["Barrage","BootSequence"],"picked":"Self Repair+1","floor":11.0},{"not_picked":["Coolheaded","Cold Snap"],"picked":"Static Discharge+1","floor":14.0},{"not_picked":["Meteor Strike","All For One"],"picked":"Rainbow","floor":16.0},{"not_picked":["Rip and Tear","Go for the Eyes","Turbo+1"],"picked":"SKIP","floor":18.0},{"not_picked":["Redo","Steam","Streamline"],"picked":"SKIP","floor":21.0},{"not_picked":["Go for the Eyes","Meteor Strike"],"picked":"Lockon","floor":22.0},{"not_picked":["Stack","Blizzard","Hologram+1"],"picked":"SKIP","floor":24.0},{"not_picked":["Compile Driver","Barrage"],"picked":"White Noise","floor":28.0},{"not_picked":["Turbo","Ball Lightning+1","Sweeping Beam"],"picked":"SKIP","floor":29.0},{"not_picked":["Turbo","Sweeping Beam"],"picked":"Conserve Battery+1","floor":31.0},{"not_picked":["Reboot","Buffer+1"],"picked":"Multi-Cast","floor":33.0},{"not_picked":["Streamline","Gash"],"picked":"Hologram+1","floor":35.0},{"not_picked":["Ball Lightning","Gash","Rebound"],"picked":"SKIP","floor":38},{"not_picked":["Ball Lightning","Heatsinks+1","Turbo"],"picked":"SKIP","floor":39}],"player_experience":156946,"relics_obtained":[{"floor":4.0,"key":"Bag of Marbles"},{"floor":7.0,"key":"Centennial Puzzle"},{"floor":9.0,"key":"Frozen Egg 2"},{"floor":11.0,"key":"Lantern"},{"floor":24.0,"key":"Unceasing Top"},{"floor":26.0,"key":"Letter Opener"},{"floor":29.0,"key":"Ice Cream"}],"event_choices":[{"damage_healed":0.0,"max_hp_gain":5.0,"max_hp_loss":0.0,"gold_gain":0.0,"event_name":"Forgotten Altar","player_choice":"Shed Blood","floor":19.0,"gold_loss":0.0,"damage_taken":27.0},{"cards_removed":["Defend_B"],"damage_healed":0.0,"max_hp_gain":0.0,"max_hp_loss":0.0,"gold_gain":0.0,"event_name":"Beggar","player_choice":"Gave Gold","floor":20.0,"gold_loss":75.0,"damage_taken":0.0},{"damage_healed":0.0,"max_hp_gain":0.0,"max_hp_loss":4.0,"gold_gain":0.0,"event_name":"Winding Halls","player_choice":"Max HP","floor":37.0,"gold_loss":0.0,"damage_taken":0.0}],"is_beta":false,"boss_relics":[{"not_picked":["Snecko Eye","Tiny House"],"picked":"Velvet Choker"},{"not_picked":["Black Star","Empty Cage"],"picked":"Coffee Dripper"}],"items_purged_floors":[12,27],"is_endless":false,"potions_floor_spawned":[2,7,11,14,18,28,33,35,38],"killed_by":"Giant Head","ascension_level":20}}