{"host":"9glxjasd35ghdaim","time":1613791108,"event":{"mods":["Act Like it!","AlwaysNeverKeys","Aspiration","BaseMod","Better Third Choice","CCEM2","CapriCore","Colored Map","Colored Powertips","Dark Map","Displayed Cursed Tome","Downfall","Evolution","GifTheSpireLib","Marked Mod","Minty Spire (QoL Compilation)","Permanent Neow","Quick Restart","Random Character Button","Reliquary","StSLib","Unceasing Turn Reminder"],"gold_per_floor":[0,11,111,1,1,101,101,276,296,371,371,371,155,183,200,298,298,298,312,326,30,45,45,91,105,133,133,133,133,133,148,160,255,255,255,255,36,49,68,68,68,68],"floor_reached":40,"language":"ENG","playtime":4445,"items_purged":["Slimebound:Defend_Slimebound","Slimebound:Strike_Slimebound","Slimebound:Strike_Slimebound"],"score":471,"play_id":"d320776f-70d7-4e2e-bd38-a1fdd993f59e","local_time":"20210219221828","is_ascension_mode":true,"campfire_choices":[{"data":"Slimebound:Split","floor":1,"key":"SMITH"},{"floor":11,"key":"REST"},{"data":"Slimebound:SlimeBarrage","floor":18,"key":"SMITH"},{"data":"Slimebound:MegaLick","floor":23,"key":"SMITH"},{"data":"Slimebound:RejuvenatingLick","floor":28,"key":"SMITH"},{"data":"Slimebound:ComboTackle","floor":30,"key":"SMITH"},{"data":"Slimebound:LeechEnergy","floor":35,"key":"SMITH"}],"circlet_count":0,"master_deck":["Slimebound:Tackle","Slimebound:Defend_Slimebound","Slimebound:Defend_Slimebound","Slimebound:Split+1","Slimebound:CorrosiveSpit","Slimebound:SplitMire","Slimebound:SplitLeeching","Slimebound:SamplingLick+1","Slimebound:MegaLick+1","Slimebound:RainOfGoop","Slimebound:SlimeBarrage+1","Slimebound:LeechEnergy+1","Slimebound:RejuvenatingLick+1","Slimebound:Gluttony","Slimebound:LeechingTouch","Slimebound:SplitAcid","Slimebound:Schlurp","Slimebound:Teamwork","Slimebound:ComboTackle","Slimebound:SplitLeeching","Slimebound:SpikyOuterGoop","Slimebound:LeadByExample","Slimebound:ForwardTackle","Slimebound:Replication","Slimebound:Prepare","Slimebound:SplitBruiser","Slimebound:ComboTackle+1","Slimebound:GoopTackle+1","Slimebound:SplitLeeching","Slimebound:PrepareCrush","Slimebound:LeechEnergy+1","Panache","Slimebound:SelfFormingGoo","Slimebound:SamplingLick","Slimebound:LeechingTouch","Slimebound:HauntingLick+1","Slimebound:Equalize+1"],"relics":["Slimebound:AbsorbEndCombat","EVO:Axolotl","aspiration:HatOfInfinitePower","Mercury Hourglass","downfall:ShatteredFragment","CCEMRelics:BundleOfChain","Philosopher\u0027s Stone","Eternal Feather","downfall:RedIOU","reliquary:ThirdArm","Spirit Poop"],"acts_visited":["Exordium","TheCity","TheBeyond"],"potions_floor_usage":[13,21,26,32,33,40],"damage_taken":[{"damage":10,"enemies":"2 Louse","floor":2,"turns":3},{"damage":0,"enemies":"downfall:FleeingMerchant","floor":4,"turns":4},{"damage":24,"enemies":"downfall:Heads","floor":6,"turns":7},{"damage":6,"enemies":"Jaw Worm","floor":9,"turns":3},{"damage":6,"enemies":"downfall:FleeingMerchant","floor":13,"turns":4},{"damage":15,"enemies":"3 Sentries","floor":14,"turns":4},{"damage":10,"enemies":"Small Slimes","floor":15,"turns":2},{"damage":22,"enemies":"IC_STATUS_ARCHETYPE","floor":16,"turns":7},{"damage":0,"enemies":"Spheric Guardian","floor":19,"turns":3},{"damage":10,"enemies":"downfall:LooterAlt2","floor":20,"turns":2},{"damage":3,"enemies":"downfall:FleeingMerchant","floor":21,"turns":4},{"damage":17,"enemies":"Shelled Parasite and Fungi","floor":22,"turns":4},{"damage":5,"enemies":"Snake Plant","floor":25,"turns":3},{"damage":10,"enemies":"Gremlin Leader","floor":26,"turns":4},{"damage":0,"enemies":"3 Cultists","floor":31,"turns":3},{"damage":0,"enemies":"Cultist and Chosen","floor":32,"turns":3},{"damage":25,"enemies":"WA_ARCHETYPE_CALM","floor":33,"turns":7},{"damage":0,"enemies":"downfall:FleeingMerchant","floor":37,"turns":2},{"damage":0,"enemies":"3 Shapes","floor":38,"turns":2},{"damage":17,"enemies":"3 Darklings","floor":39,"turns":3},{"damage":64,"enemies":"Nemesis","floor":40,"turns":4}],"seed_played":"-3125436084552425806","potions_obtained":[{"floor":9,"key":"Strength Potion"},{"floor":14,"key":"Dexterity Potion"},{"floor":16,"key":"Fire Potion"},{"floor":20,"key":"Energy Potion"},{"floor":25,"key":"DistilledChaos"},{"floor":29,"key":"downfall:CursedFountainPotion"},{"floor":32,"key":"DuplicationPotion"},{"floor":33,"key":"Dexterity Potion"},{"floor":38,"key":"PowerPotion"}],"is_trial":false,"path_per_floor":["R","M","?","$","?","?","T","?","M","?","R","?","$","E","M","B",null,"R","M","M","$","M","R","T","M","E","?","R","?","R","M","M","B",null,"R","?","$","M","M","E"],"character_chosen":"SLIMEBOUND","items_purchased":["Slimebound:SamplingLick","Slimebound:MegaLick","Slimebound:Gluttony","Slimebound:LeechingTouch","Slimebound:LeadByExample","Slimebound:ForwardTackle","Slimebound:Replication","Panache","Slimebound:SelfFormingGoo","Slimebound:SamplingLick","Slimebound:LeechingTouch"],"campfire_rested":1,"item_purchase_floors":[4,4,13,13,21,21,21,37,37,37,37],"current_hp_per_floor":[65,57,57,61,66,50,50,50,46,46,67,49,51,44,38,24,70,70,70,64,69,57,57,57,58,56,56,70,70,70,70,70,45,70,70,70,70,70,57,0,0,0],"gold":68,"neow_bonus":"ONE_RARE_RELIC","is_daily":false,"chose_seed":false,"campfire_upgraded":6,"win_rate":0.0,"timestamp":1613791108,"path_taken":["R","M","?","$","?","?","T","?","?","?","R","?","?","E","M","BOSS","R","M","M","$","M","R","T","M","E","?","R","?","R","M","M","BOSS","R","?","$","M","M","E"],"items_purchased_type":["Card","Card","Card","Card","Card","Card","Card","Card","Card","Card","Card"],"build_version":"2020-12-22","purchased_purges":3,"victory":false,"max_hp_per_floor":[65,65,65,65,70,70,70,70,70,70,70,70,70,70,70,70,70,70,70,70,70,70,70,70,70,70,70,70,70,70,70,70,70,70,70,70,70,70,70,70,70,70],"card_choices":[{"not_picked":["Slimebound:PressTheAttack","Slimebound:Dissolve"],"picked":"Slimebound:SplitMire","floor":2},{"not_picked":["Slimebound:SlimeSpikes","Slimebound:SamplingLick"],"picked":"Slimebound:SplitLeeching","floor":4},{"not_picked":["Slimebound:BestDefense","Slimebound:LeadByExample"],"picked":"Slimebound:SlimeBarrage","floor":6},{"not_picked":["Slimebound:Grow","Slimebound:FinishingTackle"],"picked":"Slimebound:LeechEnergy","floor":9},{"not_picked":["Slimebound:SpikyOuterGoop","Slimebound:BestDefense"],"picked":"Slimebound:RejuvenatingLick","floor":13},{"not_picked":["Slimebound:RollThrough","Slimebound:MegaLick"],"picked":"Slimebound:SplitAcid","floor":14},{"not_picked":["Slimebound:GrowthPunch","Slimebound:DuplicatedForm"],"picked":"Slimebound:Schlurp","floor":15},{"not_picked":["Slimebound:SelfFormingGoo","Slimebound:OneTwoCombo"],"picked":"Slimebound:Teamwork","floor":16},{"not_picked":["Slimebound:SplitMire","Slimebound:ServeAndProtect+1"],"picked":"Slimebound:ComboTackle","floor":19},{"not_picked":["Slimebound:SlimeSpikes","Slimebound:RejuvenatingLick"],"picked":"Slimebound:SplitLeeching","floor":20},{"not_picked":["Slimebound:SplitAcid","Slimebound:LeechEnergy+1"],"picked":"Slimebound:SpikyOuterGoop","floor":21},{"not_picked":["Slimebound:Equalize","Slimebound:Dissolve"],"picked":"Slimebound:Prepare","floor":22},{"not_picked":["Slimebound:Dissolve+1","Slimebound:SelfFormingGoo"],"picked":"Slimebound:SplitBruiser","floor":25},{"not_picked":["Slimebound:SplitMire+1","Slimebound:RejuvenatingLick"],"picked":"Slimebound:ComboTackle","floor":26},{"not_picked":["Slimebound:DisruptingSlam","Slimebound:RollThrough+1"],"picked":"Slimebound:GoopTackle+1","floor":31},{"not_picked":["Slimebound:PressTheAttack","Slimebound:FinishingTackle"],"picked":"Slimebound:SplitLeeching","floor":32},{"not_picked":["Slimebound:MinionMaster","Slimebound:DuplicatedForm"],"picked":"Slimebound:PrepareCrush","floor":33},{"not_picked":["Slimebound:LeadByExample","Slimebound:SplitMire+1"],"picked":"Slimebound:LeechEnergy+1","floor":37},{"not_picked":["Slimebound:PrepareCrush","Slimebound:GoopTackle+1"],"picked":"Slimebound:HauntingLick+1","floor":38},{"not_picked":["Slimebound:DivideAndConquer+1","Slimebound:GrowthPunch"],"picked":"Slimebound:Equalize+1","floor":39}],"player_experience":228832,"relics_obtained":[{"floor":7,"key":"Mercury Hourglass"},{"floor":14,"key":"CCEMRelics:BundleOfChain"},{"floor":24,"key":"CCEMRelics:BundleOfDynamite"},{"floor":26,"key":"Eternal Feather"}],"event_choices":[{"damage_healed":0,"gold_gain":0,"player_choice":"Donut","damage_taken":0,"max_hp_gain":5,"max_hp_loss":0,"event_name":"Big Fish","floor":5,"gold_loss":0},{"cards_removed":["Doubt"],"damage_healed":0,"gold_gain":0,"player_choice":"Offered Curse","damage_taken":0,"relics_obtained":["Spirit Poop"],"max_hp_gain":0,"max_hp_loss":0,"event_name":"Bonfire Elementals","floor":36,"gold_loss":0}],"is_beta":false,"boss_relics":[{"not_picked":["Busted Crown","reliquary:KinkedSpring"],"picked":"Philosopher\u0027s Stone"},{"not_picked":["Slimebound:TarBlob","aspiration:SecretTechniqueScroll"],"picked":"reliquary:ThirdArm"}],"items_purged_floors":[13,21,37],"is_endless":false,"potions_floor_spawned":[9,14,16,20,25,32,33,38],"killed_by":"Nemesis","ascension_level":1}}