{"host":"mnpd8gh7cwxsn5kh","time":1613815072,"event":{"mods":["BaseMod","Bestiary","Block Reminder","Colored Map","Colored Powertips","Highlight Path","Minty Spire (QoL Compilation)","Relic Sorter","Relic Stats"],"gold_per_floor":[166,184,204,219,28,63,63,63,109,136,154,169,169,196,196,270,270,287,306,306,323,323,323,355,355,403,422,448,7,7,40,40,117,117,132,132,146,162,18,18,44,44,114,150,178,188,219,235,235,235],"floor_reached":51,"language":"ENG","playtime":4868,"items_purged":["Strike_P"],"score":1813,"play_id":"a641209c-c552-4503-8241-cf4668638ea4","local_time":"20210220105752","is_ascension_mode":true,"campfire_choices":[{"data":"Eruption","floor":7.0,"key":"SMITH"},{"data":"Evaluate","floor":13.0,"key":"SMITH"},{"data":"Wallop","floor":15.0,"key":"SMITH"},{"floor":23.0,"key":"REST"},{"floor":25.0,"key":"RECALL"},{"floor":30.0,"key":"REST"},{"floor":32.0,"key":"REST"},{"floor":40.0,"key":"REST"},{"floor":42,"key":"REST"},{"floor":49,"key":"REST"}],"circlet_count":0,"master_deck":["AscendersBane","Strike_P+1","Defend_P+1","Defend_P+1","Defend_P+1","Defend_P+1","Eruption+1","Vigilance","Consecrate","CutThroughFate","SashWhip+1","FearNoEvil+1","FlurryOfBlows","Tantrum","FearNoEvil","CutThroughFate","EmptyMind","Wallop+1","Evaluate+1","Weave","Vault","InnerPeace","RitualDagger","Wireheading","Perseverance","Dramatic Entrance+1","Halt+1","Wish","ThirdEye","Nirvana","Evaluate+1","Wallop+1","CrushJoints+1","SpiritShield","CutThroughFate+1"],"relics":["Tiny House","Mercury Hourglass","Whetstone","Bag of Marbles","Toy Ornithopter","Fusion Hammer","Smiling Mask","Strawberry","Molten Egg 2","FossilizedHelix","TungstenRod","Runic Pyramid","Bottled Tornado","InkBottle","PreservedInsect","GoldenEye"],"acts_visited":["Exordium","TheCity","TheBeyond"],"potions_floor_usage":[45,50],"damage_taken":[{"damage":3.0,"enemies":"Cultist","floor":1.0,"turns":4.0},{"damage":7.0,"enemies":"2 Louse","floor":2.0,"turns":2.0},{"damage":0.0,"enemies":"Small Slimes","floor":3.0,"turns":4.0},{"damage":7.0,"enemies":"Exordium Thugs","floor":4.0,"turns":4.0},{"damage":5.0,"enemies":"3 Sentries","floor":6.0,"turns":4.0},{"damage":5.0,"enemies":"Lagavulin","floor":10.0,"turns":5.0},{"damage":0.0,"enemies":"Lots of Slimes","floor":11.0,"turns":3.0},{"damage":0.0,"enemies":"3 Louse","floor":12.0,"turns":1.0},{"damage":0.0,"enemies":"Gremlin Nob","floor":14.0,"turns":2.0},{"damage":10.0,"enemies":"The Guardian","floor":16.0,"turns":9.0},{"damage":0.0,"enemies":"2 Thieves","floor":18.0,"turns":2.0},{"damage":0.0,"enemies":"Spheric Guardian","floor":19.0,"turns":4.0},{"damage":0.0,"enemies":"Snake Plant","floor":21.0,"turns":2.0},{"damage":6.0,"enemies":"Slavers","floor":24.0,"turns":2.0},{"damage":0.0,"enemies":"Sentry and Sphere","floor":27.0,"turns":3.0},{"damage":6.0,"enemies":"Book of Stabbing","floor":28.0,"turns":2.0},{"damage":0.0,"enemies":"Slavers","floor":31.0,"turns":2.0},{"damage":12.0,"enemies":"Automaton","floor":33.0,"turns":11.0},{"damage":0.0,"enemies":"3 Shapes","floor":35.0,"turns":2.0},{"damage":0.0,"enemies":"3 Darklings","floor":37.0,"turns":3.0},{"damage":0.0,"enemies":"4 Shapes","floor":38.0,"turns":3.0},{"damage":0,"enemies":"Reptomancer","floor":41,"turns":8},{"damage":0,"enemies":"Transient","floor":44,"turns":6},{"damage":0,"enemies":"Giant Head","floor":45,"turns":6},{"damage":0,"enemies":"Sphere and 2 Shapes","floor":46,"turns":3},{"damage":0,"enemies":"Reptomancer","floor":47,"turns":3},{"damage":0,"enemies":"Spire Growth","floor":48,"turns":2},{"damage":41,"enemies":"Donu and Deca","floor":50,"turns":6}],"seed_played":"8681278918981683012","potions_obtained":[{"floor":0.0,"key":"LiquidBronze"},{"floor":1.0,"key":"Weak Potion"},{"floor":3.0,"key":"Fire Potion"},{"floor":10.0,"key":"PowerPotion"},{"floor":19.0,"key":"Swift Potion"},{"floor":24.0,"key":"Explosive Potion"},{"floor":27.0,"key":"AttackPotion"},{"floor":37.0,"key":"DuplicationPotion"},{"floor":45,"key":"FairyPotion"}],"is_trial":false,"path_per_floor":["M","M","M","M","$","E","R","?","T","E","M","M","R","E","R","B",null,"M","M","?","M","?","R","E","R","T","M","E","$","R","E","R","B",null,"M","?","M","M","$","R","E","R","T","M","E","M","E","M","R","B",null],"character_chosen":"WATCHER","items_purchased":["Tantrum","FearNoEvil","FossilizedHelix","Dramatic Entrance+1","Wallop+1","CrushJoints+1"],"campfire_rested":6,"item_purchase_floors":[5,5,29,29,39,39],"current_hp_per_floor":[63,56,56,49,49,44,44,44,44,39,39,39,39,39,39,34,63,63,63,57,62,62,73,67,67,74,74,68,68,80,80,80,68,77,77,77,80,80,80,80,80,80,80,80,80,80,80,80,80,44],"gold":235,"neow_bonus":"BOSS_RELIC","is_daily":false,"chose_seed":false,"campfire_upgraded":3,"win_rate":0.0,"timestamp":1613815072,"path_taken":["M","?","M","M","$","E","R","?","T","E","?","M","R","E","R","BOSS","M","M","?","M","?","R","E","R","T","M","E","$","R","E","R","BOSS","M","?","M","M","?","R","E","R","T","M","E","?","E","M","R","BOSS"],"items_purchased_type":["Card","Card","Relic","Card","Card","Card"],"build_version":"2020-12-22","purchased_purges":1,"victory":true,"max_hp_per_floor":[73,73,73,73,73,73,73,73,73,73,73,73,73,73,73,73,73,73,73,73,73,73,73,73,73,80,80,80,80,80,80,80,80,80,80,80,80,80,80,80,80,80,80,80,80,80,80,80,80,80],"relic_stats":{"counters":[28,108],"PreservedInsect":60,"Whetstone":["SashWhip","FearNoEvil"],"Smiling Mask":0,"GoldenEye":[18],"obtain_stats":[{"Tiny House":0,"PreservedInsect":45,"Whetstone":9,"Bottled Tornado":41,"Smiling Mask":24,"GoldenEye":47,"Mercury Hourglass":6,"Strawberry":26,"Molten Egg 2":28,"Fusion Hammer":17,"Bag of Marbles":10,"PureWater":0,"Toy Ornithopter":14,"FossilizedHelix":29,"TungstenRod":31,"InkBottle":43,"Runic Pyramid":34},{"Tiny House":0,"PreservedInsect":24,"Whetstone":5,"Bottled Tornado":22,"Smiling Mask":14,"GoldenEye":26,"Mercury Hourglass":5,"Strawberry":14,"Molten Egg 2":16,"Fusion Hammer":10,"Bag of Marbles":6,"PureWater":0,"Toy Ornithopter":9,"FossilizedHelix":16,"TungstenRod":17,"InkBottle":22,"Runic Pyramid":18},{"Tiny House":0,"PreservedInsect":94,"Whetstone":18,"Bottled Tornado":82,"Smiling Mask":48,"GoldenEye":100,"Mercury Hourglass":18,"Strawberry":48,"Molten Egg 2":53,"Fusion Hammer":38,"Bag of Marbles":23,"PureWater":0,"Toy Ornithopter":29,"FossilizedHelix":53,"TungstenRod":55,"InkBottle":82,"Runic Pyramid":66}],"Toy Ornithopter":18,"TungstenRod":4,"InkBottle":[11],"Mercury Hourglass":[366]},"card_choices":[{"not_picked":["FlyingSleeves","ThirdEye"],"picked":"Consecrate","floor":0.0},{"not_picked":["Evaluate","FollowUp"],"picked":"CutThroughFate","floor":1.0},{"not_picked":["FlyingSleeves","ThirdEye"],"picked":"SashWhip","floor":2.0},{"not_picked":["CutThroughFate","Sanctity"],"picked":"FearNoEvil","floor":3.0},{"not_picked":["EmptyBody","LikeWater"],"picked":"FlurryOfBlows","floor":4.0},{"not_picked":["Adaptation","JustLucky"],"picked":"CutThroughFate","floor":6.0},{"not_picked":["Perseverance","Wish"],"picked":"EmptyMind","floor":10.0},{"not_picked":["Halt","FlurryOfBlows"],"picked":"Wallop","floor":11.0},{"not_picked":["ClearTheMind","FlurryOfBlows"],"picked":"Evaluate","floor":12.0},{"not_picked":["FlyingSleeves","BattleHymn"],"picked":"Weave","floor":14.0},{"not_picked":["MasterReality","Blasphemy"],"picked":"Vault","floor":16.0},{"not_picked":["CarveReality","EmptyFist"],"picked":"InnerPeace","floor":18.0},{"not_picked":["CrushJoints","Pray","BowlingBash"],"picked":"SKIP","floor":19.0},{"not_picked":["Wallop","FlyingSleeves"],"picked":"Wireheading","floor":21.0},{"not_picked":["BowlingBash","SashWhip","CrushJoints"],"picked":"SKIP","floor":24.0},{"not_picked":["WreathOfFlame","FollowUp"],"picked":"Perseverance","floor":27.0},{"not_picked":["Prostrate","FlyingSleeves+1","DevaForm"],"picked":"SKIP","floor":28.0},{"not_picked":["BattleHymn","Crescendo"],"picked":"Halt+1","floor":31.0},{"not_picked":["DevaForm","Omniscience"],"picked":"Wish","floor":33.0},{"not_picked":["Wireheading+1","PathToVictory"],"picked":"ThirdEye","floor":35.0},{"not_picked":["ThirdEye+1","Conclude+1"],"picked":"Nirvana","floor":37.0},{"not_picked":["Prostrate","Pray"],"picked":"Evaluate+1","floor":38.0},{"not_picked":["Protect","FlurryOfBlows+1","Evaluate+1"],"picked":"SKIP","floor":41},{"not_picked":["EmptyMind","PathToVictory","ClearTheMind"],"picked":"SKIP","floor":44},{"not_picked":["ClearTheMind","ThirdEye"],"picked":"SpiritShield","floor":45},{"not_picked":["ThirdEye","EmptyBody"],"picked":"CutThroughFate+1","floor":46},{"not_picked":["Prostrate","BowlingBash+1","Crescendo+1"],"picked":"SKIP","floor":47},{"not_picked":["EmptyBody","Blasphemy","FlyingSleeves+1"],"picked":"SKIP","floor":48}],"player_experience":627625,"relics_obtained":[{"floor":6.0,"key":"Mercury Hourglass"},{"floor":9.0,"key":"Whetstone"},{"floor":10.0,"key":"Bag of Marbles"},{"floor":14.0,"key":"Toy Ornithopter"},{"floor":24.0,"key":"Smiling Mask"},{"floor":26.0,"key":"Strawberry"},{"floor":28.0,"key":"Molten Egg 2"},{"floor":31.0,"key":"TungstenRod"},{"floor":41,"key":"Bottled Tornado"},{"floor":43,"key":"InkBottle"},{"floor":45,"key":"PreservedInsect"},{"floor":47,"key":"GoldenEye"}],"event_choices":[{"cards_removed":["Strike_P"],"damage_healed":0.0,"max_hp_gain":0.0,"max_hp_loss":0.0,"gold_gain":0.0,"event_name":"Purifier","player_choice":"Purged","floor":8.0,"gold_loss":0.0,"damage_taken":0.0},{"damage_healed":0.0,"max_hp_gain":0.0,"max_hp_loss":0.0,"gold_gain":0.0,"event_name":"Nest","player_choice":"Joined the Cult","floor":20.0,"gold_loss":0.0,"damage_taken":6.0,"cards_obtained":["RitualDagger"]},{"damage_healed":0.0,"max_hp_gain":0.0,"max_hp_loss":0.0,"gold_gain":0.0,"event_name":"Back to Basics","player_choice":"Simplicity","floor":22.0,"gold_loss":0.0,"damage_taken":0.0,"cards_upgraded":["Strike_P","Strike_P","Defend_P","Defend_P","Defend_P"]},{"cards_removed":["Strike_P"],"damage_healed":0.0,"max_hp_gain":0.0,"max_hp_loss":0.0,"gold_gain":0.0,"event_name":"Purifier","player_choice":"Purged","floor":36.0,"gold_loss":0.0,"damage_taken":0.0}],"is_beta":false,"boss_relics":[{"not_picked":["Astrolabe","Snecko Eye"],"picked":"Fusion Hammer"},{"not_picked":["Busted Crown","Black Star"],"picked":"Runic Pyramid"}],"items_purged_floors":[5],"is_endless":false,"potions_floor_spawned":[1,3,10,12,14,19,24,27,31,37,41,44,45],"ascension_level":19}}