{"host":"l2lylj0omvglf5x0","time":1613840060,"event":{"mods":["2.2 Compatiblity","BaseMod","Bestiary","Block Reminder","Colored Map","Colored Powertips","Curses Come First","Highlight Path","Keyboard Shortcuts","Minty Spire (QoL Compilation)","Relic Sorter","Relic Stats","Slay the Relics Exporter","StSLib","SuperFastMode"],"gold_per_floor":[112,112,112,112,112,112,153,174,174,207,207,225,225,258,258,258,258],"floor_reached":16,"language":"ENG","playtime":242,"items_purged":[],"score":226,"play_id":"198c5b5e-dc5c-4c7d-9153-4dc1c35d57c2","local_time":"20210220175420","is_ascension_mode":true,"campfire_choices":[{"data":"Bash","floor":6,"key":"SMITH"},{"data":"1","floor":11,"key":"LIFT"},{"data":"2","floor":13,"key":"LIFT"},{"floor":15,"key":"RECALL"}],"circlet_count":0,"master_deck":["AscendersBane","Strike_R","Strike_R","Strike_R","Strike_R","Defend_R","Defend_R","Defend_R","Defend_R","Bash+1","Battle Trance","Rupture","Cleave","Bloodletting","Limit Break"],"relics":["Burning Blood","NeowsBlessing","Golden Idol","Bottled Lightning","Girya","White Beast Statue","Question Card","Bronze Scales"],"acts_visited":["Exordium"],"potions_floor_usage":[10,14,16],"damage_taken":[{"damage":0,"enemies":"2 Louse","floor":1,"turns":1},{"damage":0,"enemies":"Gremlin Nob","floor":7,"turns":1},{"damage":0,"enemies":"Jaw Worm","floor":8,"turns":1},{"damage":43,"enemies":"Lagavulin","floor":10,"turns":6},{"damage":3,"enemies":"Small Slimes","floor":12,"turns":3},{"damage":10,"enemies":"Gremlin Nob","floor":14,"turns":3},{"damage":38,"enemies":"Slime Boss","floor":16,"turns":3}],"seed_played":"2917072065749549090","potions_obtained":[{"floor":1,"key":"BlessingOfTheForge"},{"floor":8,"key":"SmokeBomb"},{"floor":10,"key":"Energy Potion"},{"floor":14,"key":"BlessingOfTheForge"}],"is_trial":false,"path_per_floor":["M","?","?","?","T","R","E","M","T","E","R","M","R","E","R","B"],"character_chosen":"IRONCLAD","items_purchased":[],"campfire_rested":0,"item_purchase_floors":[],"current_hp_per_floor":[78,58,63,56,56,56,62,68,68,31,31,34,34,30,30,0,0],"gold":258,"neow_bonus":"THREE_ENEMY_KILL","is_daily":false,"chose_seed":false,"campfire_upgraded":1,"win_rate":0.0,"timestamp":1613840060,"path_taken":["M","?","?","?","?","R","E","M","T","E","R","M","R","E","R","BOSS"],"items_purchased_type":[],"build_version":"2020-12-22","purchased_purges":0,"victory":false,"max_hp_per_floor":[80,80,85,85,85,85,85,85,85,85,85,85,85,85,85,85,85],"relic_stats":{"counters":[7,18],"Golden Idol":30,"Bronze Scales":[0],"Question Card":2,"obtain_stats":[{"Girya":7,"NeowsBlessing":0,"Golden Idol":2,"Bronze Scales":14,"Bottled Lightning":5,"Question Card":10,"Burning Blood":0,"White Beast Statue":9},{"Girya":2,"NeowsBlessing":0,"Golden Idol":1,"Bronze Scales":6,"Bottled Lightning":1,"Question Card":4,"Burning Blood":0,"White Beast Statue":3},{"Girya":2,"NeowsBlessing":0,"Golden Idol":1,"Bronze Scales":15,"Bottled Lightning":1,"Question Card":9,"Burning Blood":0,"White Beast Statue":3}],"Burning Blood":36},"card_choices":[{"not_picked":["Clash","Wild Strike"],"picked":"Battle Trance","floor":1},{"not_picked":["Havoc","Searing Blow"],"picked":"Rupture","floor":7},{"not_picked":["Shrug It Off","Anger"],"picked":"Cleave","floor":8},{"not_picked":["Searing Blow","Rage"],"picked":"Bloodletting","floor":10},{"not_picked":["Body Slam","Clothesline","Clash"],"picked":"Limit Break","floor":12},{"not_picked":["Thunderclap","Body Slam","Sever Soul","Clothesline"],"picked":"SKIP","floor":14}],"player_experience":1013252,"relics_obtained":[{"floor":5,"key":"Bottled Lightning"},{"floor":7,"key":"Girya"},{"floor":9,"key":"White Beast Statue"},{"floor":10,"key":"Question Card"},{"floor":14,"key":"Bronze Scales"}],"event_choices":[{"damage_healed":0,"gold_gain":0,"player_choice":"Take Damage","damage_taken":20,"relics_obtained":["Golden Idol"],"max_hp_gain":0,"max_hp_loss":0,"event_name":"Golden Idol","floor":2,"gold_loss":0},{"damage_healed":0,"gold_gain":0,"player_choice":"Donut","damage_taken":0,"max_hp_gain":5,"max_hp_loss":0,"event_name":"Big Fish","floor":3,"gold_loss":0},{"cards_removed":["Strike_R"],"damage_healed":0,"gold_gain":0,"player_choice":"Card Removal","damage_taken":7,"max_hp_gain":0,"max_hp_loss":0,"event_name":"Golden Wing","floor":4,"gold_loss":0}],"is_beta":false,"boss_relics":[],"items_purged_floors":[],"is_endless":false,"potions_floor_spawned":[1,8,10,12,14],"killed_by":"Slime Boss","ascension_level":12}}