{"host":"7cp3z5w0tcrrm8ys","time":1613788147,"event":{"mods":["AchievementEnabler","BaseMod","DeckTracker","Minty Spire (QoL Compilation)","StSLib","SuperFastMode"],"gold_per_floor":[114,132,144,219,219,219,369,369,392,418,3,19,45,65,65,152,152,178,178,18,42,55,55,99,99,122,122,145,172,172,198,198,198,198],"floor_reached":33,"language":"KOR","playtime":958,"items_purged":["Strike_R"],"score":538,"play_id":"0eec5a49-155a-4f74-b0bd-4c88b94cd72c","local_time":"20210220112907","is_ascension_mode":true,"campfire_choices":[{"data":"Rampage","floor":6,"key":"SMITH"},{"data":"Shrug It Off","floor":8,"key":"SMITH"},{"data":"Pommel Strike","floor":15,"key":"SMITH"},{"floor":23,"key":"REST"},{"floor":25,"key":"REST"},{"floor":30,"key":"REST"},{"floor":32,"key":"REST"}],"circlet_count":0,"master_deck":["AscendersBane","Strike_R","Strike_R","Defend_R+1","Defend_R","Defend_R","Defend_R+1","Bash","Fire Breathing+1","Shrug It Off+1","Rampage+1","Reckless Charge","Doubt","Pommel Strike+1","Flame Barrier","Impervious","Body Slam+1","Entrench","Headbutt","Evolve","Intimidate","Shockwave+1","Warcry+1"],"relics":["Burning Blood","CeramicFish","Sling","War Paint","PreservedInsect","Philosopher\u0027s Stone","Toy Ornithopter","Omamori"],"acts_visited":["Exordium","TheCity"],"potions_floor_usage":[14,18,21,22,24,33],"damage_taken":[{"damage":6,"enemies":"Cultist","floor":1,"turns":3},{"damage":3,"enemies":"2 Louse","floor":2,"turns":4},{"damage":20,"enemies":"Small Slimes","floor":3,"turns":4},{"damage":0,"enemies":"2 Fungi Beasts","floor":10,"turns":2},{"damage":1,"enemies":"Exordium Wildlife","floor":12,"turns":4},{"damage":15,"enemies":"3 Sentries","floor":13,"turns":4},{"damage":2,"enemies":"Lots of Slimes","floor":14,"turns":2},{"damage":31,"enemies":"Slime Boss","floor":16,"turns":7},{"damage":14,"enemies":"3 Byrds","floor":18,"turns":3},{"damage":9,"enemies":"Spheric Guardian","floor":21,"turns":6},{"damage":37,"enemies":"3 Cultists","floor":22,"turns":6},{"damage":17,"enemies":"Book of Stabbing","floor":24,"turns":4},{"damage":1,"enemies":"Cultist and Chosen","floor":28,"turns":4},{"damage":33,"enemies":"Snecko","floor":29,"turns":9},{"damage":34,"enemies":"Centurion and Healer","floor":31,"turns":6},{"damage":55,"enemies":"Automaton","floor":33,"turns":6}],"seed_played":"1770968649613842017","potions_obtained":[{"floor":3,"key":"SteroidPotion"},{"floor":10,"key":"Explosive Potion"},{"floor":16,"key":"Swift Potion"},{"floor":22,"key":"Block Potion"},{"floor":31,"key":"Ancient Potion"}],"is_trial":false,"path_per_floor":["M","M","M","?","?","R","?","R","T","M","$","M","E","M","R","B",null,"M","?","$","M","M","R","E","R","T","?","M","M","R","M","R","B"],"character_chosen":"IRONCLAD","items_purchased":["Sling","War Paint","Entrench","GamblersBrew"],"campfire_rested":4,"item_purchase_floors":[11,11,20,20],"current_hp_per_floor":[68,71,57,46,46,46,46,46,46,52,52,57,48,52,52,27,63,55,55,55,52,21,43,32,54,54,54,59,32,54,26,48,0,0],"gold":198,"neow_bonus":"TRANSFORM_CARD","is_daily":false,"chose_seed":false,"campfire_upgraded":3,"win_rate":0.0,"timestamp":1613788147,"path_taken":["M","M","?","?","?","R","?","R","T","M","$","M","E","M","R","BOSS","M","?","$","?","M","R","E","R","T","?","?","M","R","M","R","BOSS"],"items_purchased_type":["Relic","Relic","Card","Potion"],"build_version":"2020-12-22","purchased_purges":1,"victory":false,"max_hp_per_floor":[75,75,75,75,75,75,75,75,75,75,75,75,75,75,75,75,75,75,75,75,75,75,75,75,75,75,75,75,75,75,75,75,75,75],"card_choices":[{"not_picked":["Warcry","Shockwave"],"picked":"Shrug It Off","floor":1},{"not_picked":["Body Slam","Shrug It Off"],"picked":"Rampage","floor":2},{"not_picked":["Power Through","Bludgeon"],"picked":"Reckless Charge","floor":3},{"not_picked":["Heavy Blade","Sever Soul"],"picked":"Pommel Strike","floor":10},{"not_picked":["Iron Wave","Sentinel","Twin Strike"],"picked":"SKIP","floor":12},{"not_picked":["Sword Boomerang","Hemokinesis","Dual Wield"],"picked":"SKIP","floor":13},{"not_picked":["Thunderclap","Rampage"],"picked":"Flame Barrier","floor":14},{"not_picked":["Corruption","Limit Break"],"picked":"Impervious","floor":16},{"not_picked":["Shrug It Off+1","Anger"],"picked":"Body Slam","floor":18},{"not_picked":["Cleave","Whirlwind"],"picked":"Headbutt","floor":21},{"not_picked":["Flex","Cleave","True Grit"],"picked":"SKIP","floor":22},{"not_picked":["Thunderclap","Pommel Strike+1"],"picked":"Evolve","floor":24},{"not_picked":["Whirlwind+1","Immolate"],"picked":"Intimidate","floor":28},{"not_picked":["Shrug It Off+1","Anger"],"picked":"Shockwave+1","floor":29},{"not_picked":["Pommel Strike","Evolve"],"picked":"Warcry+1","floor":31}],"player_experience":827745,"relics_obtained":[{"floor":9,"key":"CeramicFish"},{"floor":13,"key":"PreservedInsect"},{"floor":24,"key":"Toy Ornithopter"},{"floor":26,"key":"Omamori"}],"event_choices":[{"damage_healed":0,"gold_gain":75,"player_choice":"Gather Gold","damage_taken":11,"max_hp_gain":0,"max_hp_loss":0,"event_name":"World of Goop","floor":4,"gold_loss":0},{"damage_healed":0,"gold_gain":0,"player_choice":"Grow","damage_taken":0,"max_hp_gain":0,"max_hp_loss":0,"event_name":"Living Wall","floor":5,"gold_loss":0,"cards_upgraded":["Fire Breathing"]},{"damage_healed":0,"gold_gain":150,"player_choice":"AGREE","damage_taken":0,"max_hp_gain":0,"max_hp_loss":0,"event_name":"Liars Game","floor":7,"gold_loss":0,"cards_obtained":["Doubt"]},{"damage_healed":0,"gold_gain":0,"player_choice":"Forge","damage_taken":0,"max_hp_gain":0,"max_hp_loss":0,"event_name":"Accursed Blacksmith","floor":19,"gold_loss":0,"cards_upgraded":["Body Slam"]},{"cards_removed":["Strike_R"],"damage_healed":0,"gold_gain":0,"player_choice":"Purged","damage_taken":0,"max_hp_gain":0,"max_hp_loss":0,"event_name":"Purifier","floor":27,"gold_loss":0}],"is_beta":false,"boss_relics":[{"not_picked":["Coffee Dripper","Runic Dome"],"picked":"Philosopher\u0027s Stone"}],"items_purged_floors":[11],"is_endless":false,"potions_floor_spawned":[3,10,13,16,22,31],"killed_by":"Automaton","ascension_level":20}}