{"host":"2l5k2wp87eek7qja","time":1613832451,"event":{"mods":["BaseMod","Colored Map","Minty Spire (QoL Compilation)","Relic Stats"],"gold_per_floor":[115,115,115,40,190,218,50,81,81,93,93,111,128,141,141,220,220,238,138,138,155,155,155],"floor_reached":22,"language":"ENG","playtime":522,"items_purged":["Strike_G","Strike_G"],"score":488,"play_id":"b6c5ff64-2f0d-40e5-877c-c87f6135461c","local_time":"20210220164731","is_ascension_mode":true,"campfire_choices":[{"data":"Dagger Spray","floor":11,"key":"SMITH"},{"data":"Corpse Explosion","floor":15,"key":"SMITH"}],"circlet_count":0,"master_deck":["AscendersBane","Strike_G","Strike_G","Strike_G","Defend_G","Defend_G","Defend_G","Defend_G","Defend_G","Survivor","Neutralize+1","Dagger Spray+1","Doubt","Crippling Poison","After Image","Deadly Poison","Corpse Explosion+1","Glass Knife","Infinite Blades"],"relics":["Ring of the Snake","NeowsBlessing","Du-Vu Doll","Dead Branch","Lee\u0027s Waffle","Oddly Smooth Stone","Sundial","Cursed Key","Nilry\u0027s Codex"],"acts_visited":["Exordium","TheCity"],"potions_floor_usage":[16],"damage_taken":[{"damage":0,"enemies":"Jaw Worm","floor":1,"turns":1},{"damage":0,"enemies":"Gremlin Nob","floor":6,"turns":1},{"damage":0,"enemies":"3 Sentries","floor":8,"turns":1},{"damage":0,"enemies":"Small Slimes","floor":10,"turns":2},{"damage":0,"enemies":"2 Louse","floor":12,"turns":1},{"damage":0,"enemies":"Exordium Wildlife","floor":13,"turns":3},{"damage":0,"enemies":"2 Fungi Beasts","floor":14,"turns":2},{"damage":40,"enemies":"Slime Boss","floor":16,"turns":6},{"damage":18,"enemies":"Shell Parasite","floor":18,"turns":5},{"damage":0,"enemies":"3 Byrds","floor":21,"turns":3},{"damage":28,"enemies":"Cultist and Chosen","floor":22,"turns":3}],"seed_played":"5458357898655254335","potions_obtained":[{"floor":6,"key":"AttackPotion"},{"floor":12,"key":"GamblersBrew"},{"floor":13,"key":"Fire Potion"},{"floor":18,"key":"Strength Potion"}],"is_trial":false,"path_per_floor":["M","?","?","$","?","E","$","E","T","M","R","M","M","M","R","B",null,"M","$","?","M","M"],"character_chosen":"THE_SILENT","items_purchased":["Lee\u0027s Waffle"],"campfire_rested":0,"item_purchase_floors":[7],"current_hp_per_floor":[59,59,54,54,54,54,73,73,73,73,73,73,73,73,73,33,63,45,45,24,24,0,0],"gold":155,"neow_bonus":"THREE_ENEMY_KILL","is_daily":false,"chose_seed":false,"campfire_upgraded":2,"win_rate":0.0,"timestamp":1613832451,"path_taken":["M","?","?","$","?","E","$","E","T","M","R","M","M","M","R","BOSS","M","$","?","M","M"],"items_purchased_type":["Relic"],"build_version":"2020-12-22","purchased_purges":2,"victory":false,"max_hp_per_floor":[66,66,66,66,66,66,73,73,73,73,73,73,73,73,73,73,73,73,73,73,73,73,73],"relic_stats":{"Lee\u0027s Waffle":19,"counters":[11,28],"Sundial":[0],"Dead Branch":[13],"Cursed Key":0,"obtain_stats":[{"Du-Vu Doll":3,"Lee\u0027s Waffle":7,"NeowsBlessing":0,"Sundial":9,"Nilry\u0027s Codex":20,"Dead Branch":6,"Oddly Smooth Stone":8,"Cursed Key":17,"Ring of the Snake":0},{"Du-Vu Doll":1,"Lee\u0027s Waffle":2,"NeowsBlessing":0,"Sundial":3,"Nilry\u0027s Codex":9,"Dead Branch":2,"Oddly Smooth Stone":3,"Cursed Key":8,"Ring of the Snake":0},{"Du-Vu Doll":1,"Lee\u0027s Waffle":2,"NeowsBlessing":0,"Sundial":3,"Nilry\u0027s Codex":22,"Dead Branch":2,"Oddly Smooth Stone":3,"Cursed Key":17,"Ring of the Snake":0}],"Ring of the Snake":[22]},"card_choices":[{"not_picked":["Deflect","Outmaneuver"],"picked":"Dagger Spray","floor":1},{"not_picked":["Dagger Throw","PiercingWail"],"picked":"Crippling Poison","floor":6},{"not_picked":["Escape Plan","Reflex"],"picked":"After Image","floor":8},{"not_picked":["Setup","Outmaneuver"],"picked":"Deadly Poison","floor":10},{"not_picked":["Underhanded Strike","Sucker Punch","Backstab"],"picked":"SKIP","floor":12},{"not_picked":["All Out Attack","Dagger Spray"],"picked":"Corpse Explosion","floor":13},{"not_picked":["Underhanded Strike","Outmaneuver","Flechettes"],"picked":"SKIP","floor":14},{"not_picked":["A Thousand Cuts","After Image"],"picked":"Glass Knife","floor":16},{"not_picked":["Deadly Poison","Bouncing Flask"],"picked":"Infinite Blades","floor":18},{"not_picked":["Dodge and Roll","Choke","Cloak And Dagger"],"picked":"SKIP","floor":21}],"player_experience":835677,"relics_obtained":[{"floor":6,"key":"Dead Branch"},{"floor":8,"key":"Oddly Smooth Stone"},{"floor":9,"key":"Sundial"},{"floor":20,"key":"Nilry\u0027s Codex"}],"event_choices":[{"damage_healed":0,"gold_gain":0,"player_choice":"Grow","damage_taken":0,"max_hp_gain":0,"max_hp_loss":0,"event_name":"Living Wall","floor":2,"gold_loss":0,"cards_upgraded":["Neutralize"]},{"damage_healed":0,"gold_gain":0,"player_choice":"Success","damage_taken":5,"relics_obtained":["Du-Vu Doll"],"max_hp_gain":0,"max_hp_loss":0,"event_name":"Scrap Ooze","floor":3,"gold_loss":0},{"damage_healed":0,"gold_gain":150,"player_choice":"AGREE","damage_taken":0,"max_hp_gain":0,"max_hp_loss":0,"event_name":"Liars Game","floor":5,"gold_loss":0,"cards_obtained":["Doubt"]},{"damage_healed":0,"gold_gain":0,"player_choice":"Obtained Book","damage_taken":21,"max_hp_gain":0,"max_hp_loss":0,"event_name":"Cursed Tome","floor":20,"gold_loss":0}],"is_beta":false,"boss_relics":[{"not_picked":["Coffee Dripper","Pandora\u0027s Box"],"picked":"Cursed Key"}],"items_purged_floors":[4,19],"is_endless":false,"potions_floor_spawned":[6,12,13,14,18],"killed_by":"Cultist and Chosen","ascension_level":20}}