{"host":"spd19cimorv47raq","time":1613790706,"event":{"mods":["AchievementEnabler","BaseMod","Colored Map","DeckTracker","Keyboard Shortcuts","Minty Spire (QoL Compilation)","Quick Restart","StSLib","SuperFastMode"],"gold_per_floor":[114,114,114,114,134,134,3,3,3,43,2,16,57,73,73,166,166,189,214,214,214,285,285,302,302,347,347,380,380,380],"floor_reached":29,"language":"KOR","playtime":772,"items_purged":["Strike_R"],"score":498,"play_id":"10b54f30-a8bf-4266-adb8-5b07c5b79609","local_time":"20210220121146","is_ascension_mode":true,"campfire_choices":[{"data":"Whirlwind","floor":6.0,"key":"SMITH"},{"data":"Bash","floor":8.0,"key":"SMITH"},{"data":"Fire Breathing","floor":15,"key":"SMITH"},{"data":"Anger","floor":23,"key":"SMITH"},{"floor":25,"key":"REST"},{"data":"Shockwave","floor":27,"key":"SMITH"}],"circlet_count":0,"master_deck":["AscendersBane","Strike_R","Strike_R","Strike_R","Strike_R","Defend_R","Defend_R","Defend_R","Defend_R","Bash+1","Wild Strike","Whirlwind+1","Fire Breathing+1","Anger+1","Feel No Pain+1","Shockwave+1","Berserk+1","Battle Trance","Metallicize+1","Ghostly Armor+1"],"relics":["Burning Blood","MealTicket","Bloody Idol","White Beast Statue","Oddly Smooth Stone","Frozen Egg 2","SlaversCollar","Pantograph","Bag of Marbles","Sundial"],"acts_visited":["Exordium","TheCity"],"potions_floor_usage":[13,14,19,19,19,28],"damage_taken":[{"damage":21.0,"enemies":"Jaw Worm","floor":1.0,"turns":6.0},{"damage":6.0,"enemies":"2 Louse","floor":5.0,"turns":2.0},{"damage":31.0,"enemies":"Lagavulin","floor":10.0,"turns":6.0},{"damage":0.0,"enemies":"Cultist","floor":12.0,"turns":3.0},{"damage":19,"enemies":"3 Sentries","floor":13,"turns":4},{"damage":5,"enemies":"Looter","floor":14,"turns":3},{"damage":8,"enemies":"Slime Boss","floor":16,"turns":8},{"damage":44,"enemies":"Spheric Guardian","floor":18,"turns":6},{"damage":15,"enemies":"2 Thieves","floor":19,"turns":4},{"damage":20,"enemies":"Cultist and Chosen","floor":24,"turns":6},{"damage":41,"enemies":"Book of Stabbing","floor":28,"turns":6},{"damage":21,"enemies":"Colosseum Slavers","floor":29,"turns":1}],"seed_played":"-6110966873222438808","potions_obtained":[{"floor":10.0,"key":"BlessingOfTheForge"},{"floor":12.0,"key":"BloodPotion"},{"floor":13,"key":"Explosive Potion"},{"floor":14,"key":"SteroidPotion"},{"floor":16,"key":"PowerPotion"},{"floor":18,"key":"Swift Potion"},{"floor":19,"key":"BloodPotion"},{"floor":24,"key":"SpeedPotion"},{"floor":28,"key":"ElixirPotion"}],"is_trial":false,"path_per_floor":["M","?","?","?","M","R","$","R","T","E","$","M","E","M","R","B",null,"M","M","?","?","T","R","M","R","T","R","E","?"],"character_chosen":"IRONCLAD","items_purchased":["PowerPotion","Fire Breathing"],"campfire_rested":1,"item_purchase_floors":[7,11],"current_hp_per_floor":[53,27,27,27,27,27,42,42,42,17,32,38,25,39,39,37,60,22,26,26,26,31,31,22,42,47,47,17,0,0],"gold":380,"neow_bonus":"ONE_RANDOM_RARE_CARD","is_daily":false,"chose_seed":false,"campfire_upgraded":5,"win_rate":0.0,"timestamp":1613790706,"path_taken":["M","?","?","?","M","R","$","R","T","E","$","?","E","?","R","BOSS","M","M","?","?","?","R","M","R","T","R","E","?"],"items_purchased_type":["Potion","Card"],"build_version":"2020-12-22","purchased_purges":1,"victory":false,"max_hp_per_floor":[75,75,75,68,68,68,68,68,68,68,68,68,68,68,68,68,68,68,68,68,68,68,68,68,68,68,68,68,68,68],"card_choices":[{"not_picked":["Warcry","Pummel"],"picked":"Wild Strike","floor":1.0},{"not_picked":["Headbutt","Spot Weakness","True Grit"],"picked":"SKIP","floor":5.0},{"not_picked":["Havoc","Exhume","Heavy Blade"],"picked":"SKIP","floor":10.0},{"not_picked":["Iron Wave","Perfected Strike"],"picked":"Anger","floor":12.0},{"not_picked":["True Grit","Heavy Blade"],"picked":"Feel No Pain+1","floor":13},{"not_picked":["Clothesline","Perfected Strike"],"picked":"Shockwave","floor":14},{"not_picked":["Double Tap","Demon Form+1"],"picked":"Berserk+1","floor":16},{"not_picked":["Heavy Blade","Feel No Pain+1","Blood for Blood"],"picked":"SKIP","floor":18},{"not_picked":["Warcry","Perfected Strike"],"picked":"Battle Trance","floor":19},{"not_picked":["Cleave+1","Armaments"],"picked":"Ghostly Armor+1","floor":24},{"not_picked":["Shockwave","Clash","Armaments"],"picked":"SKIP","floor":28}],"player_experience":876133,"relics_obtained":[{"floor":9.0,"key":"White Beast Statue"},{"floor":10.0,"key":"Oddly Smooth Stone"},{"floor":13,"key":"Frozen Egg 2"},{"floor":22,"key":"Pantograph"},{"floor":26,"key":"Bag of Marbles"},{"floor":28,"key":"Sundial"}],"event_choices":[{"damage_healed":0.0,"max_hp_gain":0.0,"max_hp_loss":0.0,"gold_gain":0.0,"event_name":"Scrap Ooze","player_choice":"Success","floor":2.0,"gold_loss":0.0,"damage_taken":26.0,"relics_obtained":["MealTicket"]},{"damage_healed":0.0,"max_hp_gain":0.0,"max_hp_loss":0.0,"gold_gain":0.0,"cards_transformed":["Corruption"],"event_name":"Living Wall","player_choice":"Change","floor":3.0,"gold_loss":0.0,"damage_taken":0.0,"cards_obtained":["Whirlwind"]},{"damage_healed":0.0,"max_hp_gain":0.0,"max_hp_loss":7.0,"gold_gain":0.0,"event_name":"Golden Idol","player_choice":"Lose Max HP","floor":4.0,"gold_loss":0.0,"damage_taken":0.0,"relics_obtained":["Golden Idol"]},{"damage_healed":0,"gold_gain":0,"player_choice":"Gave Idol","damage_taken":0,"relics_obtained":["Bloody Idol"],"max_hp_gain":0,"max_hp_loss":0,"event_name":"Forgotten Altar","floor":20,"relics_lost":["Golden Idol"],"gold_loss":0},{"damage_healed":0,"gold_gain":0,"player_choice":"Read","damage_taken":0,"max_hp_gain":0,"max_hp_loss":0,"event_name":"The Library","floor":21,"gold_loss":0,"cards_obtained":["Metallicize"]},{"damage_healed":0,"gold_gain":0,"player_choice":"Fight","damage_taken":0,"max_hp_gain":0,"max_hp_loss":0,"event_name":"Colosseum","floor":29,"gold_loss":0}],"is_beta":false,"boss_relics":[{"not_picked":["Snecko Eye","Runic Dome"],"picked":"SlaversCollar"}],"items_purged_floors":[7],"is_endless":false,"potions_floor_spawned":[10,12,13,14,16,18,19,24,28],"killed_by":"Colosseum Slavers","ascension_level":20}}