{"host":"9pdg8buogrkk8pz5","time":1613860949,"event":{"mods":["AchievementEnabler","Bard","BaseMod","Downfall","Hermit","JesterMod","Mad Scientist","Minty Spire (QoL Compilation)","StSLib","The Cursed","The Disciple","The Necromancer","The Poker Player","The Runesmith","The Servant 0.9.4"],"gold_per_floor":[116,116,116,56,71,103,119,136,136,155,129,139,139,156,156,256,306,231,146,158,45,45,45,59,59,59,72,72,72,91,111,111,111,111],"floor_reached":33,"language":"ENG","playtime":3602,"items_purged":[],"score":276,"play_id":"46c1ce5e-fd90-45d0-a91a-f00d80dd4bdc","local_time":"20210220174229","is_ascension_mode":false,"campfire_choices":[{"data":"jesterMod:Dodge","floor":13,"key":"SMITH"},{"floor":15,"key":"REST"},{"data":"Normality","floor":23,"key":"PURGE"},{"floor":28,"key":"REST"},{"floor":32,"key":"REST"}],"circlet_count":0,"master_deck":["jesterMod:Strike+1","jesterMod:Strike","jesterMod:Strike","jesterMod:Strike","jesterMod:Sickle","jesterMod:Defend","jesterMod:Defend","jesterMod:Defend","jesterMod:Defend","jesterMod:Dodge+1","jesterMod:Hide","CurseOfTheBell","CurseOfTheBell","jesterMod:Prankster","jesterMod:Hide","jesterMod:Twirl","jesterMod:TrickyDodge","jesterMod:RecklessStrike","jesterMod:Precipitation","jesterMod:Talion","jesterMod:ExperimentalTreatment","jesterMod:BoilDown","jesterMod:TrickyDodge","jesterMod:DaggerRain","jesterMod:ButterKnife","jesterMod:Schizophrenia","jesterMod:Dilapidation","downfall:Bewildered","jesterMod:JackInTheBox","jesterMod:OblivionStrike","jesterMod:Flee","jesterMod:ButterKnife+1"],"relics":["jesterMod:JesterCap","downfall:ExtraCursedBell","Boot","Mummified Hand","Peace Pipe","Meat on the Bone","Shuriken","Letter Opener","Tiny House","Vajra","sneckomod:BabySnecko","MutagenicStrength","Centennial Puzzle"],"acts_visited":["Exordium","TheCity"],"potions_floor_usage":[6,11,11,16,18,18,30,30],"damage_taken":[{"damage":3,"enemies":"Jaw Worm","floor":1,"turns":4},{"damage":9,"enemies":"2 Louse","floor":5,"turns":3},{"damage":69,"enemies":"Lagavulin","floor":6,"turns":15},{"damage":0,"enemies":"Cultist","floor":7,"turns":5},{"damage":7,"enemies":"3 Louse","floor":8,"turns":5},{"damage":2,"enemies":"Blue Slaver","floor":10,"turns":6},{"damage":5,"enemies":"Exordium Thugs","floor":11,"turns":6},{"damage":8,"enemies":"Large Slime","floor":12,"turns":8},{"damage":12,"enemies":"Looter","floor":14,"turns":4},{"damage":69,"enemies":"Slime Boss","floor":16,"turns":12},{"damage":8,"enemies":"2 Thieves","floor":18,"turns":5},{"damage":9,"enemies":"Chosen","floor":20,"turns":5},{"damage":30,"enemies":"Shelled Parasite and Fungi","floor":24,"turns":6},{"damage":3,"enemies":"Snecko","floor":27,"turns":5},{"damage":4,"enemies":"Cultist and Chosen","floor":30,"turns":6},{"damage":27,"enemies":"Centurion and Healer","floor":31,"turns":5},{"damage":70,"enemies":"Collector","floor":33,"turns":6}],"seed_played":"3175871435498742277","potions_obtained":[{"floor":5,"key":"hexamod:SoulburnPotion"},{"floor":6,"key":"SteroidPotion"},{"floor":7,"key":"Weak Potion"},{"floor":11,"key":"Fire Potion"},{"floor":16,"key":"Energy Potion"},{"floor":17,"key":"PowerPotion"},{"floor":27,"key":"Strength Potion"},{"floor":29,"key":"SteroidPotion"},{"floor":29,"key":"sneckomod:MuddlingPotion"},{"floor":29,"key":"PowerPotion"},{"floor":30,"key":"SpeedPotion"}],"is_trial":false,"path_per_floor":["M","?","?","?","M","E","M","M","T","M","M","M","R","M","R","B",null,"M","?","M","$","?","R","M","?","T","M","R","?","M","M","R","B"],"character_chosen":"THE_JESTER","items_purchased":["jesterMod:Schizophrenia","jesterMod:Dilapidation"],"campfire_rested":3,"item_purchase_floors":[21,21],"current_hp_per_floor":[74,79,79,79,70,13,25,30,30,40,47,51,51,51,75,20,87,79,79,70,70,70,70,52,52,52,49,75,75,71,44,70,0,0],"gold":111,"neow_bonus":"TEN_PERCENT_HP_BONUS","is_daily":false,"chose_seed":false,"campfire_upgraded":1,"win_rate":0.0,"timestamp":1613860949,"path_taken":["M","?","?","?","?","E","M","M","T","M","M","M","R","M","R","BOSS","M","?","M","$","?","R","M","?","T","M","R","?","M","M","R","BOSS"],"items_purchased_type":["Card","Card"],"build_version":"2020-12-22","purchased_purges":0,"victory":false,"max_hp_per_floor":[77,82,82,82,82,82,82,82,82,82,82,82,82,82,82,82,87,87,87,87,87,87,87,87,87,87,87,87,87,87,87,87,87,87],"card_choices":[{"not_picked":["jesterMod:JackInTheBox","jesterMod:Disposophobia"],"picked":"jesterMod:Hide","floor":1},{"not_picked":["jesterMod:JackInTheBox","jesterMod:Inspiration"],"picked":"jesterMod:Prankster","floor":5},{"not_picked":["jesterMod:JugglerBlade","jesterMod:Exasperation"],"picked":"jesterMod:Hide","floor":6},{"not_picked":["jesterMod:JugglerBlade","jesterMod:RecklessStrike"],"picked":"jesterMod:Twirl","floor":7},{"not_picked":["jesterMod:Prankster","jesterMod:Leeches"],"picked":"jesterMod:TrickyDodge","floor":8},{"not_picked":["jesterMod:JackInTheBox","jesterMod:Hide"],"picked":"jesterMod:RecklessStrike","floor":10},{"not_picked":["jesterMod:Feint","jesterMod:Mending"],"picked":"jesterMod:Precipitation","floor":11},{"not_picked":["jesterMod:Anticipation","jesterMod:DancingMad"],"picked":"jesterMod:Talion","floor":12},{"not_picked":["jesterMod:DancingMad","jesterMod:RecklessStrike"],"picked":"jesterMod:ExperimentalTreatment","floor":14},{"not_picked":["jesterMod:Leeches","jesterMod:LaughingGas"],"picked":"jesterMod:BoilDown","floor":16},{"not_picked":["jesterMod:SmokeScreen","jesterMod:DancingMad"],"picked":"jesterMod:TrickyDodge","floor":17},{"not_picked":["jesterMod:Unleash+1","jesterMod:Patience"],"picked":"jesterMod:DaggerRain","floor":18},{"not_picked":["jesterMod:Hide","jesterMod:Anticipation"],"picked":"jesterMod:ButterKnife","floor":20},{"not_picked":["jesterMod:Feint","jesterMod:Anticipation"],"picked":"jesterMod:JackInTheBox","floor":24},{"not_picked":["jesterMod:JugglerBlade","jesterMod:Disposophobia"],"picked":"jesterMod:OblivionStrike","floor":27},{"not_picked":["jesterMod:Tinker","jesterMod:Taunt"],"picked":"jesterMod:Flee","floor":30},{"not_picked":["jesterMod:RecklessStrike","jesterMod:Prankster+1"],"picked":"jesterMod:ButterKnife+1","floor":31}],"player_experience":78962,"relics_obtained":[{"floor":2,"key":"Boot"},{"floor":2,"key":"Mummified Hand"},{"floor":2,"key":"Peace Pipe"},{"floor":6,"key":"Shuriken"},{"floor":9,"key":"Letter Opener"},{"floor":26,"key":"Centennial Puzzle"}],"event_choices":[{"damage_healed":0,"gold_gain":0,"player_choice":"Ignored","damage_taken":0,"max_hp_gain":0,"max_hp_loss":0,"event_name":"Liars Game","floor":3,"gold_loss":0},{"damage_healed":0,"gold_gain":0,"player_choice":"Paid Gold","damage_taken":0,"relics_obtained":["Meat on the Bone"],"max_hp_gain":0,"max_hp_loss":0,"event_name":"WeMeetAgain","floor":4,"gold_loss":60},{"damage_healed":0,"gold_gain":0,"player_choice":"Obtained Relic","damage_taken":0,"relics_obtained":["Vajra"],"max_hp_gain":0,"max_hp_loss":0,"event_name":"Addict","floor":19,"gold_loss":85},{"damage_healed":0,"gold_gain":0,"player_choice":"Inject Mutagens","damage_taken":0,"relics_obtained":["MutagenicStrength"],"max_hp_gain":0,"max_hp_loss":0,"event_name":"Drug Dealer","floor":25,"gold_loss":0},{"damage_healed":0,"gold_gain":0,"player_choice":"Got Potions","damage_taken":0,"max_hp_gain":0,"max_hp_loss":0,"event_name":"Lab","floor":29,"gold_loss":0}],"is_beta":false,"boss_relics":[{"not_picked":["jesterMod:JokerCard","Velvet Choker"],"picked":"Tiny House"}],"items_purged_floors":[],"is_endless":false,"potions_floor_spawned":[5,6,7,11,16,27,30,31],"killed_by":"Collector","ascension_level":0}}