{"host":"sav7uxregyirlf69","time":1613793588,"event":{"mods":["AchievementEnabler","BaseMod","Colored Map","DeckTracker","Keyboard Shortcuts","Minty Spire (QoL Compilation)","READ ME - Guardian Mod","StSLib","SuperFastMode"],"gold_per_floor":[117,128,128,146,146,146,160,192,265,20,20,48,48,73,73,73,73,86,86,86,86,86],"floor_reached":21,"language":"KOR","playtime":267,"items_purged":["Strike_R"],"score":374,"play_id":"032d8289-9fed-40d8-8018-682be73f4086","local_time":"20210220125948","is_ascension_mode":true,"campfire_choices":[{"data":"Bash","floor":6.0,"key":"SMITH"},{"data":"Immolate","floor":11.0,"key":"SMITH"},{"data":"Strike_R","floor":15.0,"key":"PURGE"}],"circlet_count":0,"master_deck":["AscendersBane","Strike_R","Strike_R+1","Strike_R","Defend_R","Defend_R","Defend_R+1","Defend_R","Bash+1","Bludgeon+1","Immolate+1","Evolve","Double Tap","Shrug It Off","Bloodletting"],"relics":["Burning Blood","Peace Pipe","Eternal Feather","Membership Card","Blood Vial","Golden Idol","Cursed Key","Nilry\u0027s Codex"],"acts_visited":["Exordium","TheCity"],"potions_floor_usage":[],"damage_taken":[{"damage":0.0,"enemies":"Small Slimes","floor":1.0,"turns":3.0},{"damage":0.0,"enemies":"Cultist","floor":2.0,"turns":2.0},{"damage":12.0,"enemies":"Jaw Worm","floor":4.0,"turns":2.0},{"damage":4.0,"enemies":"Looter","floor":7.0,"turns":3.0},{"damage":6.0,"enemies":"Gremlin Nob","floor":8.0,"turns":3.0},{"damage":30.0,"enemies":"Lagavulin","floor":12.0,"turns":4.0},{"damage":0.0,"enemies":"2 Fungi Beasts","floor":14.0,"turns":1.0},{"damage":39.0,"enemies":"The Guardian","floor":16.0,"turns":13.0},{"damage":11,"enemies":"Spheric Guardian","floor":18,"turns":3},{"damage":27,"enemies":"3 Byrds","floor":21,"turns":4}],"seed_played":"-7320775329557489956","potions_obtained":[{"floor":2.0,"key":"ColorlessPotion"},{"floor":8.0,"key":"EntropicBrew"},{"floor":12.0,"key":"Fire Potion"}],"is_trial":false,"path_per_floor":["M","M","?","M","?","R","M","E","T","$","R","E","?","M","R","B",null,"M","?","?","M"],"character_chosen":"IRONCLAD","items_purchased":["Membership Card","Evolve"],"campfire_rested":0,"item_purchase_floors":[10,10],"current_hp_per_floor":[68,68,68,62,42,42,44,44,44,44,50,26,26,34,40,9,49,46,46,25,0,0],"gold":86,"neow_bonus":"THREE_RARE_CARDS","is_daily":false,"chose_seed":false,"campfire_upgraded":2,"win_rate":0.0,"timestamp":1613793588,"path_taken":["M","M","?","?","?","R","M","E","T","$","R","E","?","M","R","BOSS","M","?","?","M"],"items_purchased_type":["Relic","Card"],"build_version":"2020-12-22","purchased_purges":1,"victory":false,"max_hp_per_floor":[68,68,68,68,68,68,68,68,68,68,68,68,62,62,62,62,62,62,62,62,62,62],"card_choices":[{"not_picked":["Barricade","Fiend Fire"],"picked":"Bludgeon","floor":0.0},{"not_picked":["Sword Boomerang","Flame Barrier","Flex"],"picked":"SKIP","floor":1.0},{"not_picked":["Whirlwind","Inflame","Fire Breathing"],"picked":"SKIP","floor":2.0},{"not_picked":["Cleave","Metallicize","Headbutt"],"picked":"SKIP","floor":4.0},{"not_picked":["Combust","Headbutt","Hemokinesis"],"picked":"SKIP","floor":7.0},{"not_picked":["Reckless Charge","Headbutt"],"picked":"Immolate","floor":8.0},{"not_picked":["Searing Blow","Cleave"],"picked":"Double Tap","floor":12.0},{"not_picked":["Carnage","Heavy Blade","Twin Strike"],"picked":"SKIP","floor":14.0},{"not_picked":["Battle Trance","Pommel Strike+1"],"picked":"Shrug It Off","floor":18}],"player_experience":1629529,"relics_obtained":[{"floor":8.0,"key":"Peace Pipe"},{"floor":9.0,"key":"Eternal Feather"},{"floor":12.0,"key":"Blood Vial"},{"floor":20,"key":"Nilry\u0027s Codex"}],"event_choices":[{"damage_healed":0.0,"max_hp_gain":0.0,"max_hp_loss":0.0,"gold_gain":0.0,"event_name":"Upgrade Shrine","player_choice":"Upgraded","floor":3.0,"gold_loss":0.0,"damage_taken":0.0,"cards_upgraded":["Bludgeon"]},{"damage_healed":0.0,"max_hp_gain":0.0,"max_hp_loss":0.0,"gold_gain":0.0,"event_name":"Shining Light","player_choice":"Entered Light","floor":5.0,"gold_loss":0.0,"damage_taken":20.0,"cards_upgraded":["Strike_R","Defend_R"]},{"damage_healed":0.0,"max_hp_gain":0.0,"max_hp_loss":6.0,"gold_gain":0.0,"event_name":"Golden Idol","player_choice":"Lose Max HP","floor":13.0,"gold_loss":0.0,"damage_taken":0.0,"relics_obtained":["Golden Idol"]},{"damage_healed":0,"gold_gain":0,"player_choice":"Read","damage_taken":0,"max_hp_gain":0,"max_hp_loss":0,"event_name":"The Library","floor":19,"gold_loss":0,"cards_obtained":["Bloodletting"]},{"damage_healed":0,"gold_gain":0,"player_choice":"Obtained Book","damage_taken":21,"max_hp_gain":0,"max_hp_loss":0,"event_name":"Cursed Tome","floor":20,"gold_loss":0}],"is_beta":false,"boss_relics":[{"not_picked":["Tiny House","Empty Cage"],"picked":"Cursed Key"}],"items_purged_floors":[10],"is_endless":false,"potions_floor_spawned":[2,8,12,14],"killed_by":"3 Byrds","ascension_level":20}}