{"host":"vx9g5eyuglzorf3u","time":1613837362,"event":{"mods":["2.2 Compatiblity","BaseMod","DeckTracker","Keyboard Shortcuts","Minty Spire (QoL Compilation)","Relic Stats","StSLib","SuperFastMode","everything is the same but u backflip on backflip"],"gold_per_floor":[111,131,141,151,151,151,151,151,176,13,13,49,49,63,63,153,153,167,188,113,113,113],"floor_reached":21,"language":"KOR","playtime":692,"items_purged":["Strike_G"],"score":358,"play_id":"adab140f-249d-4423-af86-00a5e3751590","local_time":"20210221010922","is_ascension_mode":true,"campfire_choices":[{"data":"Setup","floor":6.0,"key":"SMITH"},{"data":"Crippling Poison","floor":8.0,"key":"SMITH"},{"data":"Acrobatics","floor":11.0,"key":"SMITH"},{"data":"Noxious Fumes","floor":13.0,"key":"SMITH"},{"data":"Bouncing Flask","floor":15.0,"key":"SMITH"}],"circlet_count":0,"master_deck":["AscendersBane","Strike_G","Strike_G","Strike_G","Strike_G","Defend_G","Defend_G","Defend_G","Defend_G+1","Survivor+1","Neutralize","Setup+1","Crippling Poison+1","Acrobatics+1","Poisoned Stab","Bouncing Flask+1","Noxious Fumes+1","Grand Finale","Dagger Throw","Venomology","Escape Plan+1"],"relics":["Ring of the Snake","Golden Idol","War Paint","Orrery","Bag of Marbles","Runic Pyramid"],"acts_visited":["Exordium","TheCity"],"potions_floor_usage":[16,16,18],"damage_taken":[{"damage":4.0,"enemies":"Small Slimes","floor":1.0,"turns":5.0},{"damage":2.0,"enemies":"Jaw Worm","floor":2.0,"turns":6.0},{"damage":0.0,"enemies":"2 Louse","floor":3.0,"turns":3.0},{"damage":13.0,"enemies":"Large Slime","floor":4.0,"turns":11.0},{"damage":8.0,"enemies":"Gremlin Nob","floor":12.0,"turns":3.0},{"damage":1.0,"enemies":"Looter","floor":14.0,"turns":3.0},{"damage":18,"enemies":"Slime Boss","floor":16,"turns":6},{"damage":16,"enemies":"3 Byrds","floor":18,"turns":4},{"damage":4,"enemies":"Spheric Guardian","floor":19,"turns":4},{"damage":67,"enemies":"Cultist and Chosen","floor":21,"turns":7}],"seed_played":"-1689591359826184581","potions_obtained":[{"floor":1.0,"key":"LiquidMemories"},{"floor":3.0,"key":"Fire Potion"},{"floor":14.0,"key":"Poison Potion"}],"is_trial":false,"path_per_floor":["M","M","M","M","?","R","?","R","T","$","R","E","R","M","R","B",null,"M","M","$","M"],"character_chosen":"THE_SILENT","items_purchased":["Orrery"],"campfire_rested":0,"item_purchase_floors":[10],"current_hp_per_floor":[55,53,53,40,62,62,60,60,60,60,60,52,52,51,51,33,53,37,33,33,0,0],"gold":113,"neow_bonus":"TRANSFORM_CARD","is_daily":false,"chose_seed":false,"campfire_upgraded":5,"win_rate":0.0,"timestamp":1613837362,"path_taken":["M","M","M","M","?","R","?","R","T","$","R","E","R","M","R","BOSS","M","M","$","M"],"items_purchased_type":["Relic"],"build_version":"2020-12-22","purchased_purges":1,"victory":false,"max_hp_per_floor":[66,66,66,66,66,66,60,60,60,60,60,60,60,60,60,60,60,60,60,60,60,60],"relic_stats":{"counters":[10,52],"Golden Idol":35,"War Paint":["Survivor","Defend_G"],"obtain_stats":[{"Golden Idol":7,"Orrery":10,"Bag of Marbles":12,"War Paint":9,"Ring of the Snake":0,"Runic Pyramid":17},{"Golden Idol":4,"Orrery":4,"Bag of Marbles":5,"War Paint":4,"Ring of the Snake":0,"Runic Pyramid":7},{"Golden Idol":25,"Orrery":25,"Bag of Marbles":28,"War Paint":25,"Ring of the Snake":0,"Runic Pyramid":37}],"Ring of the Snake":[20]},"card_choices":[{"not_picked":["Eviscerate","Dagger Throw"],"picked":"Crippling Poison","floor":1.0},{"not_picked":["Blade Dance","Deadly Poison"],"picked":"Acrobatics","floor":2.0},{"not_picked":["Deflect","Outmaneuver","Poisoned Stab"],"picked":"SKIP","floor":3.0},{"not_picked":["Deflect","Outmaneuver"],"picked":"Poisoned Stab","floor":3.0},{"not_picked":["Terror","Cloak And Dagger","Flying Knee"],"picked":"SKIP","floor":4.0},{"not_picked":["Skewer","Bane"],"picked":"Bouncing Flask","floor":10.0},{"not_picked":["Choke","Slice"],"picked":"Noxious Fumes","floor":10.0},{"not_picked":["Prepared","Bouncing Flask"],"picked":"Grand Finale","floor":10.0},{"not_picked":["Outmaneuver","Sucker Punch"],"picked":"Dagger Throw","floor":10.0},{"not_picked":["Skewer","PiercingWail","Poisoned Stab"],"picked":"SKIP","floor":12.0},{"not_picked":["Cloak And Dagger","Slice","PiercingWail"],"picked":"SKIP","floor":14.0},{"not_picked":["Envenom","Doppelganger"],"picked":"Venomology","floor":16},{"not_picked":["Dodge and Roll","Outmaneuver","Masterful Stab"],"picked":"SKIP","floor":18},{"not_picked":["Catalyst","All Out Attack"],"picked":"Escape Plan+1","floor":19}],"player_experience":1531385,"relics_obtained":[{"floor":9.0,"key":"War Paint"},{"floor":12.0,"key":"Bag of Marbles"}],"event_choices":[{"damage_healed":22.0,"max_hp_gain":0.0,"max_hp_loss":0.0,"gold_gain":0.0,"event_name":"Big Fish","player_choice":"Banana","floor":5.0,"gold_loss":0.0,"damage_taken":0.0},{"damage_healed":0.0,"max_hp_gain":0.0,"max_hp_loss":6.0,"gold_gain":0.0,"event_name":"Golden Idol","player_choice":"Lose Max HP","floor":7.0,"gold_loss":0.0,"damage_taken":0.0,"relics_obtained":["Golden Idol"]}],"is_beta":false,"boss_relics":[{"not_picked":["Fusion Hammer","Astrolabe"],"picked":"Runic Pyramid"}],"items_purged_floors":[20],"is_endless":false,"potions_floor_spawned":[1,3,14],"killed_by":"Cultist and Chosen","ascension_level":20}}