{"host":"o3b7ow6d1xe49css","time":1613791323,"event":{"mods":["Act Like it!","Aspiration","BaseMod","Bestiary","Better Altar","Better Match","Better Note","Better Sensory Stone","Better Skull","Better Third Choice","Colored Powertips","Conspire","Energized Spire","Force Act Four","GifTheSpireLib","Halation","Hermit","Hubris","Infinite Spire","Lobotomy","Minty Spire (QoL Compilation)","Quick Restart","Rare Cards Sparkle","Relic Filter Mod","Reliquary","Replay The Spire","Spicy Shops","Spikes Relics","StSLib","Stuff the Spire","The Blue Laboratory","The Hierophant","The Jungle","Wandering Minibosses"],"gold_per_floor":[110,127,146,146,47,76,104,139,193,31,61,61,61,61,61,165,165,181,207,207,207,53,87,114,114,114,114,149,149,159,242,242,346,346,375,375,85,99,0,47,47,76,76,104,104,138,138,38,38,138,138,138,38,72,176],"floor_reached":56,"language":"ENG","playtime":2027,"items_purged":["conspire:GhostlyStrike","conspire:GhostlyStrike","Scorched","conspire:GhostlyStrike"],"score":2667,"play_id":"6fec8960-f31d-4699-9f3e-de3d1c0167db","local_time":"20210219182203","daily_mods":["Heirloom","Flight"],"is_ascension_mode":true,"campfire_choices":[{"data":"Eruption","floor":12,"key":"SMITH"},{"floor":15,"key":"REST"},{"data":"BattleHymn","floor":25,"key":"SMITH"},{"data":"Fasting2","floor":27,"key":"SMITH"},{"data":"Vault","floor":29,"key":"SMITH"},{"data":"Ragnarok","floor":32,"key":"SMITH"},{"data":"Omniscience","floor":45,"key":"SMITH"},{"data":"Fasting2","floor":49,"key":"SMITH"},{"data":"BowlingBash","floor":52,"key":"SMITH"}],"circlet_count":0,"master_deck":["conspire:GhostlyStrike","conspire:GhostlyDefend","conspire:GhostlyDefend","conspire:GhostlyDefend","conspire:GhostlyDefend","Eruption+1","Vigilance+1","Consecrate","Consecrate","Tantrum","Ragnarok+1","Vault+1","BattleHymn+1","Fasting2+1","BowlingBash+1","UniverseFragment","Omniscience+1","Meditate","DeusExMachina"],"relics":["PureWater","Ring of Chaos","TungstenRod","CogitoBucket","aspiration:HatOfInfinitePower","hubris:OldNail","Centennial Puzzle","SnailShell","Dream Catcher","halation:PinkSoulGem","hubris:TerracottaHorce","ChangeAnything","Unceasing Top","Vajra","StuffTheSpire:Gunfinga","StuffTheSpire:Experiment12","wanderingMiniBosses:Inkheart","HornCleat","Black Star","FossilizedHelix","Red Mask","Dead Branch","Replay:Bottled Snecko","halation:Sosunser","Garlic","aspiration:Lifesprig","Yang","infinitespire:Midas Blood","infinitespire:WardingShard","Omamori","StuffTheSpire:OldFever","hubris:BlackHole","Ring of Chaos","conspire:InfiniteJournal"],"acts_visited":["Exordium","TheCity","TheBeyond","Exordium","TheEnding"],"potions_floor_usage":[6,6,8,23,23,24,40,55],"damage_taken":[{"damage":0,"enemies":"Small Slimes","floor":1,"turns":3},{"damage":5,"enemies":"Jaw Worm","floor":2,"turns":4},{"damage":0,"enemies":"2 Louse","floor":3,"turns":2},{"damage":15,"enemies":"Gremlin Nob","floor":6,"turns":3},{"damage":29,"enemies":"Lagavulin","floor":7,"turns":3},{"damage":0,"enemies":"3 Sentries","floor":8,"turns":2},{"damage":0,"enemies":"Gremlin Nob","floor":11,"turns":2},{"damage":15,"enemies":"Hexaghost","floor":16,"turns":3},{"damage":0,"enemies":"Shell Parasite","floor":18,"turns":2},{"damage":0,"enemies":"Chosen","floor":19,"turns":2},{"damage":0,"enemies":"Slavers","floor":23,"turns":2},{"damage":0,"enemies":"conspire:SneckoGhost","floor":24,"turns":4},{"damage":6,"enemies":"Replay:Snechameleon","floor":28,"turns":2},{"damage":0,"enemies":"Snake Plant","floor":30,"turns":4},{"damage":16,"enemies":"Nightmare","floor":31,"turns":6},{"damage":0,"enemies":"Automaton","floor":33,"turns":3},{"damage":0,"enemies":"3 Darklings","floor":35,"turns":2},{"damage":0,"enemies":"Orb Walker","floor":38,"turns":1},{"damage":0,"enemies":"Nightmare","floor":40,"turns":3},{"damage":0,"enemies":"Reptomancer","floor":42,"turns":3},{"damage":0,"enemies":"Nemesis","floor":44,"turns":3},{"damage":0,"enemies":"Giant Head","floor":46,"turns":1},{"damage":0,"enemies":"Awakened One","floor":50,"turns":3},{"damage":0,"enemies":"Shield and Spear","floor":54,"turns":1},{"damage":0,"enemies":"The Heart","floor":55,"turns":4}],"seed_played":"-6892160426169137430","potions_obtained":[{"floor":2,"key":"DistilledChaos"},{"floor":7,"key":"Reflective Coating"},{"floor":16,"key":"Explosive Potion"},{"floor":18,"key":"blueLaboratory:EnragingPotion"},{"floor":23,"key":"blueLaboratory:BottleOfVodka"},{"floor":28,"key":"blueLaboratory:NullPotion"},{"floor":38,"key":"blueLaboratory:EpiphanyPotion"},{"floor":44,"key":"blueLaboratory:FruitPunch"},{"floor":50,"key":"Energy Potion"}],"is_trial":true,"path_per_floor":["M","M","M","?","$","E","E","E","T","$","E","R","?","?","R","B",null,"M","M","AVR","?","$","E","E","R","T","R","E","R","M","NM","R","B",null,"M","$","$","M","?","NM","AVR","E","T","E","R","E","?","NS","R","B",null,"R","$","E","B",null],"character_chosen":"WATCHER","items_purchased":["blueLaboratory:HeartbeatPotion","Ragnarok","Fasting2","Omniscience","FossilizedHelix"],"campfire_rested":1,"item_purchase_floors":[5,10,22,37,37],"current_hp_per_floor":[72,67,67,67,67,52,23,23,23,23,23,23,23,10,31,16,58,58,58,58,58,58,58,58,58,58,58,52,52,52,36,36,36,63,63,63,63,63,63,63,63,63,63,63,63,63,63,63,63,63,72,72,72,72,74],"gold":176,"neow_bonus":"","is_daily":false,"chose_seed":false,"campfire_upgraded":8,"win_rate":0.0,"timestamp":1613791323,"path_taken":["M","M","M","?","$","E","E","E","T","$","E","R","?","?","R","BOSS","M","M","AVR","?","$","E","E","R","T","R","E","R","?","NM","R","BOSS","M","$","$","M","?","NM","AVR","E","T","E","R","E","?","NS","R","BOSS","R","$","E","BOSS"],"items_purchased_type":["Potion","Card","Card","Card","Relic"],"build_version":"2020-12-22","purchased_purges":4,"victory":true,"max_hp_per_floor":[72,72,72,72,72,72,72,72,72,72,72,72,72,72,72,72,72,72,72,72,72,72,72,72,72,72,72,72,72,72,72,72,72,72,72,72,72,72,72,72,72,72,72,72,72,72,72,72,72,72,72,72,72,72,74],"card_choices":[{"not_picked":["Weave","SandsOfTime"],"picked":"Consecrate","floor":1},{"not_picked":["OldLady","PunishingBird","MHz"],"picked":"Singing Bowl","floor":1},{"not_picked":["Wellcheers","QueenOfHatred"],"picked":"Scorched","floor":2},{"not_picked":["Replay:AtTheReady","EmptyBody","Brilliance"],"picked":"SKIP","floor":2},{"not_picked":["ShyLook","CrumblingArmor","OldLady"],"picked":"Singing Bowl","floor":3},{"not_picked":["CarveReality","Evaluate","FlurryOfBlows"],"picked":"SKIP","floor":3},{"not_picked":["Protect","Vengeance"],"picked":"Consecrate","floor":6},{"not_picked":["RedShoes","VoidDream","HeroicMonk"],"picked":"Singing Bowl","floor":6},{"not_picked":["ReachHeaven","Judgement"],"picked":"Tantrum","floor":7},{"not_picked":["BowlingBash","Judgement","SandsOfTime"],"picked":"SKIP","floor":8},{"not_picked":["ClearTheMind","EmptyFist"],"picked":"Crescendo","floor":11},{"not_picked":["Wish","Alpha"],"picked":"Vault","floor":16},{"not_picked":["CrumblingArmor","BigBadWolf","SingingMachine"],"picked":"Singing Bowl","floor":16},{"not_picked":["FlurryOfBlows","FollowUp","Replay:Hum"],"picked":"SKIP","floor":18},{"not_picked":["Replay:AtTheReady+1","EmptyBody","EmptyFist"],"picked":"SKIP","floor":19},{"not_picked":["SignatureMove","FlurryOfBlows","Replay:AtTheReady"],"picked":"SKIP","floor":23},{"not_picked":["OldLady","WhitesApple","Bloodbath"],"picked":"Singing Bowl","floor":23},{"not_picked":["SignatureMove","FlurryOfBlows","Replay:AtTheReady"],"picked":"SKIP","floor":23},{"not_picked":["BowlingBash","Worship+1","EmptyBody"],"picked":"SKIP","floor":24},{"not_picked":["Worship+1","EmptyBody"],"picked":"BowlingBash","floor":24},{"not_picked":["SignatureMove","EmptyBody","Tantrum"],"picked":"SKIP","floor":28},{"not_picked":["MHz","Freischutz"],"picked":"UniverseFragment","floor":28},{"not_picked":["SignatureMove","EmptyBody","Tantrum"],"picked":"SKIP","floor":28},{"not_picked":["Replay:AtTheReady+1","Adaptation","Replay:Battleflow"],"picked":"SKIP","floor":30},{"not_picked":["Replay:Cycle","Perseverance","SpiritShield"],"picked":"SKIP","floor":31},{"not_picked":["Fasting2+1","EmptyMind+1","ClearTheMind"],"picked":"SKIP","floor":35},{"not_picked":["Collect","WheelKick+1","ReachHeaven+1"],"picked":"SKIP","floor":38},{"not_picked":["CutThroughFate+1","Sanctity+1","JustLucky"],"picked":"SKIP","floor":40},{"not_picked":["FollowUp+1","Protect"],"picked":"Meditate","floor":42},{"not_picked":["PathToVictory+1","CarveReality+1","Weave"],"picked":"SKIP","floor":44},{"not_picked":["Alpha","Vengeance+1","Pray"],"picked":"SKIP","floor":46},{"not_picked":["Replay:AllIn","SpiritShield"],"picked":"DeusExMachina","floor":50},{"not_picked":["BattleHymn+1","Weave","EmptyBody"],"picked":"SKIP","floor":54}],"player_experience":1430305,"relics_obtained":[{"floor":6,"key":"aspiration:HatOfInfinitePower"},{"floor":7,"key":"hubris:OldNail"},{"floor":8,"key":"Centennial Puzzle"},{"floor":9,"key":"SnailShell"},{"floor":11,"key":"Dream Catcher"},{"floor":23,"key":"Vajra"},{"floor":24,"key":"StuffTheSpire:Gunfinga"},{"floor":28,"key":"StuffTheSpire:Experiment12"},{"floor":30,"key":"wanderingMiniBosses:Inkheart"},{"floor":31,"key":"HornCleat"},{"floor":40,"key":"Dead Branch"},{"floor":40,"key":"Replay:Bottled Snecko"},{"floor":42,"key":"Garlic"},{"floor":42,"key":"aspiration:Lifesprig"},{"floor":43,"key":"Yang"},{"floor":44,"key":"infinitespire:Midas Blood"},{"floor":44,"key":"infinitespire:WardingShard"},{"floor":46,"key":"Omamori"},{"floor":46,"key":"StuffTheSpire:OldFever"},{"floor":54,"key":"conspire:InfiniteJournal"}],"event_choices":[{"damage_healed":0,"gold_gain":0,"player_choice":"Agree","damage_taken":0,"max_hp_gain":0,"max_hp_loss":0,"event_name":"conspire:LoneGhost","floor":4,"gold_loss":0},{"damage_healed":23,"gold_gain":0,"player_choice":"Upgrade","damage_taken":14,"max_hp_gain":0,"max_hp_loss":72,"event_name":"betterThird:BetterShining","floor":14,"gold_loss":1,"cards_upgraded":["Vigilance","Crescendo"]},{"damage_healed":0,"gold_gain":0,"player_choice":"Read","damage_taken":0,"max_hp_gain":0,"max_hp_loss":0,"event_name":"The Library","floor":21,"gold_loss":0,"cards_obtained":["BattleHymn"]},{"damage_healed":0,"gold_gain":0,"player_choice":"Paid","damage_taken":0,"relics_obtained":["Red Mask"],"max_hp_gain":0,"max_hp_loss":0,"event_name":"Tomb of Lord Red Mask","floor":39,"gold_loss":99},{"damage_healed":0,"gold_gain":3,"player_choice":"1","damage_taken":0,"max_hp_gain":0,"max_hp_loss":0,"event_name":"betterStone:BetterStone","floor":47,"gold_loss":0}],"is_beta":false,"boss_relics":[{"not_picked":["ReplayTheSpireMod:SealedPack","Ectoplasm"],"picked":"hubris:TerracottaHorce"},{"not_picked":["StuffTheSpire:Kangaroo","Replay:Bronze Core"],"picked":"Black Star"},{"not_picked":["energizedSpire:StickyHand","halation:Risk"],"picked":"hubris:BlackHole"}],"items_purged_floors":[20,22,41,53],"is_endless":true,"potions_floor_spawned":[2,7,16,18,23,28,38,44,50,54],"ascension_level":10}}