{"host":"etlpbc8hfvwl9xjt","time":1613787983,"event":{"mods":["2.2 Compatiblity","BaseMod","Challenge The Spire","Colored Map","Downfall","Hermit","Minty Spire (QoL Compilation)","Replay The Spire","StSLib","Weighted Paths"],"gold_per_floor":[117,130,205,216,141,141,166,166,166,341,357,384,384,32,32,32,32],"floor_reached":16,"language":"ENG","playtime":1017,"items_purged":["Strike_B","Doubt"],"score":108,"play_id":"106e5a97-9741-44d6-958c-cf628b39be38","local_time":"20210219192623","is_ascension_mode":false,"campfire_choices":[{"data":"Dualcast","floor":6,"key":"SMITH"},{"data":"Defragment","floor":15,"key":"SMITH"}],"circlet_count":0,"master_deck":["Strike_B+1","Strike_B","Strike_B","Defend_B+1","Defend_B","Defend_B","Defend_B","Zap","Dualcast+1","Multi-Cast","Self Repair","White Noise","Defragment+1","Thunder Strike+1","Capacitor"],"relics":["Cracked Core","Molten Egg 2","Art of War","Mercury Hourglass","Simple Rune","Golden Idol","Mummified Hand"],"acts_visited":["Exordium"],"potions_floor_usage":[12,16,16],"damage_taken":[{"damage":4,"enemies":"Jaw Worm","floor":1,"turns":4},{"damage":5,"enemies":"Small Slimes","floor":2,"turns":3},{"damage":0,"enemies":"2 Louse","floor":4,"turns":3},{"damage":34,"enemies":"3 Sentries","floor":7,"turns":8},{"damage":3,"enemies":"2 Fungi Beasts","floor":11,"turns":3},{"damage":13,"enemies":"Replay:BlueRogue","floor":12,"turns":6},{"damage":29,"enemies":"Hexaghost","floor":16,"turns":9}],"seed_played":"232672270384877567","potions_obtained":[{"floor":2,"key":"Weak Potion"},{"floor":7,"key":"Doom Potion"},{"floor":11,"key":"BlessingOfTheForge"}],"is_trial":false,"path_per_floor":["M","M","?","M","$","R","E","?","T","?","M","E","?","$","R","B"],"character_chosen":"DEFECT","items_purchased":["Mummified Hand"],"campfire_rested":0,"item_purchase_floors":[14],"current_hp_per_floor":[71,73,62,69,69,69,42,35,35,35,32,26,26,26,26,0,0],"gold":32,"neow_bonus":"ONE_RANDOM_RARE_CARD","is_daily":false,"chose_seed":false,"campfire_upgraded":2,"win_rate":0.0,"timestamp":1613787983,"path_taken":["M","M","?","M","$","R","E","?","T","?","M","E","?","$","R","BOSS"],"items_purchased_type":["Relic"],"build_version":"2020-12-22","purchased_purges":2,"victory":false,"max_hp_per_floor":[75,75,75,75,75,75,75,75,75,75,75,75,69,69,69,69,69],"card_choices":[{"not_picked":["Compile Driver","Barrage"],"picked":"Self Repair","floor":1},{"not_picked":["Genetic Algorithm","Reinforced Body"],"picked":"White Noise","floor":2},{"not_picked":["Barrage","Rebound"],"picked":"Defragment","floor":4},{"not_picked":["Ball Lightning+1","Sweeping Beam+1"],"picked":"Thunder Strike+1","floor":7},{"not_picked":["Beam Cell+1","Time Bomb","Undo"],"picked":"SKIP","floor":11},{"not_picked":["ReplayTheSpireMod:Repulse","Leap"],"picked":"Capacitor","floor":12}],"player_experience":435987,"relics_obtained":[{"floor":7,"key":"Molten Egg 2"},{"floor":9,"key":"Mercury Hourglass"},{"floor":12,"key":"Simple Rune"}],"event_choices":[{"damage_healed":0,"gold_gain":75,"player_choice":"Gather Gold","damage_taken":11,"max_hp_gain":0,"max_hp_loss":0,"event_name":"World of Goop","floor":3,"gold_loss":0},{"damage_healed":0,"gold_gain":0,"player_choice":"Success","damage_taken":7,"relics_obtained":["Art of War"],"max_hp_gain":0,"max_hp_loss":0,"event_name":"Scrap Ooze","floor":8,"gold_loss":0},{"damage_healed":0,"gold_gain":175,"player_choice":"AGREE","damage_taken":0,"max_hp_gain":0,"max_hp_loss":0,"event_name":"Liars Game","floor":10,"gold_loss":0,"cards_obtained":["Doubt"]},{"damage_healed":0,"gold_gain":0,"player_choice":"Lose Max HP","damage_taken":0,"relics_obtained":["Golden Idol"],"max_hp_gain":0,"max_hp_loss":6,"event_name":"Golden Idol","floor":13,"gold_loss":0}],"is_beta":false,"boss_relics":[],"items_purged_floors":[5,14],"is_endless":false,"potions_floor_spawned":[2,7,11],"killed_by":"Hexaghost","ascension_level":0}}