{"host":"7108daw7adv7mxyd","time":1613852382,"event":{"mods":["BaseMod","Minty Spire (QoL Compilation)","StSLib"],"gold_per_floor":[109,109,59,70,70,103,115,456,468,480,480],"floor_reached":10,"language":"ENG","playtime":290,"items_purged":[],"score":114,"play_id":"9f7edbfc-222d-4eb3-bb1e-343ed69e222c","local_time":"20210220151942","is_ascension_mode":true,"campfire_choices":[{"data":"WindmillStrike","floor":7,"key":"SMITH"}],"circlet_count":0,"master_deck":["Strike_P","Strike_P","Strike_P","Strike_P","Defend_P","Defend_P","Defend_P","Eruption","Vigilance","PathToVictory","WindmillStrike+1"],"relics":["PureWater","NeowsBlessing","Gremlin Horn","MawBank","Old Coin","Molten Egg 2"],"acts_visited":["Exordium"],"potions_floor_usage":[10,10],"damage_taken":[{"damage":0,"enemies":"Jaw Worm","floor":1,"turns":1},{"damage":0,"enemies":"2 Louse","floor":4,"turns":1},{"damage":0,"enemies":"Lagavulin","floor":6,"turns":1},{"damage":26,"enemies":"Gremlin Nob","floor":8,"turns":4},{"damage":39,"enemies":"3 Sentries","floor":10,"turns":6}],"seed_played":"1562358674057608271","potions_obtained":[{"floor":4,"key":"LiquidMemories"},{"floor":6,"key":"Ancient Potion"}],"is_trial":false,"path_per_floor":["M","?","?","M","$","E","R","E","T","E"],"character_chosen":"WATCHER","items_purchased":[],"campfire_rested":0,"item_purchase_floors":[],"current_hp_per_floor":[72,60,60,60,60,60,60,34,34,0,0],"gold":480,"neow_bonus":"THREE_ENEMY_KILL","is_daily":false,"chose_seed":false,"campfire_upgraded":1,"win_rate":0.0,"timestamp":1613852382,"path_taken":["M","?","?","M","$","E","R","E","T","E"],"items_purchased_type":[],"build_version":"2020-12-22","purchased_purges":0,"victory":false,"max_hp_per_floor":[72,72,72,72,72,72,72,72,72,72,72],"card_choices":[{"not_picked":["BowlingBash","CutThroughFate"],"picked":"PathToVictory","floor":1},{"not_picked":["EmptyFist","CrushJoints","CutThroughFate"],"picked":"SKIP","floor":4},{"not_picked":["Study","FlyingSleeves"],"picked":"WindmillStrike","floor":6},{"not_picked":["EmptyBody","Blasphemy","EmptyFist"],"picked":"SKIP","floor":8}],"player_experience":316228,"relics_obtained":[{"floor":6,"key":"MawBank"},{"floor":8,"key":"Old Coin"},{"floor":9,"key":"Molten Egg 2"}],"event_choices":[{"damage_healed":0,"gold_gain":0,"player_choice":"Success","damage_taken":12,"relics_obtained":["Gremlin Horn"],"max_hp_gain":0,"max_hp_loss":0,"event_name":"Scrap Ooze","floor":2,"gold_loss":0},{"cards_removed":["Defend_P"],"damage_healed":0,"gold_gain":0,"player_choice":"Card Removal","damage_taken":0,"max_hp_gain":0,"max_hp_loss":0,"event_name":"The Cleric","floor":3,"gold_loss":50}],"is_beta":false,"boss_relics":[],"items_purged_floors":[],"is_endless":false,"potions_floor_spawned":[4,6],"killed_by":"3 Sentries","ascension_level":3}}