{"host":"vk2xyavtylxbvrfq","time":1613794096,"event":{"mods":["Bard","BaseMod","Bestiary","Better Altar","Better Match","Better Note","Better Sensory Stone","Better Skull","Better Vampires","Block Reminder","Bossed Relics","Colored Map","Curses Come First","Displayed Cursed Tome","Downfall","Extra Virgin Snecko Oil","Fox Events","Hermit","Ironclad Rager","Marked Mod","Minty Spire (QoL Compilation)","Quick Restart","Rare Cards Sparkle","Relic Sorter","Reliquary","Robot Space Explorer","Shapeshifter Mod","StSLib","The Hayseed","The Marked","The Runesmith","Unceasing Turn Reminder"],"gold_per_floor":[363,374,374,231,249,249,277,552,852,864,882,285,318,337,337,442,442,464,489,489,539,568,568,501,501,501,501,530,572,582,608,608,618,618],"floor_reached":33,"language":"ENG","playtime":1845,"items_purged":[],"score":427,"play_id":"30a82817-5dad-4f30-bf79-8fddebf489d9","local_time":"20210219230816","is_ascension_mode":true,"campfire_choices":[{"floor":6,"key":"REST"},{"floor":15,"key":"REST"},{"floor":23,"key":"REST"},{"data":"hermit:Determination","floor":25,"key":"SMITH"},{"data":"hermit:ShadowCloak","floor":27,"key":"SMITH"},{"floor":32,"key":"REST"}],"circlet_count":0,"master_deck":["hermit:Strike_Hermit","hermit:Strike_Hermit","hermit:Strike_Hermit","hermit:Strike_Hermit","hermit:Defend_Hermit","hermit:Defend_Hermit","hermit:Defend_Hermit","hermit:Defend_Hermit","hermit:Snapshot+1","hermit:Covet","hermit:HighCaliber+1","hermit:BodyArmor","hermit:Reprieve","hermit:Determination+1","hermit:Feint","hermit:SprayPray","hermit:SprayPray","hermit:Coalescence","hermit:Scavenge","Regret","hermit:Snipe","hermit:Snipe","Good Instincts","hermit:LowProfile","hermit:Enervate","hermit:FinalCanter","hermit:ShadowCloak+1","hermit:Scavenge","hermit:HoleUp+1","Panacea+1","hermit:CalledShot+1","hermit:Coalescence","hermit:Enervate","hermit:Dive","hermit:Glare"],"relics":["hermit:Momento","Orrery","CaptainsWheel","Old Coin","reliquary:Aerogel","TheAbacus","Lantern","reliquary:Spinner","reliquary:ThirdArm","MealTicket","Mango"],"acts_visited":["Exordium","TheCity"],"potions_floor_usage":[13,13,14,16,16,22,28],"damage_taken":[{"damage":3,"enemies":"2 Louse","floor":1,"turns":3},{"damage":1,"enemies":"Cultist","floor":2,"turns":3},{"damage":8,"enemies":"Jaw Worm","floor":5,"turns":4},{"damage":15,"enemies":"3 Sentries","floor":7,"turns":10},{"damage":28,"enemies":"Gremlin Gang","floor":10,"turns":6},{"damage":2,"enemies":"Large Slime","floor":11,"turns":4},{"damage":13,"enemies":"Gremlin Nob","floor":13,"turns":5},{"damage":0,"enemies":"Exordium Thugs","floor":14,"turns":4},{"damage":38,"enemies":"Hexaghost","floor":16,"turns":10},{"damage":8,"enemies":"Shell Parasite","floor":18,"turns":6},{"damage":7,"enemies":"Spheric Guardian","floor":19,"turns":6},{"damage":30,"enemies":"Snake Plant","floor":22,"turns":5},{"damage":0,"enemies":"3 Cultists","floor":28,"turns":7},{"damage":31,"enemies":"Book of Stabbing","floor":29,"turns":7},{"damage":25,"enemies":"Snecko","floor":30,"turns":6},{"damage":14,"enemies":"Shelled Parasite and Fungi","floor":31,"turns":9},{"damage":53,"enemies":"Collector","floor":33,"turns":7}],"seed_played":"-6099655314151701224","potions_obtained":[{"floor":2,"key":"sneckomod:MuddlingPotion"},{"floor":11,"key":"SpeedPotion"},{"floor":13,"key":"Explosive Potion"},{"floor":14,"key":"DistilledChaos"},{"floor":18,"key":"SteroidPotion"},{"floor":22,"key":"EssenceOfSteel"},{"floor":30,"key":"Slimebound:ThreeZeroPotion"}],"is_trial":false,"path_per_floor":["M","M","?","$","M","R","E","?","T","M","M","$","E","M","R","B",null,"M","M","?","?","M","R","?","R","T","R","M","E","M","M","R","B"],"character_chosen":"HERMIT","items_purchased":["Orrery","reliquary:Aerogel","TheAbacus","Lantern","Good Instincts","Block Potion"],"campfire_rested":4,"item_purchase_floors":[4,12,12,12,12,12],"current_hp_per_floor":[47,46,31,31,27,49,42,42,42,18,20,20,7,19,41,7,58,54,55,55,55,33,55,75,75,75,75,75,66,41,27,53,0,0],"gold":618,"neow_bonus":"TWO_FIFTY_GOLD","is_daily":false,"chose_seed":false,"campfire_upgraded":2,"win_rate":0.0,"timestamp":1613794096,"path_taken":["M","M","?","$","M","R","E","?","T","?","M","$","E","M","R","BOSS","M","M","?","?","?","R","?","R","T","R","M","E","M","M","R","BOSS"],"items_purchased_type":["Relic","Relic","Relic","Relic","Card","Potion"],"build_version":"2020-12-22","purchased_purges":0,"victory":false,"max_hp_per_floor":[75,75,75,75,75,75,75,75,75,75,75,75,75,75,75,75,75,75,75,75,75,75,75,75,75,75,75,75,89,89,89,89,89,89],"card_choices":[{"not_picked":["hermit:Misfire","hermit:CursedWeapon"],"picked":"hermit:HighCaliber","floor":1},{"not_picked":["hermit:WideOpen","hermit:Quickdraw"],"picked":"hermit:BodyArmor","floor":2},{"not_picked":["hermit:Coalescence","hermit:Feint"],"picked":"hermit:Reprieve","floor":4},{"not_picked":["hermit:Malice","hermit:Scavenge"],"picked":"hermit:Determination","floor":4},{"not_picked":["hermit:HoleUp","hermit:Dive"],"picked":"hermit:Feint","floor":4},{"not_picked":["hermit:ItchyTrigger","hermit:Reprieve"],"picked":"hermit:SprayPray","floor":4},{"not_picked":["hermit:NoHoldsBarred","hermit:Quickdraw"],"picked":"hermit:SprayPray","floor":4},{"not_picked":["hermit:TakeCover","hermit:Dive"],"picked":"hermit:Coalescence","floor":5},{"not_picked":["hermit:Dive","hermit:Showdown"],"picked":"hermit:Scavenge","floor":7},{"not_picked":["hermit:TrackingShot","hermit:ItchyTrigger"],"picked":"hermit:Snipe","floor":10},{"not_picked":["hermit:Manifest","hermit:Deadeye"],"picked":"hermit:Snipe","floor":11},{"not_picked":["hermit:HighCaliber","hermit:Roughhouse"],"picked":"hermit:LowProfile","floor":13},{"not_picked":["hermit:CalledShot","hermit:EyeOfTheStorm"],"picked":"hermit:Enervate","floor":14},{"not_picked":["hermit:Adapt","hermit:FatalDesire"],"picked":"hermit:FinalCanter","floor":16},{"not_picked":["hermit:Quickdraw+1","hermit:Combo+1"],"picked":"hermit:ShadowCloak","floor":18},{"not_picked":["hermit:Misfire","hermit:Feint+1"],"picked":"hermit:Scavenge","floor":19},{"not_picked":["hermit:SprayPray+1","hermit:Dive+1"],"picked":"hermit:HoleUp+1","floor":20},{"not_picked":["Impatience+1","Forethought+1"],"picked":"Panacea+1","floor":20},{"not_picked":["hermit:WideOpen","hermit:TakeAim"],"picked":"hermit:CalledShot+1","floor":22},{"not_picked":["hermit:SprayPray","hermit:TrackingShot"],"picked":"hermit:Coalescence","floor":28},{"not_picked":["hermit:Shortfuse","hermit:Purgatory"],"picked":"hermit:Enervate","floor":29},{"not_picked":["hermit:Showdown","hermit:BodyArmor"],"picked":"hermit:Dive","floor":30},{"not_picked":["hermit:CalledShot+1","hermit:BodyArmor"],"picked":"hermit:Glare","floor":31}],"player_experience":1441607,"relics_obtained":[{"floor":7,"key":"CaptainsWheel"},{"floor":9,"key":"Old Coin"},{"floor":13,"key":"reliquary:Spinner"},{"floor":26,"key":"MealTicket"},{"floor":29,"key":"Mango"}],"event_choices":[{"damage_healed":0,"gold_gain":0,"player_choice":"Entered Light","damage_taken":15,"max_hp_gain":0,"max_hp_loss":0,"event_name":"Shining Light","floor":3,"gold_loss":0,"cards_upgraded":["hermit:HighCaliber","hermit:Snapshot"]},{"damage_healed":0,"gold_gain":275,"player_choice":"Desecrate","damage_taken":0,"max_hp_gain":0,"max_hp_loss":0,"event_name":"Golden Shrine","floor":8,"gold_loss":0,"cards_obtained":["Regret"]},{"damage_healed":0,"gold_gain":0,"player_choice":"2","damage_taken":0,"max_hp_gain":0,"max_hp_loss":0,"event_name":"betterMatch:BetterMatch","floor":20,"gold_loss":0,"cards_obtained":["betterMatch:CommonCard","betterMatch:ColorlessUncommonCard"]},{"damage_healed":0,"gold_gain":100,"player_choice":"Bet on Murderer","damage_taken":0,"max_hp_gain":0,"max_hp_loss":0,"event_name":"The Joust","floor":21,"gold_loss":50}],"is_beta":false,"boss_relics":[{"not_picked":["reliquary:KinkedSpring","Astrolabe"],"picked":"reliquary:ThirdArm"}],"items_purged_floors":[],"is_endless":false,"potions_floor_spawned":[2,11,13,14,18,22,30],"killed_by":"Collector","ascension_level":7}}