{"host":"93bjq340p293ukqy","time":1613858433,"event":{"mods":["BaseMod","Hermit","Minty Spire (QoL Compilation)","StSLib","The Cursed"],"gold_per_floor":[109,122,122,133,113,144,144,155,155,170,170,188,188,207,207,305,305,287,37,55,55,68,95,20,20,20,20,37,56,86,102,102,203,203,220,220,236,252,270,270,270,270,270],"floor_reached":42,"language":"ENG","playtime":2992,"items_purged":["TheCursedMod:Strike_TheCursed"],"score":444,"play_id":"b17417fb-ab7c-435e-ae12-6e40568408e1","local_time":"20210221000033","is_ascension_mode":false,"campfire_choices":[{"floor":7.0,"key":"REST"},{"floor":11.0,"key":"REST"},{"data":"TheCursedMod:HellfireBreathing","floor":13.0,"key":"SMITH"},{"data":"TheCursedMod:CursedRelics","floor":15.0,"key":"SMITH"},{"floor":25,"key":"REST"},{"floor":32,"key":"REST"},{"floor":40,"key":"REST"}],"circlet_count":0,"master_deck":["TheCursedMod:Strike_TheCursed","TheCursedMod:Defend_TheCursed","TheCursedMod:Defend_TheCursed","TheCursedMod:Defend_TheCursed","TheCursedMod:Defend_TheCursed","TheCursedMod:CursedWand","TheCursedMod:CleanUpWorkshop","TheCursedMod:Dregs","TheCursedMod:RapidMovement","TheCursedMod:Hemoplague+1","TheCursedMod:Stigma","TheCursedMod:HellfireBreathing+1","TheCursedMod:Mangle","TheCursedMod:CursedRelics+1","TheCursedMod:CursedAmulet","TheCursedMod:CircleOfAbyss","TheCursedMod:SpreadPlague","TheCursedMod:AbyssShockwave","TheCursedMod:DemonSword","Shame","Parasite","TheCursedMod:HellfireBreathing+1","TheCursedMod:CircleOfBlood","TheCursedMod:OutForBlood+1","TheCursedMod:Hemoplague+1","TheCursedMod:SoulReap+1","TheCursedMod:Stigma+1"],"relics":["TheCursedMod:BlackMagicAdvanced","NeowsBlessing","The Courier","Pantograph","Cursed Key","Matryoshka","Bird Faced Urn","Vajra","Bag of Marbles","Frozen Egg 2","Bottled Lightning","Smiling Mask"],"acts_visited":["Exordium","TheCity","TheBeyond"],"potions_floor_usage":[22,23,28,30,30,33,39],"damage_taken":[{"damage":0.0,"enemies":"Small Slimes","floor":1.0,"turns":1.0},{"damage":0.0,"enemies":"2 Louse","floor":2.0,"turns":1.0},{"damage":0.0,"enemies":"Cultist","floor":4.0,"turns":1.0},{"damage":51.0,"enemies":"Gremlin Nob","floor":6.0,"turns":6.0},{"damage":11.0,"enemies":"Exordium Wildlife","floor":8.0,"turns":5.0},{"damage":8.0,"enemies":"Red Slaver","floor":10.0,"turns":4.0},{"damage":3.0,"enemies":"Large Slime","floor":12.0,"turns":7.0},{"damage":0.0,"enemies":"Blue Slaver","floor":14.0,"turns":4.0},{"damage":54.0,"enemies":"Slime Boss","floor":16.0,"turns":9.0},{"damage":2,"enemies":"2 Thieves","floor":18,"turns":4},{"damage":0,"enemies":"Chosen","floor":20,"turns":4},{"damage":26,"enemies":"Sentry and Sphere","floor":22,"turns":6},{"damage":61,"enemies":"Gremlin Leader","floor":23,"turns":5},{"damage":4,"enemies":"Centurion and Healer","floor":28,"turns":4},{"damage":0,"enemies":"3 Cultists","floor":29,"turns":3},{"damage":16,"enemies":"Slavers","floor":30,"turns":3},{"damage":6,"enemies":"Sentry and Sphere","floor":31,"turns":3},{"damage":71,"enemies":"Champ","floor":33,"turns":9},{"damage":31,"enemies":"3 Darklings","floor":35,"turns":3},{"damage":0,"enemies":"Orb Walker","floor":37,"turns":2},{"damage":16,"enemies":"Spire Growth","floor":38,"turns":4},{"damage":38,"enemies":"Maw","floor":39,"turns":7},{"damage":103,"enemies":"Nemesis","floor":42,"turns":5}],"seed_played":"410327962636577254","potions_obtained":[{"floor":2.0,"key":"SneckoOil"},{"floor":5.0,"key":"SpeedPotion"},{"floor":8.0,"key":"Swift Potion"},{"floor":10.0,"key":"Fire Potion"},{"floor":14.0,"key":"Regen Potion"},{"floor":16.0,"key":"SkillPotion"},{"floor":21,"key":"Energy Potion"},{"floor":21,"key":"Fruit Juice"},{"floor":22,"key":"Regen Potion"},{"floor":23,"key":"CultistPotion"},{"floor":28,"key":"DuplicationPotion"},{"floor":30,"key":"Explosive Potion"},{"floor":38,"key":"Regen Potion"}],"is_trial":false,"path_per_floor":["M","M","?","M","?","E","R","M","T","M","R","M","R","M","R","B",null,"M","$","M","?","M","E","?","R","T","T","M","M","E","M","R","B",null,"M","?","M","M","M","R","?","E"],"character_chosen":"THE_CURSED","items_purchased":["Matryoshka"],"campfire_rested":5,"item_purchase_floors":[19],"current_hp_per_floor":[75,75,75,75,75,24,46,35,35,27,49,46,46,46,46,17,75,73,73,73,73,52,6,6,30,30,30,42,46,36,36,60,11,80,51,51,55,67,53,77,80,0,0],"gold":270,"neow_bonus":"THREE_ENEMY_KILL","is_daily":false,"chose_seed":false,"campfire_upgraded":2,"win_rate":0.0,"timestamp":1613858433,"path_taken":["M","M","?","M","?","E","R","M","T","M","R","M","R","M","R","BOSS","M","$","?","?","?","E","?","R","T","?","M","M","E","M","R","BOSS","M","?","M","M","M","R","?","E"],"items_purchased_type":["Relic"],"build_version":"2020-12-22","purchased_purges":1,"victory":false,"max_hp_per_floor":[75,75,75,75,75,75,75,75,75,75,75,75,75,75,75,75,75,75,75,75,75,80,80,80,80,80,80,80,80,80,80,80,80,80,80,80,80,80,80,80,80,80,80],"card_choices":[{"not_picked":["TheCursedMod:VitalStrike","TheCursedMod:CursedMace"],"picked":"TheCursedMod:RapidMovement","floor":1.0},{"not_picked":["TheCursedMod:SoulReap","TheCursedMod:CursedBlade"],"picked":"TheCursedMod:Hemoplague","floor":2.0},{"not_picked":["TheCursedMod:CursedBlade","TheCursedMod:CircleOfBlood"],"picked":"TheCursedMod:Stigma","floor":4.0},{"not_picked":["TheCursedMod:CursedArmor","TheCursedMod:CursedStaff"],"picked":"TheCursedMod:HellfireBreathing","floor":6.0},{"not_picked":["TheCursedMod:CursedMace","TheCursedMod:CircleOfCorruption","TheCursedMod:CursedBlade"],"picked":"SKIP","floor":8.0},{"not_picked":["TheCursedMod:SurpriseAttack","TheCursedMod:RavingStaff"],"picked":"TheCursedMod:Mangle","floor":10.0},{"not_picked":["TheCursedMod:Evocation","TheCursedMod:RavingStaff"],"picked":"TheCursedMod:CursedRelics","floor":12.0},{"not_picked":["TheCursedMod:ManaBullet","TheCursedMod:CircleOfFlame"],"picked":"TheCursedMod:CursedAmulet","floor":14.0},{"not_picked":["TheCursedMod:StunningStrike","TheCursedMod:ShockAndAwe"],"picked":"TheCursedMod:CircleOfAbyss","floor":16.0},{"not_picked":["TheCursedMod:SurpriseAttack+1","TheCursedMod:RavingStaff"],"picked":"TheCursedMod:SpreadPlague","floor":18},{"not_picked":["TheCursedMod:FleshFromBone","TheCursedMod:RapidMovement+1"],"picked":"TheCursedMod:AbyssShockwave","floor":20},{"not_picked":["TheCursedMod:SpitefulPray","TheCursedMod:CursedShiv","TheCursedMod:DoubleShield"],"picked":"SKIP","floor":22},{"not_picked":["TheCursedMod:SpitefulPray","TheCursedMod:CursedShiv","TheCursedMod:DoubleShield"],"picked":"SKIP","floor":22},{"not_picked":["TheCursedMod:CircleOfFocus","TheCursedMod:CursedStaff"],"picked":"TheCursedMod:DemonSword","floor":23},{"not_picked":["TheCursedMod:CursedSpellbook+1","TheCursedMod:Wield"],"picked":"TheCursedMod:HellfireBreathing+1","floor":28},{"not_picked":["TheCursedMod:FuryStrike","TheCursedMod:ReleasedStrength","TheCursedMod:Stretching"],"picked":"SKIP","floor":29},{"not_picked":["TheCursedMod:CursedBlade","TheCursedMod:SpreadPlague+1"],"picked":"TheCursedMod:CircleOfBlood","floor":30},{"not_picked":["TheCursedMod:SmokeScreen","TheCursedMod:CircleOfFlame","TheCursedMod:Wield+1"],"picked":"SKIP","floor":31},{"not_picked":["TheCursedMod:StunningStrike","TheCursedMod:CursedRelics"],"picked":"TheCursedMod:OutForBlood+1","floor":33},{"not_picked":["TheCursedMod:CursedShiv","TheCursedMod:RapidMovement+1"],"picked":"TheCursedMod:Hemoplague+1","floor":35},{"not_picked":["TheCursedMod:AbyssShockwave","TheCursedMod:RavingStaff+1"],"picked":"TheCursedMod:SoulReap+1","floor":37},{"not_picked":["TheCursedMod:TacticalStrike+1","TheCursedMod:Obscuration","TheCursedMod:Stigma+1"],"picked":"SKIP","floor":38},{"not_picked":["TheCursedMod:TacticalStrike+1","TheCursedMod:Obscuration"],"picked":"TheCursedMod:Stigma+1","floor":38},{"not_picked":["TheCursedMod:Torture","TheCursedMod:SpitefulPray","TheCursedMod:FleshFromBone"],"picked":"SKIP","floor":39}],"player_experience":258343,"relics_obtained":[{"floor":6.0,"key":"The Courier"},{"floor":9.0,"key":"Pantograph"},{"floor":23,"key":"Bird Faced Urn"},{"floor":26,"key":"Vajra"},{"floor":26,"key":"Bag of Marbles"},{"floor":27,"key":"Frozen Egg 2"},{"floor":27,"key":"Bottled Lightning"},{"floor":30,"key":"Smiling Mask"}],"event_choices":[{"damage_healed":0.0,"max_hp_gain":0.0,"max_hp_loss":0.0,"gold_gain":0.0,"event_name":"Living Wall","player_choice":"Grow","floor":3.0,"gold_loss":0.0,"damage_taken":0.0,"cards_upgraded":["TheCursedMod:Hemoplague"]},{"damage_healed":0.0,"max_hp_gain":0.0,"max_hp_loss":0.0,"gold_gain":0.0,"event_name":"The Woman in Blue","player_choice":"Bought 1 Potion","floor":5.0,"gold_loss":0.0,"damage_taken":0.0},{"damage_healed":0,"gold_gain":0,"player_choice":"Got Potions","damage_taken":0,"max_hp_gain":0,"max_hp_loss":0,"event_name":"Lab","floor":21,"gold_loss":0},{"cards_removed":["TheCursedMod:Strike_TheCursed"],"damage_healed":0,"gold_gain":0,"player_choice":"Gave Gold","damage_taken":0,"max_hp_gain":0,"max_hp_loss":0,"event_name":"Beggar","floor":24,"gold_loss":75},{"cards_removed":["TheCursedMod:Strike_TheCursed"],"damage_healed":0,"gold_gain":0,"player_choice":"Removed Attack","damage_taken":0,"max_hp_gain":0,"max_hp_loss":0,"event_name":"Falling","floor":36,"gold_loss":0},{"damage_healed":3,"gold_gain":0,"player_choice":"Full Heal","damage_taken":0,"max_hp_gain":0,"max_hp_loss":0,"event_name":"Wheel of Change","floor":41,"gold_loss":0}],"is_beta":false,"boss_relics":[{"not_picked":["Empty Cage","Snecko Eye"],"picked":"Cursed Key"},{"not_picked":["Runic Pyramid","TheCursedMod:FourLeafCloverCharm"],"picked":"TheCursedMod:BlackMagicAdvanced"}],"items_purged_floors":[19],"is_endless":false,"potions_floor_spawned":[2,8,10,14,16,22,23,28,30,38],"killed_by":"Nemesis","ascension_level":0}}