{"host":"f0gpob8hq9vgebej","time":1613791739,"event":{"mods":["AchievementEnabler","BaseMod","Minty Spire (QoL Compilation)","Quick Restart","SuperFastMode"],"gold_per_floor":[110,126,139,149,168,168,210,232,232,244,244,262,286,309,309,395,422,443,472,472,490,120,120,120,120],"floor_reached":24,"language":"KOR","playtime":1092,"items_purged":["Strike_G"],"score":381,"play_id":"bc3c2c55-5508-4d59-ae8e-5d5220db42f3","local_time":"20210220122859","is_ascension_mode":true,"campfire_choices":[{"floor":6.0,"key":"REST"},{"floor":11.0,"key":"REST"},{"data":"Accuracy","floor":15.0,"key":"SMITH"},{"data":"Burst","floor":23.0,"key":"SMITH"}],"circlet_count":0,"master_deck":["AscendersBane","Strike_G","Strike_G","Defend_G","Defend_G","Defend_G","Defend_G","Survivor","Neutralize","Burst+1","Poisoned Stab","Infinite Blades","Backflip","Accuracy+1","Dagger Spray","Cloak And Dagger","Die Die Die","Escape Plan","Blade Dance","Venomology","Reflex+1","Blur+1","Dagger Spray+1","Accuracy+1","PiercingWail","Accuracy+1"],"relics":["Ring of the Snake","CeramicFish","Frozen Egg 2","Astrolabe","Eternal Feather"],"acts_visited":["TheCity"],"potions_floor_usage":[24,24],"damage_taken":[{"damage":3.0,"enemies":"Cultist","floor":1.0,"turns":4.0},{"damage":1.0,"enemies":"Jaw Worm","floor":2.0,"turns":5.0},{"damage":9.0,"enemies":"Small Slimes","floor":3.0,"turns":3.0},{"damage":16.0,"enemies":"Red Slaver","floor":4.0,"turns":4.0},{"damage":3.0,"enemies":"Looter","floor":5.0,"turns":4.0},{"damage":27.0,"enemies":"3 Sentries","floor":7.0,"turns":8.0},{"damage":0.0,"enemies":"Large Slime","floor":8.0,"turns":4.0},{"damage":8.0,"enemies":"Red Slaver","floor":10.0,"turns":5.0},{"damage":8.0,"enemies":"3 Louse","floor":12.0,"turns":4.0},{"damage":0.0,"enemies":"2 Fungi Beasts","floor":13.0,"turns":4.0},{"damage":2.0,"enemies":"Blue Slaver","floor":14.0,"turns":6.0},{"damage":22.0,"enemies":"The Guardian","floor":16.0,"turns":13.0},{"damage":22.0,"enemies":"Chosen","floor":18.0,"turns":7.0},{"damage":3.0,"enemies":"3 Byrds","floor":19.0,"turns":5.0},{"damage":34.0,"enemies":"Snake Plant","floor":21.0,"turns":6.0},{"damage":27,"enemies":"Snecko","floor":24,"turns":4}],"seed_played":"2050911336683420341","potions_obtained":[{"floor":3.0,"key":"Regen Potion"},{"floor":7.0,"key":"SteroidPotion"},{"floor":8.0,"key":"Regen Potion"},{"floor":10.0,"key":"LiquidMemories"},{"floor":16.0,"key":"PowerPotion"},{"floor":21.0,"key":"Fire Potion"}],"is_trial":false,"path_per_floor":["M","M","M","M","M","R","E","M","T","M","R","M","M","M","R","B",null,"M","M","?","M","$","R","M"],"character_chosen":"THE_SILENT","items_purchased":["Eternal Feather","Accuracy+1"],"campfire_rested":2,"item_purchase_floors":[22,22],"current_hp_per_floor":[41,40,31,15,12,31,19,19,19,11,30,22,22,20,20,13,53,31,28,41,7,7,22,0,0],"gold":120,"neow_bonus":"THREE_RARE_CARDS","is_daily":false,"chose_seed":false,"campfire_upgraded":2,"win_rate":0.0,"timestamp":1613791739,"path_taken":["M","M","M","M","?","R","E","M","T","M","R","M","M","M","R","BOSS","M","?","?","M","$","R","M"],"items_purchased_type":["Relic","Card"],"build_version":"2020-12-22","purchased_purges":1,"victory":false,"max_hp_per_floor":[66,66,66,66,66,66,66,66,66,66,66,66,66,66,66,66,66,66,66,66,66,66,66,66,66],"card_choices":[{"not_picked":["Doppelganger","Night Terror"],"picked":"Burst","floor":0.0},{"not_picked":["Dodge and Roll","Deflect"],"picked":"Poisoned Stab","floor":1.0},{"not_picked":["Bane","Prepared"],"picked":"Infinite Blades","floor":2.0},{"not_picked":["Flechettes","Concentrate"],"picked":"Backflip","floor":3.0},{"not_picked":["Finisher","Catalyst"],"picked":"Accuracy","floor":4.0},{"not_picked":["Choke","Riddle With Holes"],"picked":"Dagger Spray","floor":5.0},{"not_picked":["Distraction","Riddle With Holes"],"picked":"Cloak And Dagger","floor":7.0},{"not_picked":["Backflip","Deflect"],"picked":"Die Die Die","floor":8.0},{"not_picked":["Acrobatics","Infinite Blades+1","Catalyst"],"picked":"SKIP","floor":10.0},{"not_picked":["Distraction","Quick Slash","Flying Knee"],"picked":"SKIP","floor":12.0},{"not_picked":["Deflect","Calculated Gamble"],"picked":"Escape Plan","floor":13.0},{"not_picked":["Dodge and Roll","Reflex"],"picked":"Blade Dance","floor":14.0},{"not_picked":["Storm of Steel","Burst"],"picked":"Venomology","floor":16.0},{"not_picked":["Endless Agony+1","Dodge and Roll"],"picked":"Accuracy+1","floor":18.0},{"not_picked":["Leg Sweep","Dagger Throw"],"picked":"PiercingWail","floor":19.0},{"not_picked":["Deflect","Underhanded Strike","Noxious Fumes+1"],"picked":"SKIP","floor":21.0}],"player_experience":392297,"relics_obtained":[{"floor":7.0,"key":"CeramicFish"},{"floor":9.0,"key":"Frozen Egg 2"}],"event_choices":[{"damage_healed":13.0,"max_hp_gain":0.0,"max_hp_loss":0.0,"gold_gain":0.0,"event_name":"The Library","player_choice":"Heal","floor":20.0,"gold_loss":0.0,"damage_taken":0.0}],"is_beta":false,"boss_relics":[{"not_picked":["Busted Crown","Black Star"],"picked":"Astrolabe"}],"items_purged_floors":[22],"is_endless":false,"potions_floor_spawned":[3,7,8,10,12,16,21],"killed_by":"Snecko","ascension_level":17}}