{"host":"snampf0t8p8psf53","time":1613857595,"event":{"mods":["AchievementEnabler","BaseMod","Bestiary","DeckTracker","Minty Spire (QoL Compilation)","Permanent Neow","SuperFastMode"],"gold_per_floor":[112,130,145,163,183,210,236,236,282,225,239,277,200,235,235,343,343,362,372,389,409,426,460,491,503,515,544,595,633,658,685,706,826,838,864,885,906,575,575,575],"floor_reached":39,"language":"ENG","playtime":2905,"items_purged":["Pain"],"score":752,"play_id":"a4fd8094-f107-4e6e-965d-3305a214a8da","local_time":"20210220134635","daily_mods":["Vintage","Heirloom","Time Dilation","Flight"],"is_ascension_mode":false,"campfire_choices":[{"floor":8.0,"key":"REST"},{"floor":15.0,"key":"REST"},{"floor":32.0,"key":"REST"}],"circlet_count":0,"master_deck":["Strike_P","Strike_P","Strike_P","Strike_P","Defend_P","Defend_P","Defend_P+1","Defend_P+1","Eruption","Vigilance","Blasphemy","Tantrum","EmptyBody","EmptyBody","Crescendo","Vengeance","Crescendo","EmptyFist","EmptyFist","Crescendo","Devotion","FearNoEvil","MentalFortress+1","MentalFortress","Blasphemy","Bandage Up","FearNoEvil","InnerPeace","Meditate","Prostrate","InnerPeace","Vengeance"],"relics":["HolyWater","Du-Vu Doll","The Courier","Dream Catcher","Darkstone Periapt","PreservedInsect","Blood Vial","Mercury Hourglass","Lantern","CeramicFish","MealTicket","Vajra","Torii","VioletLotus","Bag of Preparation","Happy Flower","Kunai","Anchor","Gambling Chip","MawBank","Matryoshka","Question Card","Oddly Smooth Stone","Blue Candle","Potion Belt","White Beast Statue","Calipers","War Paint","Mummified Hand","WarpedTongs"],"acts_visited":["Exordium","TheCity","TheBeyond"],"potions_floor_usage":[39,39],"damage_taken":[{"damage":0.0,"enemies":"Small Slimes","floor":1.0,"turns":3.0},{"damage":6.0,"enemies":"2 Louse","floor":2.0,"turns":3.0},{"damage":0.0,"enemies":"Cultist","floor":3.0,"turns":2.0},{"damage":1.0,"enemies":"Exordium Wildlife","floor":4.0,"turns":3.0},{"damage":34.0,"enemies":"Large Slime","floor":5.0,"turns":6.0},{"damage":18.0,"enemies":"Lagavulin","floor":6.0,"turns":4.0},{"damage":12.0,"enemies":"3 Sentries","floor":7.0,"turns":5.0},{"damage":4.0,"enemies":"2 Fungi Beasts","floor":11.0,"turns":3.0},{"damage":8.0,"enemies":"Gremlin Nob","floor":12.0,"turns":3.0},{"damage":13.0,"enemies":"3 Sentries","floor":14.0,"turns":3.0},{"damage":11.0,"enemies":"The Guardian","floor":16.0,"turns":8.0},{"damage":13.0,"enemies":"3 Byrds","floor":18.0,"turns":4.0},{"damage":1.0,"enemies":"2 Thieves","floor":19.0,"turns":2.0},{"damage":11.0,"enemies":"Cultist and Chosen","floor":20.0,"turns":4.0},{"damage":1.0,"enemies":"Shelled Parasite and Fungi","floor":21.0,"turns":3.0},{"damage":1.0,"enemies":"Centurion and Healer","floor":22.0,"turns":4.0},{"damage":25.0,"enemies":"Gremlin Leader","floor":23.0,"turns":3.0},{"damage":10.0,"enemies":"Chosen and Byrds","floor":24.0,"turns":4.0},{"damage":0.0,"enemies":"Snecko","floor":27.0,"turns":2.0},{"damage":0.0,"enemies":"Slavers","floor":28.0,"turns":2.0},{"damage":0.0,"enemies":"Book of Stabbing","floor":29.0,"turns":4.0},{"damage":0.0,"enemies":"Centurion and Healer","floor":30.0,"turns":5.0},{"damage":1.0,"enemies":"Shelled Parasite and Fungi","floor":31.0,"turns":4.0},{"damage":17,"enemies":"Collector","floor":33,"turns":11},{"damage":15,"enemies":"3 Shapes","floor":35,"turns":4},{"damage":100037,"enemies":"3 Darklings","floor":39,"turns":6}],"seed_played":"-7977527615909398785","potions_obtained":[{"floor":1.0,"key":"Weak Potion"},{"floor":3.0,"key":"PowerPotion"},{"floor":5.0,"key":"BottledMiracle"},{"floor":7.0,"key":"GamblersBrew"},{"floor":14.0,"key":"EntropicBrew"},{"floor":20.0,"key":"Explosive Potion"},{"floor":23.0,"key":"Block Potion"},{"floor":28.0,"key":"BlessingOfTheForge"},{"floor":30.0,"key":"DistilledChaos"},{"floor":31.0,"key":"SpeedPotion"}],"is_trial":true,"path_per_floor":["M","M","M","M","M","E","E","R","T","$","M","E","$","E","R","B",null,"M","M","M","M","M","E","M","$","T","M","E","E","M","M","R","B",null,"M","?","?","$","M"],"character_chosen":"WATCHER","items_purchased":["EmptyBody","Crescendo","Crescendo","EmptyFist","EmptyFist","FearNoEvil","InnerPeace","Meditate","Prostrate","InnerPeace","Vengeance"],"campfire_rested":3,"item_purchase_floors":[10,10,13,13,13,38,38,38,38,38,38],"current_hp_per_floor":[72,66,66,65,31,15,5,26,26,26,24,18,33,22,43,34,72,59,60,51,52,53,30,22,37,37,39,41,43,45,46,67,52,72,57,57,63,78,0,0],"gold":575,"neow_bonus":"","is_daily":false,"chose_seed":false,"campfire_upgraded":0,"win_rate":0.0,"timestamp":1613857595,"path_taken":["M","M","M","M","M","E","E","R","T","$","M","E","$","E","R","BOSS","M","M","M","M","M","E","M","$","T","M","E","E","M","M","R","BOSS","M","?","?","$","?"],"items_purchased_type":["Card","Card","Card","Card","Card","Card","Card","Card","Card","Card","Card"],"build_version":"2020-12-22","purchased_purges":1,"victory":false,"max_hp_per_floor":[72,72,72,72,72,72,72,72,72,72,72,72,72,72,72,72,72,72,72,72,72,72,72,72,72,72,72,72,72,72,72,72,72,72,72,72,78,78,78,78],"card_choices":[{"not_picked":["SandsOfTime","EmptyMind"],"picked":"Blasphemy","floor":6.0},{"not_picked":["FollowUp","CarveReality"],"picked":"Tantrum","floor":7.0},{"not_picked":["Halt","FlyingSleeves"],"picked":"EmptyBody","floor":8.0},{"not_picked":["BattleHymn","CutThroughFate"],"picked":"Vengeance","floor":12.0},{"not_picked":["EmptyFist","Sanctity"],"picked":"Crescendo","floor":14.0},{"not_picked":["Brilliance","Establishment"],"picked":"Devotion","floor":16.0},{"not_picked":["Wireheading","Halt"],"picked":"FearNoEvil","floor":23.0},{"not_picked":["CrushJoints","Crescendo","EmptyBody"],"picked":"MentalFortress+1","floor":28.0},{"not_picked":["CrushJoints","Ragnarok","Consecrate","SashWhip"],"picked":"SKIP","floor":29.0},{"not_picked":["EmptyFist","Consecrate","EmptyMind"],"picked":"MentalFortress","floor":32.0},{"not_picked":["MasterReality","Alpha","Omniscience"],"picked":"Blasphemy","floor":33},{"not_picked":["Finesse","Madness","Enlightenment"],"picked":"Bandage Up","floor":36}],"player_experience":140501,"relics_obtained":[{"floor":1.0,"key":"The Courier"},{"floor":2.0,"key":"Dream Catcher"},{"floor":3.0,"key":"Darkstone Periapt"},{"floor":4.0,"key":"PreservedInsect"},{"floor":5.0,"key":"Blood Vial"},{"floor":6.0,"key":"Mercury Hourglass"},{"floor":7.0,"key":"Lantern"},{"floor":9.0,"key":"CeramicFish"},{"floor":11.0,"key":"MealTicket"},{"floor":12.0,"key":"Vajra"},{"floor":14.0,"key":"Torii"},{"floor":18.0,"key":"Bag of Preparation"},{"floor":19.0,"key":"Happy Flower"},{"floor":20.0,"key":"Kunai"},{"floor":21.0,"key":"Anchor"},{"floor":22.0,"key":"Gambling Chip"},{"floor":23.0,"key":"MawBank"},{"floor":24.0,"key":"Matryoshka"},{"floor":26.0,"key":"Question Card"},{"floor":26.0,"key":"Oddly Smooth Stone"},{"floor":27.0,"key":"Blue Candle"},{"floor":28.0,"key":"Potion Belt"},{"floor":29.0,"key":"White Beast Statue"},{"floor":30.0,"key":"Calipers"},{"floor":31.0,"key":"War Paint"},{"floor":35,"key":"Mummified Hand"}],"event_choices":[{"damage_healed":0,"gold_gain":0,"player_choice":"Memory 1","damage_taken":0,"max_hp_gain":0,"max_hp_loss":0,"event_name":"SensoryStone","floor":36,"gold_loss":0},{"damage_healed":0,"gold_gain":0,"player_choice":"Rummage","damage_taken":0,"relics_obtained":["WarpedTongs"],"max_hp_gain":0,"max_hp_loss":0,"event_name":"Accursed Blacksmith","floor":37,"gold_loss":0,"cards_obtained":["Pain"]}],"is_beta":false,"boss_relics":[{"not_picked":["Philosopher\u0027s Stone","Velvet Choker"],"picked":"VioletLotus"},{"not_picked":["Pandora\u0027s Box","Empty Cage"],"picked":"HolyWater"}],"items_purged_floors":[38],"is_endless":true,"potions_floor_spawned":[1,3,5,7,14,20,23,24,27,28,30,31,33,35],"killed_by":"3 Darklings","ascension_level":0}}