{"host":"xwl7b08i4vco8s3a","time":1613845870,"event":{"mods":["Aspiration","BaseMod","Downfall","Minty Spire (QoL Compilation)","Replay The Spire","StSLib"],"gold_per_floor":[116,127,127,147,166,193,193,211,211,211,211,211,239,239,239,239,239],"floor_reached":16,"language":"ENG","playtime":592,"items_purged":[],"score":110,"play_id":"e2c6cb00-d217-49b2-938d-697c4ade6436","local_time":"20210220193110","is_ascension_mode":false,"campfire_choices":[{"floor":10,"key":"RECALL"},{"floor":15,"key":"REST"}],"circlet_count":0,"master_deck":["Strike_R","Strike_R","Strike_R","Strike_R","Defend_R","Defend_R","Defend_R","Defend_R","Bash","Infernal Blade","Seeing Red","Rage","Iron Wave","Flex+1"],"relics":["Burning Blood","NeowsBlessing","Peace Pipe","aspiration:HiddenCompartment","Eternal Feather","Potion Belt"],"acts_visited":["Exordium"],"potions_floor_usage":[13,13],"damage_taken":[{"damage":0,"enemies":"2 Louse","floor":1,"turns":1},{"damage":0,"enemies":"Cultist","floor":2,"turns":1},{"damage":0,"enemies":"Small Slimes","floor":4,"turns":1},{"damage":0,"enemies":"Exordium Wildlife","floor":5,"turns":3},{"damage":47,"enemies":"Lagavulin","floor":6,"turns":7},{"damage":10,"enemies":"Blue Slaver","floor":8,"turns":4},{"damage":20,"enemies":"3 Sentries","floor":13,"turns":5},{"damage":39,"enemies":"Hexaghost","floor":16,"turns":9}],"seed_played":"6232028845175628898","potions_obtained":[{"floor":4,"key":"hexamod:SoulburnPotion"},{"floor":8,"key":"LiquidBronze"}],"is_trial":false,"path_per_floor":["M","M","?","M","M","E","?","M","T","R","?","?","E","T","R","B"],"character_chosen":"IRONCLAD","items_purchased":[],"campfire_rested":1,"item_purchase_floors":[],"current_hp_per_floor":[80,80,73,79,80,39,39,35,35,35,35,23,9,9,39,0,0],"gold":239,"neow_bonus":"THREE_ENEMY_KILL","is_daily":false,"chose_seed":false,"campfire_upgraded":0,"win_rate":0.0,"timestamp":1613845870,"path_taken":["M","M","?","M","M","E","?","M","T","R","?","?","E","?","R","BOSS"],"items_purchased_type":[],"build_version":"2020-12-22","purchased_purges":0,"victory":false,"max_hp_per_floor":[80,80,80,80,80,80,80,80,80,80,80,80,80,80,80,80,80],"card_choices":[{"not_picked":["Sword Boomerang","ReplayTheSpireMod:Limb From Limb"],"picked":"Infernal Blade","floor":1},{"not_picked":["Uppercut","Wild Strike"],"picked":"Seeing Red","floor":2},{"not_picked":["Clash","Power Through"],"picked":"Rage","floor":4},{"not_picked":["Evolve","Intimidate","Twin Strike"],"picked":"SKIP","floor":5},{"not_picked":["Havoc","Combust"],"picked":"Iron Wave","floor":6},{"not_picked":["Fire Breathing","Infernal Blade"],"picked":"Flex","floor":8},{"not_picked":["Pommel Strike","Havoc","Thunderclap"],"picked":"SKIP","floor":13}],"player_experience":422233,"relics_obtained":[{"floor":6,"key":"Peace Pipe"},{"floor":13,"key":"Eternal Feather"},{"floor":14,"key":"Potion Belt"}],"event_choices":[{"cards_removed":["Strike_R"],"damage_healed":0,"gold_gain":0,"player_choice":"Card Removal","damage_taken":7,"max_hp_gain":0,"max_hp_loss":0,"event_name":"Golden Wing","floor":3,"gold_loss":0},{"damage_healed":0,"gold_gain":0,"player_choice":"Ignored","damage_taken":0,"max_hp_gain":0,"max_hp_loss":0,"event_name":"Liars Game","floor":7,"gold_loss":0},{"damage_healed":0,"gold_gain":0,"player_choice":"Grow","damage_taken":0,"max_hp_gain":0,"max_hp_loss":0,"event_name":"Living Wall","floor":11,"gold_loss":0,"cards_upgraded":["Flex"]},{"damage_healed":0,"gold_gain":0,"player_choice":"Success","damage_taken":12,"relics_obtained":["aspiration:HiddenCompartment"],"max_hp_gain":0,"max_hp_loss":0,"event_name":"Scrap Ooze","floor":12,"gold_loss":0}],"is_beta":false,"boss_relics":[],"items_purged_floors":[],"is_endless":false,"potions_floor_spawned":[4,8],"killed_by":"Hexaghost","ascension_level":0}}