{"host":"30jsp143e4v19aze","time":1613808215,"event":{"mods":["BaseMod","Colored Map","Colored Powertips","Curses Come First","DeckTracker","Highlight Path","Minty Spire (QoL Compilation)","Quick Restart","Relic Stats","StSLib","everything is the same but u backflip on backflip","slay the spire mod where everything is the same but ironclad has a cowboy hat"],"gold_per_floor":[109,119,130,142,142,142,171,186,210,226,261,261,281,316,316,316,316],"floor_reached":16,"language":"ENG","playtime":535,"items_purged":[],"score":248,"play_id":"c0475772-dc79-41d1-991b-fec22adbc5b7","local_time":"20210220090335","is_ascension_mode":true,"campfire_choices":[{"data":"Wild Strike","floor":6,"key":"SMITH"},{"data":"Fiend Fire","floor":12,"key":"SMITH"},{"data":"Carnage","floor":15,"key":"SMITH"}],"circlet_count":0,"master_deck":["AscendersBane","Strike_R","Strike_R","Strike_R","Strike_R","Strike_R","Defend_R","Defend_R+1","Defend_R+1","Defend_R","Bash","Cleave","Metallicize","Wild Strike+1","Fiend Fire+1","Carnage+1","True Grit","Flame Barrier","Burning Pact"],"relics":["Burning Blood","Bronze Scales","Centennial Puzzle","Oddly Smooth Stone","War Paint"],"acts_visited":["Exordium"],"potions_floor_usage":[7,11,14],"damage_taken":[{"damage":7,"enemies":"Cultist","floor":1,"turns":4},{"damage":5,"enemies":"Small Slimes","floor":2,"turns":3},{"damage":4,"enemies":"2 Louse","floor":3,"turns":3},{"damage":14,"enemies":"Large Slime","floor":4,"turns":6},{"damage":5,"enemies":"3 Sentries","floor":7,"turns":9},{"damage":9,"enemies":"Exordium Thugs","floor":8,"turns":4},{"damage":9,"enemies":"Exordium Wildlife","floor":10,"turns":3},{"damage":17,"enemies":"Lagavulin","floor":11,"turns":4},{"damage":13,"enemies":"Blue Slaver","floor":13,"turns":2},{"damage":10,"enemies":"3 Sentries","floor":14,"turns":4},{"damage":48,"enemies":"Slime Boss","floor":16,"turns":7}],"seed_played":"4342024942787576656","potions_obtained":[{"floor":1,"key":"ColorlessPotion"},{"floor":2,"key":"Weak Potion"},{"floor":3,"key":"DistilledChaos"},{"floor":5,"key":"HeartOfIron"},{"floor":11,"key":"Explosive Potion"},{"floor":13,"key":"Fire Potion"}],"is_trial":false,"path_per_floor":["M","M","M","M","?","R","E","M","T","M","E","R","M","E","R","B"],"character_chosen":"IRONCLAD","items_purchased":[],"campfire_rested":0,"item_purchase_floors":[],"current_hp_per_floor":[74,75,77,69,69,69,70,67,67,64,53,53,46,42,42,0,0],"gold":316,"neow_bonus":"TEN_PERCENT_HP_BONUS","is_daily":false,"chose_seed":false,"campfire_upgraded":3,"win_rate":0.0,"timestamp":1613808215,"path_taken":["M","M","?","M","?","R","E","M","T","M","E","R","?","E","R","BOSS"],"items_purchased_type":[],"build_version":"2020-12-22","purchased_purges":0,"victory":false,"max_hp_per_floor":[82,82,82,82,82,82,82,82,82,82,82,82,82,82,82,82,82],"relic_stats":{"Centennial Puzzle":[15],"counters":[11,49],"Bronze Scales":[33],"War Paint":["Defend_R","Defend_R"],"obtain_stats":[{"Centennial Puzzle":9,"Bronze Scales":7,"Oddly Smooth Stone":11,"War Paint":14,"Burning Blood":0},{"Centennial Puzzle":6,"Bronze Scales":5,"Oddly Smooth Stone":8,"War Paint":10,"Burning Blood":0},{"Centennial Puzzle":29,"Bronze Scales":25,"Oddly Smooth Stone":36,"War Paint":42,"Burning Blood":0}],"Burning Blood":60},"card_choices":[{"not_picked":["Sever Soul","Body Slam"],"picked":"Cleave","floor":1},{"not_picked":["Cleave","Wild Strike"],"picked":"Metallicize","floor":2},{"not_picked":["Anger","Heavy Blade"],"picked":"Wild Strike","floor":3},{"not_picked":["Cleave","Intimidate","Rampage"],"picked":"SKIP","floor":4},{"not_picked":["Uppercut","Cleave"],"picked":"Fiend Fire","floor":7},{"not_picked":["Clothesline","Anger"],"picked":"Carnage","floor":8},{"not_picked":["Power Through","Armaments"],"picked":"True Grit","floor":10},{"not_picked":["Heavy Blade","Warcry","Havoc"],"picked":"SKIP","floor":11},{"not_picked":["Metallicize","Dual Wield"],"picked":"Flame Barrier","floor":13},{"not_picked":["Anger","Dual Wield"],"picked":"Burning Pact","floor":14}],"player_experience":3290194,"relics_obtained":[{"floor":7,"key":"Bronze Scales"},{"floor":9,"key":"Centennial Puzzle"},{"floor":11,"key":"Oddly Smooth Stone"},{"floor":14,"key":"War Paint"}],"event_choices":[{"damage_healed":0,"gold_gain":0,"player_choice":"Got Potions","damage_taken":0,"max_hp_gain":0,"max_hp_loss":0,"event_name":"Lab","floor":5,"gold_loss":0}],"is_beta":false,"boss_relics":[],"items_purged_floors":[],"is_endless":false,"potions_floor_spawned":[1,2,3,11,13],"killed_by":"Slime Boss","ascension_level":20}}