{"host":"iawk615p0198zs2h","time":1613822042,"event":{"mods":["BaseMod","Better Third Choice","BetterRewards","Downfall","Gold Saver","Infinite Spire","Minty Spire (QoL Compilation)","Quick Restart","Rare Cards Sparkle","Replay The Spire","Spicy Shops","StSLib","The Necromancer"],"gold_per_floor":[1735,1685,1155,1155,809,838,838,866,891,891,915,942,952,970,970,1074,1074,1086,317,317,317,317,328,341,341,394,394,427,442,442,442,442,544,544,560,117,117,128,128,153,153,188,188,213,213,230,230,244,244,342,342,343,343,343,343,360,360,373,373,373,378,378,411,398,401,401,451,451,430,430,430,423,440,440,435,437,490,452,434,434,415,398,398,413,413,387,387,384,349,338,338,348,348,400,400,348,338,284,275,275,312,312,312],"floor_reached":102,"language":"ENG","playtime":8192,"items_purged":["Strike_B","Defend_B","Defend_B","Defend_B","Strike_B+1","Dualcast"],"score":2310,"play_id":"c0a2627b-83e9-447b-8654-33651c238b7e","local_time":"20210220125402","is_ascension_mode":true,"campfire_choices":[{"data":"Coolheaded","floor":7.0,"key":"SMITH"},{"data":"Replay:Dark Deal","floor":10.0,"key":"SMITH"},{"data":"Hologram","floor":15.0,"key":"SMITH"},{"data":"Defragment","floor":25.0,"key":"SMITH"},{"data":"ReplayUltimateDefense","floor":27.0,"key":"SMITH"},{"data":"Seek","floor":30.0,"key":"SMITH"},{"data":"Defend_B","floor":32.0,"key":"PURGE"},{"data":"Reboot","floor":41.0,"key":"SMITH"},{"data":"Mirror Shield","floor":47.0,"key":"SMITH"},{"data":"Turbo","floor":49.0,"key":"SMITH"},{"data":"Capacitor","floor":57.0,"key":"SMITH"},{"data":"Coolheaded","floor":59.0,"key":"SMITH"},{"data":"Blizzard","floor":66.0,"key":"SMITH"},{"data":"Turbo","floor":74.0,"key":"SMITH"},{"data":"infinitespire:Collect","floor":80,"key":"SMITH"},{"data":"All For One","floor":83,"key":"SMITH"},{"data":"Biased Cognition","floor":91,"key":"SMITH"},{"data":"Master of Strategy","floor":100,"key":"SMITH"}],"circlet_count":0,"master_deck":["Replay:Dark Deal+1","Steam+1","Coolheaded+1","Coolheaded+1","Hologram+1","Reboot+1","Seek+1","Defragment+1","ReplayUltimateDefense+1","BootSequence+1","Glacier","Turbo+1","Machine Learning+1","Capacitor+1","Replay:Dark Deal+1","Streamline+1","Master of Strategy+1","Impatience","Mirror Shield+1","infinitespire:Collect+1","Blizzard+1","All For One+1","Turbo+1","Machine Learning+1","Turbo+1","Coolheaded+1","Seek+1","infinitespire:Oblivion+1","Hologram+1","Beam Cell+1","Biased Cognition+1","Fission+1","Streamline+1"],"relics":["Cracked Core","NeowsBlessing","Runic Capacitor","infinitespire:BottledMercury","infinitespire:Satchel","Lantern","ReplayFunnel","Sozu","War Paint","Enchiridion","Nloth\u0027s Gift","Art of War","Whetstone","FrozenCore","Sundial","Dream Catcher","Singing Bowl","infinitespire:Beetle Shell","Replay:Drink Me","Divine Protection","Cables","Akabeko","Prayer Wheel","Unceasing Top","infinitespire:Cupcake","Toxic Egg 2","PreservedInsect","Replay:Bottled Eggs","Molten Egg 2","infinitespire:Lychee Nut","Ancient Tea Set","infinitespire:Freezer","Ornamental Fan","Runic Dome"],"acts_visited":["Exordium","TheCity","TheBeyond","Exordium","TheCity","TheBeyond","Exordium"],"potions_floor_usage":[],"damage_taken":[{"damage":0.0,"enemies":"Small Slimes","floor":1.0,"turns":1.0},{"damage":0.0,"enemies":"Lagavulin","floor":6.0,"turns":2.0},{"damage":0.0,"enemies":"Gremlin Nob","floor":8.0,"turns":1.0},{"damage":11.0,"enemies":"3 Sentries","floor":12.0,"turns":6.0},{"damage":0.0,"enemies":"Jaw Worm","floor":13.0,"turns":3.0},{"damage":0.0,"enemies":"2 Louse","floor":14.0,"turns":1.0},{"damage":9.0,"enemies":"Slime Boss","floor":16.0,"turns":13.0},{"damage":0.0,"enemies":"Shell Parasite","floor":18.0,"turns":4.0},{"damage":0.0,"enemies":"Spheric Guardian","floor":23.0,"turns":4.0},{"damage":0.0,"enemies":"Snake Plant","floor":24.0,"turns":4.0},{"damage":0.0,"enemies":"Book of Stabbing","floor":28.0,"turns":5.0},{"damage":0.0,"enemies":"Cultist and Chosen","floor":29.0,"turns":6.0},{"damage":0.0,"enemies":"Champ","floor":33.0,"turns":10.0},{"damage":0.0,"enemies":"3 Darklings","floor":35.0,"turns":7.0},{"damage":0.0,"enemies":"3 Shapes","floor":38.0,"turns":5.0},{"damage":0.0,"enemies":"Reptomancer","floor":40.0,"turns":1.0},{"damage":0.0,"enemies":"Nightmare","floor":42.0,"turns":7.0},{"damage":0.0,"enemies":"Reptomancer","floor":44.0,"turns":8.0},{"damage":0.0,"enemies":"Maw","floor":46.0,"turns":8.0},{"damage":0.0,"enemies":"Writhing Mass","floor":48.0,"turns":7.0},{"damage":0.0,"enemies":"Replay:Hell Engine","floor":50.0,"turns":15.0},{"damage":0.0,"enemies":"Cultist","floor":52.0,"turns":1.0},{"damage":0.0,"enemies":"Small Slimes","floor":54.0,"turns":2.0},{"damage":0.0,"enemies":"2 Louse","floor":56.0,"turns":1.0},{"damage":0.0,"enemies":"Gremlin Nob","floor":58.0,"turns":2.0},{"damage":0.0,"enemies":"2 Fungi Beasts","floor":61.0,"turns":2.0},{"damage":0.0,"enemies":"Lagavulin","floor":63.0,"turns":1.0},{"damage":0.0,"enemies":"Large Slime","floor":64.0,"turns":3.0},{"damage":0.0,"enemies":"3 Sentries","floor":65.0,"turns":4.0},{"damage":0.0,"enemies":"Slime Boss","floor":67.0,"turns":5.0},{"damage":0.0,"enemies":"3 Byrds","floor":69.0,"turns":3.0},{"damage":0.0,"enemies":"Spheric Guardian","floor":72.0,"turns":1.0},{"damage":0.0,"enemies":"Snecko","floor":73.0,"turns":1.0},{"damage":16.0,"enemies":"Slavers","floor":75.0,"turns":5.0},{"damage":0.0,"enemies":"Sentry and Sphere","floor":76.0,"turns":2.0},{"damage":0.0,"enemies":"Cultist and Chosen","floor":78.0,"turns":3.0},{"damage":0,"enemies":"Replay:Snechameleon","floor":79,"turns":2},{"damage":0,"enemies":"Gremlin Leader","floor":81,"turns":4},{"damage":0,"enemies":"Centurion and Healer","floor":82,"turns":2},{"damage":0,"enemies":"Collector","floor":84,"turns":5},{"damage":0,"enemies":"3 Shapes","floor":86,"turns":1},{"damage":0,"enemies":"Orb Walker","floor":88,"turns":1},{"damage":0,"enemies":"3 Darklings","floor":89,"turns":1},{"damage":0,"enemies":"Writhing Mass","floor":90,"turns":2},{"damage":0,"enemies":"R_Hoarder","floor":92,"turns":3},{"damage":0,"enemies":"Transient","floor":96,"turns":5},{"damage":0,"enemies":"Giant Head","floor":97,"turns":1},{"damage":0,"enemies":"Maw","floor":98,"turns":2},{"damage":0,"enemies":"Nemesis","floor":99,"turns":3},{"damage":0,"enemies":"Replay:Hell Engine","floor":101,"turns":3}],"seed_played":"-309041338364627491","potions_obtained":[{"floor":6.0,"key":"Regen Potion"},{"floor":13.0,"key":"Toxic Potion"}],"is_trial":false,"path_per_floor":["M","?","$","?","$","E","R","E","T","R","T","E","M","M","R","B",null,"M","$","?","?","?","M","M","R","T","R","E","M","R","AVR","R","B",null,"M","$","?","M","$","E","R","NM","T","E","?","M","R","M","R","B",null,"M","?","M","?","M","R","E","R","T","M","AVR","E","M","E","R","B",null,"M","?","?","M","M","R","E","M","T","M","E","R","E","M","R","B",null,"M","?","M","M","M","R","E","?","T","?","M","E","M","E","R","B",null],"character_chosen":"DEFECT","items_purchased":["Replay:Dark Deal","Go for the Eyes+1","Steam","Runic Capacitor","Coolheaded","Defragment","ReplayUltimateDefense","BootSequence","War Paint","Capacitor"],"campfire_rested":0,"item_purchase_floors":[3,3,3,5,5,19,19,19,19,36],"current_hp_per_floor":[75,75,75,75,75,75,75,75,75,75,75,64,64,64,64,55,75,75,75,59,59,59,59,59,59,59,59,59,59,59,59,59,59,75,75,75,75,75,75,75,75,75,75,77,69,71,71,73,73,73,63,65,65,67,67,69,69,71,71,71,71,71,73,77,77,77,77,77,81,81,81,83,87,87,73,75,75,77,77,77,79,81,81,81,97,97,97,101,103,105,105,80,76,76,76,84,86,93,96,96,98,98,98],"gold":312,"neow_bonus":"THREE_ENEMY_KILL","is_daily":false,"chose_seed":false,"campfire_upgraded":17,"win_rate":0.0,"timestamp":1613822042,"path_taken":["M","?","$","?","$","E","R","E","T","R","?","E","M","?","R","BOSS","M","$","?","?","?","M","?","R","T","R","E","M","R","AVR","R","BOSS","M","$","?","?","?","E","R","NM","T","E","?","M","R","?","R","BOSS","M","?","?","?","?","R","E","R","T","M","AVR","E","M","E","R","BOSS","M","?","?","M","M","R","E","M","T","?","E","R","E","M","R","BOSS","M","?","M","?","M","R","E","?","T","?","M","E","M","E","R","BOSS"],"items_purchased_type":["Card","Card","Card","Relic","Card","Card","Card","Card","Relic","Card"],"build_version":"2020-12-22","purchased_purges":6,"victory":false,"max_hp_per_floor":[75,75,75,75,75,75,75,75,75,75,75,75,75,75,75,75,75,75,75,75,75,75,75,75,75,75,75,75,75,75,75,75,75,75,75,75,75,75,75,75,75,75,75,77,79,81,81,83,83,83,63,65,65,67,67,69,69,71,71,71,71,71,73,77,77,77,77,77,81,81,81,83,87,87,89,91,91,93,93,93,95,97,97,97,97,97,97,101,103,105,105,80,86,86,86,88,90,94,96,96,98,98,98],"card_choices":[{"not_picked":["Crystallizer","Panic Button","Rebound"],"picked":"SKIP","floor":1.0},{"not_picked":["Redo","ReplaySort","FIFO Queue"],"picked":"SKIP","floor":6.0},{"not_picked":["Beam Cell","Conserve Battery"],"picked":"Coolheaded","floor":8.0},{"not_picked":["Chaos","Barrage"],"picked":"Hologram","floor":12.0},{"not_picked":["Panic Button","Hologram"],"picked":"Reboot","floor":13.0},{"not_picked":["Coolheaded","Panic Button"],"picked":"Beam Cell","floor":14.0},{"not_picked":["Multi-Cast","Thunder Strike"],"picked":"Seek","floor":16.0},{"not_picked":["Conserve Battery","Gash+1","Lockon"],"picked":"SKIP","floor":18.0},{"not_picked":["Leap","BasicCrystalCard+1","Storm+1"],"picked":"SKIP","floor":23.0},{"not_picked":["Hello World+1","Leap"],"picked":"Glacier","floor":24.0},{"not_picked":["Leap","Static Discharge","Redo"],"picked":"SKIP","floor":28.0},{"not_picked":["Heatsinks","Conserve Battery"],"picked":"Turbo","floor":29.0},{"not_picked":["Fission","Buffer"],"picked":"Machine Learning","floor":33.0},{"not_picked":["Barrage+1","Ball Lightning","Consume"],"picked":"SKIP","floor":35.0},{"not_picked":["Leap+1","Lockon","Gash"],"picked":"SKIP","floor":38.0},{"not_picked":["Reinforced Body+1","Hyperbeam"],"picked":"Streamline+1","floor":40.0},{"not_picked":["Undo","White Noise+1"],"picked":"Mirror Shield","floor":42.0},{"not_picked":["ReplaySolidLightProjector","Gash+1","Steam"],"picked":"Singing Bowl","floor":44.0},{"not_picked":["ReplayTheSpireMod:Brewmster","Dark Shackles","Secret Weapon"],"picked":"Singing Bowl","floor":45.0},{"not_picked":["Metamorphosis","Thinking Ahead"],"picked":"Master of Strategy","floor":45.0},{"not_picked":["Enlightenment","The Bomb"],"picked":"Impatience","floor":45.0},{"not_picked":["White Noise","Stack","ReplayTheSpireMod:GoodbyeWorld+1"],"picked":"Singing Bowl","floor":46.0},{"not_picked":["Lockon","ReplaySort","Compile Driver+1"],"picked":"Singing Bowl","floor":48.0},{"not_picked":["Reboot","Buffer"],"picked":"Mirror Shield","floor":50.0},{"not_picked":["Turbo","Stack","Loop"],"picked":"Singing Bowl","floor":52.0},{"not_picked":["Go for the Eyes","Cold Snap","Rebound"],"picked":"Singing Bowl","floor":54.0},{"not_picked":["Redo","Leap","Coolheaded"],"picked":"Singing Bowl","floor":56.0},{"not_picked":["Scrape","Skim","Sweeping Beam"],"picked":"Singing Bowl","floor":58.0},{"not_picked":["Leap","Barrage"],"picked":"ReplayTheSpireMod:Fabricate Wheel","floor":61.0},{"not_picked":["Steam Power","Lockon","Time Bomb"],"picked":"Singing Bowl","floor":63.0},{"not_picked":["Hologram","FIFO Queue","Beam Cell"],"picked":"Singing Bowl","floor":64.0},{"not_picked":["Barrage","Redo","Thunder Strike"],"picked":"Singing Bowl","floor":64.0},{"not_picked":["Chaos","Skim"],"picked":"Blizzard","floor":65.0},{"not_picked":["Echo Form","Rainbow"],"picked":"All For One","floor":67.0},{"not_picked":["Compile Driver","Leap+1","FTL"],"picked":"Singing Bowl","floor":69.0},{"not_picked":["Ball Lightning","Rebound","Cold Snap"],"picked":"Singing Bowl","floor":69.0},{"not_picked":["Leap","White Noise","Core Surge"],"picked":"Singing Bowl","floor":72.0},{"not_picked":["Rebound+1","Self Repair+1"],"picked":"Turbo","floor":72.0},{"not_picked":["Amplify","Reprogram","FTL"],"picked":"Singing Bowl","floor":73.0},{"not_picked":["Glacier","Go for the Eyes","Heatsinks+1"],"picked":"Singing Bowl","floor":73.0},{"not_picked":["Force Field+1","Redo+1","Fusion+1"],"picked":"Singing Bowl","floor":75.0},{"not_picked":["Force Field+1","Doom and Gloom","Barrage"],"picked":"Singing Bowl","floor":76.0},{"not_picked":["Compile Driver","Streamline"],"picked":"Machine Learning","floor":76.0},{"not_picked":["Amplify+1","Steam+1","Sweeping Beam+1"],"picked":"Singing Bowl","floor":78},{"not_picked":["Rip and Tear","Stack+1"],"picked":"Turbo+1","floor":78},{"not_picked":["Multi-Cast+1","Stack+1","Biased Cognition"],"picked":"SKIP","floor":79},{"not_picked":["ReplaySort+1","Recycle+1","Steam Power+1"],"picked":"Singing Bowl","floor":81},{"not_picked":["BasicCrystalCard+1","Cold Snap+1","Rebound+1"],"picked":"Singing Bowl","floor":82},{"not_picked":["Sweeping Beam+1","Storm"],"picked":"Coolheaded+1","floor":82},{"not_picked":["All For One+1","Rainbow+1"],"picked":"Seek+1","floor":84},{"not_picked":["infinitespire:TheBestDefense","ReplayTheSpireMod:Echoes of Time"],"picked":"infinitespire:Oblivion","floor":85},{"not_picked":["BasicCrystalCard+1","Cold Snap+1"],"picked":"Hologram+1","floor":86},{"not_picked":["Creative AI","BasicCrystalCard+1"],"picked":"Beam Cell+1","floor":86},{"not_picked":["Compile Driver+1","Stack+1","BootSequence+1"],"picked":"Singing Bowl","floor":88},{"not_picked":["Go for the Eyes+1","Leap+1","Beam Cell+1"],"picked":"Singing Bowl","floor":88},{"not_picked":["Stack+1","Rebound+1"],"picked":"Biased Cognition","floor":89},{"not_picked":["Double Energy+1","Beam Cell+1","Steam+1"],"picked":"Singing Bowl","floor":89},{"not_picked":["Static Discharge","Heatsinks"],"picked":"Fission+1","floor":90},{"not_picked":["Sweeping Beam+1","Steam+1","Redo+1"],"picked":"Singing Bowl","floor":90},{"not_picked":["Panic Button+1","Hologram+1","Echo Form"],"picked":"Singing Bowl","floor":92},{"not_picked":["Enlightenment+1","Swift Strike+1","Purity+1"],"picked":"Singing Bowl","floor":93},{"not_picked":["Panacea+1","Discovery+1","Finesse+1"],"picked":"Singing Bowl","floor":93},{"not_picked":["Madness+1","ReplayTheSpireMod:Uncanny Aura+1","Midas Touch+1"],"picked":"Singing Bowl","floor":93},{"not_picked":["ReplayTheSpireMod:System Scan+1","Steam+1"],"picked":"Streamline+1","floor":96},{"not_picked":["Hyperbeam+1","Steam+1","ReplayTheSpireMod:System Scan+1"],"picked":"Singing Bowl","floor":96},{"not_picked":["Loop","Streamline+1","Hyperbeam+1"],"picked":"Singing Bowl","floor":97},{"not_picked":["Rebound+1","Steam+1","Barrage+1"],"picked":"Singing Bowl","floor":98},{"not_picked":["White Noise+1","Conserve Battery+1","Turbo+1"],"picked":"Singing Bowl","floor":98},{"not_picked":["Barrage+1","Hyperbeam+1","Coolheaded+1"],"picked":"Singing Bowl","floor":99},{"not_picked":["Mirror Shield+1","Creative AI","All For One+1"],"picked":"Singing Bowl","floor":101}],"player_experience":210460,"relics_obtained":[{"floor":6.0,"key":"infinitespire:BottledMercury"},{"floor":8.0,"key":"infinitespire:Satchel"},{"floor":9.0,"key":"Lantern"},{"floor":11.0,"key":"ReplayFunnel"},{"floor":12.0,"key":"Vajra"},{"floor":20.0,"key":"Enchiridion"},{"floor":26.0,"key":"Art of War"},{"floor":28.0,"key":"Whetstone"},{"floor":40.0,"key":"Sundial"},{"floor":42.0,"key":"Dream Catcher"},{"floor":43.0,"key":"Singing Bowl"},{"floor":44.0,"key":"infinitespire:Beetle Shell"},{"floor":58.0,"key":"Divine Protection"},{"floor":60.0,"key":"Cables"},{"floor":63.0,"key":"Akabeko"},{"floor":65.0,"key":"Unceasing Top"},{"floor":75.0,"key":"Toxic Egg 2"},{"floor":77.0,"key":"PreservedInsect"},{"floor":79,"key":"Replay:Bottled Eggs"},{"floor":81,"key":"Molten Egg 2"},{"floor":92,"key":"infinitespire:Lychee Nut"},{"floor":94,"key":"Ancient Tea Set"},{"floor":97,"key":"infinitespire:Freezer"},{"floor":99,"key":"Ornamental Fan"}],"event_choices":[{"cards_removed":["Strike_B"],"damage_healed":0.0,"max_hp_gain":0.0,"max_hp_loss":0.0,"gold_gain":0.0,"event_name":"The Cleric","player_choice":"Card Removal","floor":2.0,"gold_loss":50.0,"damage_taken":0.0},{"damage_healed":0.0,"max_hp_gain":0.0,"max_hp_loss":0.0,"gold_gain":0.0,"event_name":"Cursed Tome","player_choice":"Obtained Book","floor":20.0,"gold_loss":0.0,"damage_taken":16.0},{"damage_healed":0.0,"max_hp_gain":0.0,"max_hp_loss":0.0,"gold_gain":0.0,"event_name":"Vampires","player_choice":"Ignored","floor":21.0,"gold_loss":0.0,"damage_taken":0.0},{"damage_healed":0.0,"max_hp_gain":0.0,"max_hp_loss":0.0,"gold_gain":0.0,"event_name":"N\u0027loth","player_choice":"Traded Relic","floor":22.0,"relics_lost":["Vajra"],"gold_loss":0.0,"damage_taken":0.0,"relics_obtained":["Nloth\u0027s Gift"]},{"damage_healed":0.0,"max_hp_gain":0.0,"max_hp_loss":0.0,"gold_gain":0.0,"event_name":"Duplicator","player_choice":"Copied","floor":37.0,"gold_loss":0.0,"damage_taken":0.0,"cards_obtained":["Replay:Dark Deal"]},{"damage_healed":0.0,"max_hp_gain":0.0,"max_hp_loss":0.0,"gold_gain":0.0,"event_name":"betterThird:BetterPortal","player_choice":"Random: Blue","floor":45.0,"gold_loss":0.0,"damage_taken":0.0},{"damage_healed":0.0,"max_hp_gain":0.0,"max_hp_loss":0.0,"gold_gain":0.0,"event_name":"SensoryStone","player_choice":"Memory 3","floor":45.0,"gold_loss":0.0,"damage_taken":10.0},{"damage_healed":0.0,"max_hp_gain":0.0,"max_hp_loss":0.0,"gold_gain":0.0,"event_name":"Transmorgrifier","player_choice":"Ignored","floor":53.0,"gold_loss":0.0,"damage_taken":0.0},{"damage_healed":0.0,"max_hp_gain":0.0,"max_hp_loss":0.0,"gold_gain":0.0,"event_name":"Accursed Blacksmith","player_choice":"Forge","floor":55.0,"gold_loss":0.0,"damage_taken":0.0,"cards_upgraded":["Mirror Shield"]},{"damage_healed":0.0,"max_hp_gain":0.0,"max_hp_loss":0.0,"gold_gain":0.0,"event_name":"Ghosts","player_choice":"Ignored","floor":70.0,"gold_loss":0.0,"damage_taken":0.0},{"damage_healed":0.0,"max_hp_gain":0.0,"max_hp_loss":0.0,"gold_gain":0.0,"event_name":"Wheel of Change","player_choice":"Full Heal","floor":71.0,"gold_loss":0.0,"damage_taken":0.0},{"damage_healed":0,"gold_gain":0,"player_choice":"Random: Orange","damage_taken":0,"max_hp_gain":0,"max_hp_loss":0,"event_name":"betterThird:BetterPortal","floor":87,"gold_loss":0},{"damage_healed":0,"gold_gain":0,"player_choice":"0 cards matched","damage_taken":0,"max_hp_gain":0,"max_hp_loss":0,"event_name":"Match and Keep!","floor":87,"gold_loss":0,"cards_obtained":[]},{"damage_healed":0,"gold_gain":0,"player_choice":"Memory 3","damage_taken":10,"max_hp_gain":0,"max_hp_loss":0,"event_name":"SensoryStone","floor":93,"gold_loss":0},{"cards_removed":["Mirror Shield"],"damage_healed":0,"gold_gain":0,"player_choice":"Removed Skill","damage_taken":0,"max_hp_gain":0,"max_hp_loss":0,"event_name":"Falling","floor":95,"gold_loss":0}],"is_beta":false,"boss_relics":[{"not_picked":["Cursed Key","Replay:Grab Bag"],"picked":"Sozu"},{"not_picked":["Snecko Eye","Replay:Bronze Core","ReplayTheSpireMod:DimensionalGlitch"]},{"not_picked":["Calling Bell","Tiny House"],"picked":"Replay:Drink Me"},{"not_picked":["Black Star","Kintsugi"],"picked":"infinitespire:Cupcake"},{"not_picked":["ReplayTheSpireMod:DimensionalGlitch","bronze:MakeshiftBattery","Runic Pyramid"]},{"not_picked":["Snecko Eye","Replay:Bronze Core"],"picked":"Runic Dome"}],"items_purged_floors":[3,3,5,19,36,36],"is_endless":true,"potions_floor_spawned":[6,13,23,24,28,40,42,44,46,50,58,61,64,72,73,81,82,84,88,92,96,101],"ascension_level":2}}