{"host":"n6qxj7a4gnapjcui","time":1613832520,"event":{"mods":["2.2 Compatiblity","AchievementEnabler","BaseMod","Colored Map","Minty Spire (QoL Compilation)"],"gold_per_floor":[111,124,124,140,158,493,59,59,129,149,183,183,258,292,304,421,433,463,485,497,73,85,85,120,154,154,186,186,210,210,241,241,337,337,350,367,367,383,41,71,83,101,101,126,126,30,43,77,77,77],"floor_reached":51,"language":"POL","playtime":2719,"items_purged":[],"score":1407,"play_id":"ec4e1c11-7c6e-4747-b80a-a9af4253091f","local_time":"20210220154840","is_ascension_mode":true,"campfire_choices":[{"data":"Metallicize","floor":8.0,"key":"SMITH"},{"data":"Armaments","floor":12.0,"key":"SMITH"},{"data":"Disarm","floor":15.0,"key":"SMITH"},{"data":"Immolate","floor":23.0,"key":"SMITH"},{"data":"Flame Barrier","floor":28.0,"key":"SMITH"},{"data":"Infernal Blade","floor":30.0,"key":"SMITH"},{"data":"Rupture","floor":32.0,"key":"SMITH"},{"floor":45,"key":"REST"},{"floor":49,"key":"REST"}],"circlet_count":0,"master_deck":["AscendersBane","Strike_R","Strike_R","Strike_R+1","Strike_R","Strike_R","Defend_R","Defend_R+1","Defend_R+1","Defend_R","Bash","Bloodletting+1","Anger+1","Disarm+1","Uppercut","Metallicize+1","Armaments+1","Offering","Immolate+1","Thunderclap+1","Twin Strike","Rupture+1","Warcry","Infernal Blade+1","Pommel Strike","Flame Barrier+1","Offering","Feed","Spot Weakness+1","Power Through+1","Seeing Red","Apotheosis","Offering","Dropkick","Flame Barrier+1","Clash+1","Seeing Red+1","Shockwave+1"],"relics":["Burning Blood","Old Coin","Lee\u0027s Waffle","Bag of Marbles","Pear","Toy Ornithopter","MawBank","Black Star","MutagenicStrength","Self Forming Clay","Centennial Puzzle","Nunchaku","Red Mask","Ginger","Ancient Tea Set","War Paint","Blood Vial","Dream Catcher","Bottled Tornado","Mark of Pain","Anchor","Oddly Smooth Stone","Matryoshka","Bronze Scales","Ornamental Fan","Strawberry","Whetstone","Art of War","Lantern"],"acts_visited":["Exordium","TheCity","TheBeyond"],"potions_floor_usage":[33,33,33,40,48,50],"damage_taken":[{"damage":7.0,"enemies":"Small Slimes","floor":1.0,"turns":4.0},{"damage":7.0,"enemies":"Jaw Worm","floor":2.0,"turns":3.0},{"damage":4.0,"enemies":"2 Louse","floor":4.0,"turns":3.0},{"damage":14.0,"enemies":"Blue Slaver","floor":5.0,"turns":4.0},{"damage":11.0,"enemies":"Lagavulin","floor":6.0,"turns":4.0},{"damage":4.0,"enemies":"Exordium Thugs","floor":10.0,"turns":5.0},{"damage":14.0,"enemies":"Gremlin Nob","floor":11.0,"turns":4.0},{"damage":16.0,"enemies":"Lagavulin","floor":14.0,"turns":6.0},{"damage":28.0,"enemies":"The Guardian","floor":16.0,"turns":13.0},{"damage":28.0,"enemies":"2 Thieves","floor":18.0,"turns":3.0},{"damage":3.0,"enemies":"Chosen","floor":19.0,"turns":4.0},{"damage":12.0,"enemies":"Snake Plant","floor":22.0,"turns":4.0},{"damage":40.0,"enemies":"Book of Stabbing","floor":24.0,"turns":6.0},{"damage":7.0,"enemies":"Masked Bandits","floor":25.0,"turns":3.0},{"damage":6.0,"enemies":"Slavers","floor":27.0,"turns":1.0},{"damage":5.0,"enemies":"Book of Stabbing","floor":31.0,"turns":3.0},{"damage":55,"enemies":"Champ","floor":33,"turns":7},{"damage":5,"enemies":"Orb Walker","floor":35,"turns":3},{"damage":23,"enemies":"3 Shapes","floor":36,"turns":8},{"damage":15,"enemies":"Jaw Worm Horde","floor":38,"turns":4},{"damage":20,"enemies":"Nemesis","floor":40,"turns":9},{"damage":21,"enemies":"Writhing Mass","floor":41,"turns":4},{"damage":19,"enemies":"3 Darklings","floor":42,"turns":3},{"damage":18,"enemies":"Giant Head","floor":44,"turns":5},{"damage":15,"enemies":"Sphere and 2 Shapes","floor":47,"turns":3},{"damage":15,"enemies":"Reptomancer","floor":48,"turns":1},{"damage":63,"enemies":"Time Eater","floor":50,"turns":9}],"seed_played":"-5706089241841528126","potions_obtained":[{"floor":0.0,"key":"HeartOfIron"},{"floor":0.0,"key":"DistilledChaos"},{"floor":0.0,"key":"Explosive Potion"},{"floor":6.0,"key":"FearPotion"},{"floor":11.0,"key":"Strength Potion"},{"floor":14.0,"key":"GamblersBrew"},{"floor":16.0,"key":"Swift Potion"},{"floor":24.0,"key":"DistilledChaos"},{"floor":25.0,"key":"Block Potion"},{"floor":27.0,"key":"BlessingOfTheForge"},{"floor":36,"key":"DistilledChaos"},{"floor":42,"key":"LiquidMemories"},{"floor":44,"key":"Strength Potion"}],"is_trial":false,"path_per_floor":["M","M","?","M","M","E","$","R","T","M","E","R","?","E","R","B",null,"M","M","?","$","M","R","E","?","T","E","R","T","R","E","R","B",null,"M","M","?","M","$","E","M","M","T","E","R","$","M","E","R","B",null],"character_chosen":"IRONCLAD","items_purchased":["Lee\u0027s Waffle","Bag of Marbles","Metallicize","Strength Potion","Rupture","Self Forming Clay","Fire Potion","SteroidPotion","SpeedPotion","Anchor","Seeing Red","Apotheosis","FairyPotion"],"campfire_rested":2,"item_purchase_floors":[7,7,7,7,21,21,21,21,21,39,39,39,46],"current_hp_per_floor":[71,70,70,72,64,59,87,87,97,97,89,89,78,73,73,56,87,65,73,73,73,67,67,38,37,37,42,42,42,42,45,45,13,76,79,64,64,57,57,50,37,26,26,23,54,54,47,45,76,26],"gold":77,"neow_bonus":"THREE_SMALL_POTIONS","is_daily":false,"chose_seed":false,"campfire_upgraded":7,"win_rate":0.0,"timestamp":1613832520,"path_taken":["M","M","?","M","M","E","$","R","T","M","E","R","?","E","R","BOSS","M","M","?","$","M","R","E","?","T","E","R","?","R","E","R","BOSS","M","M","?","M","$","E","M","M","T","E","R","$","M","E","R","BOSS"],"items_purchased_type":["Relic","Relic","Card","Potion","Card","Relic","Potion","Potion","Potion","Relic","Card","Card","Potion"],"build_version":"2020-12-22","purchased_purges":0,"victory":true,"max_hp_per_floor":[80,80,80,80,80,80,87,87,97,97,97,97,97,97,97,97,97,97,97,97,97,97,97,97,97,97,97,97,97,97,97,97,97,97,97,97,97,97,97,97,97,97,97,104,104,104,104,104,104,104],"card_choices":[{"not_picked":["Metallicize","Warcry"],"picked":"Bloodletting","floor":1.0},{"not_picked":["Whirlwind","Sever Soul"],"picked":"Anger","floor":2.0},{"not_picked":["Body Slam","Sever Soul"],"picked":"Disarm","floor":4.0},{"not_picked":["Clothesline","Shockwave"],"picked":"Uppercut","floor":5.0},{"not_picked":["Combust","Clash","Clothesline"],"picked":"SKIP","floor":6.0},{"not_picked":["Flex","Blood for Blood"],"picked":"Armaments","floor":10.0},{"not_picked":["Exhume","Pommel Strike"],"picked":"Offering","floor":11.0},{"not_picked":["Rupture","Heavy Blade"],"picked":"Cleave","floor":14.0},{"not_picked":["Feed","Juggernaut"],"picked":"Immolate","floor":16.0},{"not_picked":["Cleave","Perfected Strike"],"picked":"Thunderclap+1","floor":18.0},{"not_picked":["Armaments+1","Shrug It Off"],"picked":"Twin Strike","floor":19.0},{"not_picked":["Reckless Charge","Perfected Strike"],"picked":"Warcry","floor":22.0},{"not_picked":["Clash","Headbutt"],"picked":"Infernal Blade","floor":24.0},{"not_picked":["Second Wind","Fiend Fire"],"picked":"Pommel Strike","floor":25.0},{"not_picked":["Sword Boomerang","Infernal Blade"],"picked":"Flame Barrier","floor":27.0},{"not_picked":["Cleave","Dark Embrace+1"],"picked":"Offering","floor":31.0},{"not_picked":["Impervious","Demon Form"],"picked":"Feed","floor":33},{"not_picked":["Carnage+1","Wild Strike+1","Body Slam"],"picked":"SKIP","floor":35},{"not_picked":["Intimidate","Dropkick+1"],"picked":"Spot Weakness+1","floor":36},{"not_picked":["Entrench","Shrug It Off+1"],"picked":"Power Through+1","floor":38},{"not_picked":["Clash+1","Searing Blow"],"picked":"Offering","floor":40},{"not_picked":["Warcry","Heavy Blade+1"],"picked":"Dropkick","floor":41},{"not_picked":["Infernal Blade","Sever Soul"],"picked":"Flame Barrier+1","floor":42},{"not_picked":["Thunderclap","Rampage+1"],"picked":"Clash+1","floor":44},{"not_picked":["Headbutt+1","Shrug It Off"],"picked":"Seeing Red+1","floor":47},{"not_picked":["Perfected Strike","Impervious"],"picked":"Shockwave+1","floor":48}],"player_experience":333411,"relics_obtained":[{"floor":6.0,"key":"Old Coin"},{"floor":9.0,"key":"Pear"},{"floor":11.0,"key":"Toy Ornithopter"},{"floor":14.0,"key":"MawBank"},{"floor":24.0,"key":"Centennial Puzzle"},{"floor":24.0,"key":"Nunchaku"},{"floor":25.0,"key":"Red Mask"},{"floor":26.0,"key":"Ginger"},{"floor":27.0,"key":"Ancient Tea Set"},{"floor":27.0,"key":"War Paint"},{"floor":29.0,"key":"Blood Vial"},{"floor":31.0,"key":"Dream Catcher"},{"floor":31.0,"key":"Bottled Tornado"},{"floor":40,"key":"Oddly Smooth Stone"},{"floor":40,"key":"Matryoshka"},{"floor":43,"key":"Bronze Scales"},{"floor":43,"key":"Ornamental Fan"},{"floor":44,"key":"Strawberry"},{"floor":44,"key":"Whetstone"},{"floor":48,"key":"Art of War"},{"floor":48,"key":"Lantern"}],"event_choices":[{"damage_healed":0.0,"max_hp_gain":0.0,"max_hp_loss":0.0,"gold_gain":0.0,"event_name":"Living Wall","player_choice":"Grow","floor":3.0,"gold_loss":0.0,"damage_taken":0.0,"cards_upgraded":["Bloodletting"]},{"damage_healed":0.0,"max_hp_gain":0.0,"max_hp_loss":0.0,"gold_gain":75.0,"event_name":"World of Goop","player_choice":"Gather Gold","floor":13.0,"gold_loss":0.0,"damage_taken":11.0},{"damage_healed":0.0,"max_hp_gain":0.0,"max_hp_loss":0.0,"gold_gain":0.0,"event_name":"Drug Dealer","player_choice":"Inject Mutagens","floor":20.0,"gold_loss":0.0,"damage_taken":0.0,"relics_obtained":["MutagenicStrength"]},{"damage_healed":0.0,"max_hp_gain":0.0,"max_hp_loss":0.0,"gold_gain":0.0,"event_name":"Masked Bandits","player_choice":"Fought Bandits","floor":25.0,"gold_loss":0.0,"damage_taken":0.0},{"cards_removed":["Cleave"],"damage_healed":0,"gold_gain":0,"player_choice":"Removed Attack","damage_taken":0,"max_hp_gain":0,"max_hp_loss":0,"event_name":"Falling","floor":37,"gold_loss":0}],"is_beta":false,"boss_relics":[{"not_picked":["Busted Crown","Tiny House"],"picked":"Black Star"},{"not_picked":["Pandora\u0027s Box","Philosopher\u0027s Stone"],"picked":"Mark of Pain"}],"items_purged_floors":[],"is_endless":false,"potions_floor_spawned":[5,6,11,14,16,24,25,27,36,42,44],"ascension_level":10}}