{"host":"u21q392b5xaj11fl","time":1613785754,"event":{"mods":["2.2 Compatiblity","Bard","BaseMod","Better Note","Colored Map","Colored Powertips","Conspire","Custom Start","Downfall","Faster Ascension Climbing","GifTheSpireLib","Gremlin Skip","Highlight Path","Hubris","Infinite Spire","Mad Scientist","Marisa????????","Mimic Mod","Minty Spire (QoL Compilation)","Monster B Gone","Permanent Neow","Potionbrewer","Quick Restart","READ ME - Guardian Mod","Relic Sorter","Replay The Spire","Shop Mod","Somnambulant","StSLib","Stuff the Spire","SuperFastMode","The Construct","The Disciple","The Servant 0.9.4"],"gold_per_floor":[114,289,108,133,159,200,200,233,233,260,260,278,278,278,278,361,361,389,389,407,407,430,430,472,472,472,515,125,125,125,125,125],"floor_reached":30,"language":"ENG","playtime":1660,"items_purged":["Doubt","hexamod:Strike"],"score":469,"play_id":"a764b8b1-9483-47dc-896e-f17cb64198ab","local_time":"20210219194914","is_ascension_mode":true,"campfire_choices":[{"floor":7.0,"key":"REST"},{"floor":11.0,"key":"REST"},{"data":"hexamod:Incineration","floor":13.0,"key":"SMITH"},{"data":"hexamod:Float","floor":15.0,"key":"SMITH"},{"floor":23.0,"key":"REST"},{"floor":25.0,"key":"REST"}],"circlet_count":0,"master_deck":["AscendersBane","hexamod:Strike+1","hexamod:Strike","hexamod:Defend","hexamod:Defend","hexamod:Defend","hexamod:Defend","hexamod:Sear","hexamod:Float+1","hexamod:Firestarter","hexamod:SecondSeal","hexamod:Incineration+1","hexamod:DynamicBlow","hexamod:Hexaguard+1","hexamod:PowerFromBeyond","hexamod:FastForward+1","hexamod:FlamesFromBeyond+1","hexamod:SixthSeal","hexamod:VolcanoVisage","AbeCurse","hexamod:Hexaguard+1","hexamod:GhostOfSpirePresent","hexamod:ExtraCrispy+1","hexamod:NightmareStrike+1","ReplayTheSpireMod:Private Reserves"],"relics":["hexamod:SpiritBrand","Anchor","StuffTheSpire:Tea","hubris:PeanutButter","Abe\u0027s Treasure","Orichalcum","Replay:Ringing Soul","infinitespire:CheckeredPen","ReplayTheSpireMod:Ninjato","Replay:Rubber Ducky","Nloth\u0027s Gift"],"acts_visited":["Exordium","TheCity"],"potions_floor_usage":[30],"damage_taken":[{"damage":3.0,"enemies":"Small Slimes","floor":1.0,"turns":3.0},{"damage":9.0,"enemies":"2 Louse","floor":4.0,"turns":4.0},{"damage":0.0,"enemies":"Cultist","floor":5.0,"turns":3.0},{"damage":23.0,"enemies":"Gremlin Nob","floor":6.0,"turns":4.0},{"damage":32.0,"enemies":"3 Sentries","floor":8.0,"turns":10.0},{"damage":0.0,"enemies":"Looter","floor":10.0,"turns":3.0},{"damage":0.0,"enemies":"3 Louse","floor":12.0,"turns":3.0},{"damage":18.0,"enemies":"Hexaghost","floor":16.0,"turns":9.0},{"damage":4.0,"enemies":"Spheric Guardian","floor":18.0,"turns":4.0},{"damage":4.0,"enemies":"2 Thieves","floor":20.0,"turns":4.0},{"damage":9.0,"enemies":"Snecko","floor":22.0,"turns":6.0},{"damage":35.0,"enemies":"Book of Stabbing","floor":24.0,"turns":6.0},{"damage":21.0,"enemies":"Slavers","floor":27.0,"turns":5.0},{"damage":46,"enemies":"Gremlin Leader","floor":30,"turns":6}],"seed_played":"-4546736029932896550","potions_obtained":[{"floor":4.0,"key":"Guardian:BlockOnCardUsePotion"},{"floor":16.0,"key":"potionbrewer:CleansingPotion"},{"floor":18.0,"key":"potionbrewer:EndurancePotion"},{"floor":22.0,"key":"Block Potion"},{"floor":27.0,"key":"Dexterity Potion"}],"is_trial":false,"path_per_floor":["M","?","$","M","M","E","R","E","T","M","R","M","R","?","R","B",null,"M","?","M","AVR","M","R","E","R","T","E","$","?","E"],"character_chosen":"THE_SPIRIT","items_purchased":["hexamod:SecondSeal","hexamod:Incineration","Replay:Rubber Ducky","ReplayTheSpireMod:Private Reserves","Happy Flower"],"campfire_rested":4,"item_purchase_floors":[3,3,28,28,28],"current_hp_per_floor":[51,51,51,42,42,19,41,9,9,9,31,31,31,31,31,13,60,56,56,52,52,43,65,30,52,52,31,34,34,0,0,0],"gold":125,"neow_bonus":"TWENTY_PERCENT_HP_BONUS","is_daily":false,"chose_seed":false,"campfire_upgraded":2,"win_rate":0.0,"timestamp":1613785754,"path_taken":["M","?","$","M","M","E","R","E","T","M","R","M","R","?","R","BOSS","M","?","M","AVR","M","R","E","R","T","E","$","?","E"],"items_purchased_type":["Card","Card","Relic","Card","Relic"],"build_version":"2020-12-22","purchased_purges":2,"victory":false,"max_hp_per_floor":[75,75,75,75,75,75,75,75,75,75,75,75,75,75,75,75,75,75,75,75,75,75,75,75,75,75,75,78,78,78,78,78],"card_choices":[{"not_picked":["hexamod:NightmareGuise","hexamod:Hexaguard"],"picked":"hexamod:Firestarter","floor":1.0},{"not_picked":["hexamod:ChargedBarrage","hexamod:SwordOfDarkness"],"picked":"hexamod:DynamicBlow","floor":4.0},{"not_picked":["hexamod:SuperheatedStrike","hexamod:ThermalTransfer","hexamod:ParanormalForm"],"picked":"SKIP","floor":5.0},{"not_picked":["hexamod:Haunt","hexamod:InspiringFlames"],"picked":"hexamod:Hexaguard","floor":6.0},{"not_picked":["hexamod:GiftsFromTheDead","hexamod:NecessarySacrifice"],"picked":"hexamod:PowerFromBeyond","floor":8.0},{"not_picked":["hexamod:SuperheatedStrike","hexamod:GhostOfSpireFuture","hexamod:SkipABeat"],"picked":"SKIP","floor":10.0},{"not_picked":["hexamod:RadiantFlame","hexamod:AdvancingGuard"],"picked":"hexamod:FastForward","floor":12.0},{"not_picked":["hexamod:HexaLevel","hexamod:UnleashSpirits"],"picked":"hexamod:VolcanoVisage","floor":16.0},{"not_picked":["hexamod:CatchUp","hexamod:FlamesFromBeyond"],"picked":"hexamod:Hexaguard","floor":18.0},{"not_picked":["hexamod:CatchUp","hexamod:HeatMetal"],"picked":"hexamod:ExtraCrispy+1","floor":20.0},{"not_picked":["hexamod:CatchUp","hexamod:SuperheatedStrike"],"picked":"hexamod:NightmareStrike+1","floor":22.0},{"not_picked":["hexamod:BurningTouch","hexamod:GhostLash","hexamod:BacktrackSmack"],"picked":"SKIP","floor":24.0},{"not_picked":["hexamod:DynamicBlow","hexamod:TurnItUp","hexamod:Rewind"],"picked":"SKIP","floor":27.0}],"player_experience":321833,"relics_obtained":[{"floor":6.0,"key":"Anchor"},{"floor":8.0,"key":"StuffTheSpire:Tea"},{"floor":9.0,"key":"hubris:PeanutButter"},{"floor":24.0,"key":"Replay:Ringing Soul"},{"floor":26.0,"key":"infinitespire:CheckeredPen"},{"floor":27.0,"key":"ReplayTheSpireMod:Ninjato"}],"event_choices":[{"damage_healed":0.0,"max_hp_gain":0.0,"max_hp_loss":0.0,"gold_gain":175.0,"event_name":"Liars Game","player_choice":"AGREE","floor":2.0,"gold_loss":0.0,"damage_taken":0.0,"cards_obtained":["Doubt"]},{"damage_healed":0.0,"max_hp_gain":0.0,"max_hp_loss":0.0,"gold_gain":0.0,"event_name":"Match and Keep!","player_choice":"2 cards matched","floor":14.0,"gold_loss":0.0,"damage_taken":0.0,"cards_obtained":["hexamod:FlamesFromBeyond","hexamod:SixthSeal"]},{"damage_healed":0.0,"max_hp_gain":0.0,"max_hp_loss":0.0,"gold_gain":0.0,"cards_transformed":["hexamod:Strike"],"event_name":"Transmorgrifier","player_choice":"Transformed","floor":19.0,"gold_loss":0.0,"damage_taken":0.0,"cards_obtained":["hexamod:GhostOfSpirePresent"]},{"damage_healed":0.0,"max_hp_gain":0.0,"max_hp_loss":0.0,"gold_gain":0.0,"event_name":"N\u0027loth","player_choice":"Traded Relic","floor":29.0,"relics_lost":["Happy Flower"],"gold_loss":0.0,"damage_taken":0.0,"relics_obtained":["Nloth\u0027s Gift"]}],"is_beta":false,"boss_relics":[{"not_picked":["Tiny House","infinitespire:Cupcake"],"picked":"Abe\u0027s Treasure"}],"items_purged_floors":[3,21],"is_endless":false,"potions_floor_spawned":[4,16,18,22,27],"killed_by":"Gremlin Leader","ascension_level":14}}