{"host":"x730sfaw5rd1mxd8","time":1613862542,"event":{"mods":["BaseMod","BetterRewards","Colored Powertips","Downfall","Highlight Path","Minty Spire (QoL Compilation)","Relic Sorter","Relic Stats","Replay The Spire","StSLib"],"gold_per_floor":[99,116,127,143,159,186,186,186,86,117,117,117,117,131,142,239,239,239,253,270,285,285,285,353,253,287,287,287,287,287,302,302,316,326,431,431,331,343,355,369,279,313,340,356,356,386,94,113,113,130,150,150,150,185,20,20,20,20],"floor_reached":59,"language":"ENG","playtime":4926,"items_purged":["Slimebound:Defend_Slimebound","Slimebound:MinionMaster","Slimebound:OozeBath"],"score":1361,"play_id":"f7b0232e-cec8-45ec-9b7a-4335b8483684","local_time":"20210220180902","is_ascension_mode":true,"campfire_choices":[{"data":"Slimebound:Split","floor":1,"key":"SMITH"},{"data":"Slimebound:Teamwork","floor":9,"key":"SMITH"},{"data":"Slimebound:RainOfGoop","floor":11,"key":"SMITH"},{"data":"Slimebound:RainOfGoop","floor":13,"key":"SMITH"},{"data":"Slimebound:DuplicatedForm","floor":18,"key":"SMITH"},{"data":"Slimebound:AcidTongue","floor":23,"key":"SMITH"},{"data":"Slimebound:Prepare","floor":25,"key":"SMITH"},{"data":"Slimebound:MegaLick","floor":28,"key":"SMITH"},{"floor":32,"key":"RECALL"},{"data":"Slimebound:SelfFormingGoo","floor":37,"key":"SMITH"},{"floor":49,"key":"REST"},{"data":"Slimebound:Grow","floor":56,"key":"SMITH"}],"circlet_count":0,"master_deck":["Slimebound:Tackle","Slimebound:Defend_Slimebound","Slimebound:Defend_Slimebound","Slimebound:Split+1","Slimebound:CorrosiveSpit+1","Slimebound:SplitBruiser","Slimebound:Equalize","Slimebound:Teamwork+1","Slimebound:RainOfGoop+1","Slimebound:RainOfGoop+1","Slimebound:Prepare+1","Slimebound:DuplicatedForm+1","Slimebound:SplitAcid+1","Slimebound:Recycling+1","Slimebound:SplitBruiser+1","Slimebound:ViciousTackle","Slimebound:HauntingLick+1","Slimebound:AcidTongue+1","Slimebound:MegaLick+1","Slimebound:ProtectTheBoss","Slimebound:LivingWall+1","Slimebound:Grow+1","Slimebound:SelfFormingGoo+1","Slimebound:GoopSpray+1","Slimebound:SplitAcid+1","Slimebound:SlimeSpikes+1","Slimebound:LeechingTouch","Slimebound:Equalize+1"],"relics":["Slimebound:AbsorbEndCombat","Garlic","downfall:HeartBlessingGreen","Gremlin Horn","Astrolabe","downfall:RedIOU","downfall:HeartBlessingBlue","Replay:Wax Seal","Busted Crown","downfall:HeartBlessingRed","Sundial","Potion Belt","ReplayTheSpireMod:Shallot","Divine Protection","Membership Card","Turnip","TheAbacus"],"acts_visited":["Exordium","TheCity","TheBeyond","TheEnding"],"potions_floor_usage":[21,34,34,34,35,35,35,52,57,58,58,58,58],"damage_taken":[{"damage":2,"enemies":"Small Slimes","floor":2,"turns":3},{"damage":1,"enemies":"Jaw Worm","floor":3,"turns":3},{"damage":0,"enemies":"2 Louse","floor":4,"turns":2},{"damage":6,"enemies":"Red Slaver","floor":5,"turns":3},{"damage":21,"enemies":"Lagavulin","floor":6,"turns":7},{"damage":0,"enemies":"Replay:BlueRogue","floor":10,"turns":4},{"damage":0,"enemies":"Blue Slaver","floor":14,"turns":2},{"damage":0,"enemies":"3 Louse","floor":15,"turns":2},{"damage":14,"enemies":"WA_ARCHETYPE_RETAIN","floor":16,"turns":6},{"damage":32,"enemies":"downfall:LooterAlt2","floor":19,"turns":6},{"damage":4,"enemies":"Shell Parasite","floor":20,"turns":2},{"damage":24,"enemies":"Snecko","floor":21,"turns":3},{"damage":15,"enemies":"Replay:Snechameleon","floor":26,"turns":3},{"damage":17,"enemies":"Centurion and Healer","floor":31,"turns":4},{"damage":15,"enemies":"Cultist and Chosen","floor":33,"turns":4},{"damage":33,"enemies":"Sentry and Sphere","floor":34,"turns":7},{"damage":18,"enemies":"IC_MUSHROOM_ARCHETYPE","floor":35,"turns":5},{"damage":23,"enemies":"Orb Walker","floor":38,"turns":3},{"damage":6,"enemies":"3 Darklings","floor":39,"turns":4},{"damage":28,"enemies":"4 Shapes","floor":40,"turns":7},{"damage":15,"enemies":"downfall:FleeingMerchant","floor":41,"turns":4},{"damage":15,"enemies":"Nemesis","floor":42,"turns":7},{"damage":31,"enemies":"Spire Growth","floor":44,"turns":4},{"damage":42,"enemies":"Reptomancer","floor":46,"turns":6},{"damage":0,"enemies":"downfall:FleeingMerchant","floor":47,"turns":4},{"damage":21,"enemies":"Transient","floor":48,"turns":5},{"damage":0,"enemies":"Jaw Worm Horde","floor":50,"turns":5},{"damage":8,"enemies":"3 Darklings","floor":51,"turns":6},{"damage":75,"enemies":"DF_ARCHETYPE_ORBS","floor":52,"turns":8},{"damage":7,"enemies":"downfall:CharBossMerchant","floor":54,"turns":5},{"damage":13,"enemies":"downfall:NeowBoss","floor":57,"turns":18},{"damage":66,"enemies":"downfall:NeowBossFinal","floor":58,"turns":11}],"seed_played":"4911249355398590802","potions_obtained":[{"floor":4,"key":"EssenceOfSteel"},{"floor":10,"key":"LiquidBronze"},{"floor":15,"key":"Swift Potion"},{"floor":27,"key":"EntropicBrew"},{"floor":27,"key":"DistilledChaos"},{"floor":27,"key":"Energy Potion"},{"floor":35,"key":"Guardian:BlockOnCardUsePotion"},{"floor":38,"key":"LiquidBronze"},{"floor":44,"key":"Doom Potion"},{"floor":48,"key":"LiquidMemories"},{"floor":50,"key":"ColorlessPotion"},{"floor":51,"key":"Dexterity Potion"}],"is_trial":false,"path_per_floor":["R","M","M","M","M","E","T","?","R","E","R","?","R","M","M","B",null,"R","M","M","M","?","R","T","R","E","?","R","PTL","PTL","M","R","M","M","B",null,"R","M","M","M","$","E","T","M","?","E","$","M","R","M","M","B",null,"E","$","R","B","B",null],"character_chosen":"SLIMEBOUND","items_purchased":["Membership Card","Slimebound:OozeBath","TheAbacus","Swift Potion"],"campfire_rested":1,"item_purchase_floors":[47,47,55,55],"current_hp_per_floor":[65,65,65,65,63,55,55,55,55,65,65,65,65,65,65,56,65,65,50,48,41,41,41,41,51,53,53,53,53,53,55,55,57,47,56,75,75,73,75,70,75,75,75,65,65,46,52,56,75,75,75,41,75,75,75,75,72,49],"gold":20,"neow_bonus":"UPGRADE_CARD","is_daily":false,"chose_seed":false,"campfire_upgraded":10,"win_rate":0.0,"timestamp":1613862542,"path_taken":["R","M","M","M","M","E","T","?","R","E","R","?","R","M","M","BOSS","R","M","M","M","?","R","T","R","E","?","R","PTL","PTL","M","R","?","M","BOSS","R","M","M","M","$","E","T","M","?","E","$","M","R","M","M","BOSS","E","$","R","BOSS","BOSS"],"items_purchased_type":["Relic","Card","Relic","Potion"],"build_version":"2020-12-22","purchased_purges":3,"victory":true,"max_hp_per_floor":[65,65,65,65,65,65,65,65,65,65,65,65,65,65,65,65,65,65,65,65,65,65,65,65,75,75,75,75,75,75,75,75,75,75,75,75,75,75,75,75,75,75,75,75,75,75,75,75,75,75,75,75,75,75,75,75,75,75],"relic_stats":{"Busted Crown":24,"TheAbacus":[48],"Gremlin Horn":[24,24],"counters":[32,158],"Sundial":[10],"Astrolabe":["Slimebound:SplitAcid","Slimebound:Recycling","Slimebound:SplitBruiser"],"Turnip":[9],"obtain_stats":[{"Potion Belt":43,"Divine Protection":46,"Gremlin Horn":10,"downfall:HeartBlessingRed":37,"Astrolabe":17,"downfall:HeartBlessingGreen":9,"The Courier":7,"downfall:BrokenWingStatue":12,"Busted Crown":36,"TheAbacus":55,"ReplayTheSpireMod:Shallot":45,"downfall:HeartBlessingBlue":25,"Sundial":42,"downfall:RedIOU":22,"Turnip":54,"Slimebound:AbsorbEndCombat":0,"Garlic":6,"Membership Card":47,"Replay:Wax Seal":26},{"Potion Belt":22,"Divine Protection":24,"Gremlin Horn":6,"downfall:HeartBlessingRed":17,"Astrolabe":9,"downfall:HeartBlessingGreen":5,"The Courier":5,"downfall:BrokenWingStatue":6,"Busted Crown":17,"TheAbacus":30,"ReplayTheSpireMod:Shallot":23,"downfall:HeartBlessingBlue":12,"Sundial":22,"downfall:RedIOU":12,"Turnip":30,"Slimebound:AbsorbEndCombat":0,"Garlic":5,"Membership Card":25,"Replay:Wax Seal":13},{"Potion Belt":88,"Divine Protection":98,"Gremlin Horn":21,"downfall:HeartBlessingRed":63,"Astrolabe":31,"downfall:HeartBlessingGreen":17,"The Courier":17,"downfall:BrokenWingStatue":21,"Busted Crown":63,"TheAbacus":130,"ReplayTheSpireMod:Shallot":92,"downfall:HeartBlessingBlue":41,"Sundial":88,"downfall:RedIOU":41,"Turnip":130,"Slimebound:AbsorbEndCombat":0,"Garlic":17,"Membership Card":102,"Replay:Wax Seal":44}]},"card_choices":[{"not_picked":["Slimebound:LeechingTouch","Slimebound:ComboTackle"],"picked":"Slimebound:SplitBruiser","floor":2},{"not_picked":["Slimebound:SplitBruiser","Slimebound:FinishingTackle"],"picked":"Slimebound:Equalize","floor":3},{"not_picked":["Slimebound:FlameTackle","Slimebound:ForwardTackle"],"picked":"Slimebound:Teamwork","floor":4},{"not_picked":["Slimebound:Recollect","Slimebound:FinishingTackle","Slimebound:LeechingTouch"],"picked":"SKIP","floor":5},{"not_picked":["Slimebound:GoopSpray","Slimebound:GoopTackle"],"picked":"Slimebound:RainOfGoop","floor":6},{"not_picked":["Slimebound:SplitAcid","Slimebound:ServeAndProtect"],"picked":"Slimebound:RainOfGoop","floor":10},{"not_picked":["Slimebound:DivideAndConquer","Slimebound:SamplingLick"],"picked":"Slimebound:Prepare","floor":14},{"not_picked":["Slimebound:Chomp","Slimebound:ComboTackle"],"picked":"Slimebound:MinionMaster","floor":15},{"not_picked":["Slimebound:LeechLife","Slimebound:MassFeed"],"picked":"Slimebound:DuplicatedForm","floor":16},{"not_picked":["Slimebound:SamplingLick","Slimebound:RollThrough"],"picked":"Slimebound:ViciousTackle","floor":19},{"not_picked":["Slimebound:SlimeSpikes","Slimebound:PressTheAttack"],"picked":"Slimebound:HauntingLick+1","floor":20},{"not_picked":["Slimebound:SplitBruiser","Slimebound:LeechEnergy"],"picked":"Slimebound:AcidTongue","floor":21},{"not_picked":["Slimebound:ServeAndProtect","Slimebound:GoopSpray"],"picked":"Slimebound:MegaLick","floor":26},{"not_picked":["Slimebound:FlameTackle","Slimebound:Chomp"],"picked":"Slimebound:ProtectTheBoss","floor":31},{"not_picked":["Slimebound:Schlurp","Slimebound:SamplingLick+1"],"picked":"Slimebound:LivingWall+1","floor":33},{"not_picked":["Slimebound:SpikyOuterGoop","Slimebound:FlameTackle"],"picked":"Slimebound:Grow","floor":34},{"not_picked":["Slimebound:RallyTheTroops","Slimebound:Darklings"],"picked":"Slimebound:SelfFormingGoo","floor":35},{"not_picked":["Slimebound:SlimeBrawl+1"],"picked":"SKIP","floor":38},{"not_picked":["Slimebound:Chomp+1"],"picked":"SKIP","floor":39},{"not_picked":["Slimebound:ForwardTackle"],"picked":"SKIP","floor":40},{"not_picked":[],"picked":"Slimebound:GoopSpray+1","floor":41},{"not_picked":[],"picked":"Slimebound:SplitAcid+1","floor":42},{"not_picked":["Slimebound:RollThrough"],"picked":"SKIP","floor":44},{"not_picked":["Slimebound:SamplingLick"],"picked":"SKIP","floor":46},{"not_picked":[],"picked":"Slimebound:SlimeSpikes+1","floor":47},{"not_picked":[],"picked":"Slimebound:LeechingTouch","floor":48},{"not_picked":[],"picked":"Slimebound:Equalize+1","floor":50},{"not_picked":["Slimebound:SlimeSpikes"],"picked":"SKIP","floor":51},{"not_picked":["Slimebound:WasteNot"],"picked":"SKIP","floor":54}],"player_experience":4243159,"relics_obtained":[{"floor":6,"key":"Garlic"},{"floor":7,"key":"The Courier"},{"floor":10,"key":"Gremlin Horn"},{"floor":26,"key":"Replay:Wax Seal"},{"floor":42,"key":"Sundial"},{"floor":43,"key":"Potion Belt"},{"floor":45,"key":"ReplayTheSpireMod:Shallot"},{"floor":46,"key":"Divine Protection"},{"floor":54,"key":"Turnip"}],"event_choices":[{"cards_removed":["Slimebound:Strike_Slimebound"],"damage_healed":0,"gold_gain":0,"player_choice":"Card Removal","damage_taken":0,"max_hp_gain":0,"max_hp_loss":0,"event_name":"The Cleric","floor":8,"gold_loss":0},{"damage_healed":0,"gold_gain":0,"player_choice":"Got Potions","damage_taken":0,"max_hp_gain":0,"max_hp_loss":0,"event_name":"Lab","floor":27,"gold_loss":0}],"is_beta":false,"boss_relics":[{"not_picked":["Replay:Wanted Poster","Replay:Ancient Bell"],"picked":"Astrolabe"},{"not_picked":["Honey Jar","Velvet Choker"],"picked":"Busted Crown"}],"items_purged_floors":[41,47,55],"is_endless":false,"potions_floor_spawned":[4,10,15,16,19,20,31,33,35,38,44,48,50,51],"ascension_level":1}}