{"host":"cjhtzh7tp54jdfyv","time":1613790971,"event":{"mods":["AchievementEnabler","BaseMod","Colored Map","Colored Powertips","Curses Come First","DeckTracker","Filter the Spire","Minty Spire (QoL Compilation)","RNG Fix","Relic Sorter","Relic Stats","StSLib","UnlockEverythingMod","ojb\u0027s Better Paths Mod","ojb\u0027s Info Mod"],"gold_per_floor":[99,99,53,53,53,53,53,53,53,53,53,53,53,53,53,53,53,53,13,13,13,13,13,13,13,13,13,13,13,13,13,13,13,13,13,13,13,13,13,13,13,13,13,13,13,13,13,13,13,13,13,13,13,13,13,13,13],"floor_reached":56,"language":"ENG","playtime":5851,"items_purged":[],"score":2207,"play_id":"cc1dadfa-fef0-4d32-aa86-dcb07dfc984f","local_time":"20210219221611","is_ascension_mode":true,"campfire_choices":[{"data":"Eruption","floor":11,"key":"SMITH"},{"data":"CrushJoints","floor":15,"key":"SMITH"},{"floor":24,"key":"DIG"},{"data":"Scrawl","floor":27,"key":"SMITH"},{"floor":30,"key":"REST"},{"data":"Adaptation","floor":32,"key":"SMITH"},{"floor":42,"key":"RECALL"},{"floor":47,"key":"REST"},{"floor":49,"key":"REST"},{"floor":53,"key":"DIG"}],"circlet_count":0,"master_deck":["AscendersBane","Strike_P+1","Strike_P+1","Strike_P+1","Strike_P+1","Defend_P+1","Defend_P+1","Eruption+1","Vigilance","CrushJoints+1","FlurryOfBlows","CutThroughFate+1","Adaptation+1","FearNoEvil+1","TalkToTheHand+1","Sanctity+1","Scrawl+1","JustLucky+1","ThirdEye+1","Eruption+1","FlurryOfBlows+1","Weave+1","FollowUp+1","Halt+1","Tantrum+1","LessonLearned+1","DeceiveReality+1","Madness+1","Madness+1","TalkToTheHand+1","Finesse+1","PanicButton","Deep Breath","TalkToTheHand+1","Sanctity+1","LessonLearned+1","CrushJoints+1","DeusExMachina","CutThroughFate+1","Wireheading"],"relics":["Ectoplasm","Kunai","Shovel","Blood Vial","VioletLotus","MutagenicStrength","Molten Egg 2","Dream Catcher","Blue Candle","Fusion Hammer","Pocketwatch","Centennial Puzzle","Oddly Smooth Stone","Damaru","Happy Flower","Ornamental Fan","Strawberry"],"acts_visited":["Exordium","TheCity","TheBeyond","TheEnding"],"potions_floor_usage":[6,8,18,23,29,39,50],"damage_taken":[{"damage":0,"enemies":"Jaw Worm","floor":1,"turns":2},{"damage":0,"enemies":"2 Louse","floor":2,"turns":3},{"damage":0,"enemies":"Small Slimes","floor":4,"turns":2},{"damage":0,"enemies":"Looter","floor":5,"turns":1},{"damage":39,"enemies":"3 Sentries","floor":6,"turns":9},{"damage":0,"enemies":"Gremlin Nob","floor":8,"turns":2},{"damage":3,"enemies":"Blue Slaver","floor":10,"turns":3},{"damage":0,"enemies":"3 Louse","floor":12,"turns":2},{"damage":5,"enemies":"Lagavulin","floor":13,"turns":7},{"damage":7,"enemies":"The Guardian","floor":16,"turns":12},{"damage":20,"enemies":"Shell Parasite","floor":18,"turns":3},{"damage":16,"enemies":"2 Thieves","floor":19,"turns":2},{"damage":11,"enemies":"Slavers","floor":23,"turns":3},{"damage":11,"enemies":"Book of Stabbing","floor":25,"turns":3},{"damage":9,"enemies":"Centurion and Healer","floor":29,"turns":3},{"damage":5,"enemies":"Snake Plant","floor":31,"turns":2},{"damage":0,"enemies":"Automaton","floor":33,"turns":6},{"damage":9,"enemies":"3 Shapes","floor":35,"turns":3},{"damage":0,"enemies":"Orb Walker","floor":36,"turns":1},{"damage":10,"enemies":"Mind Bloom Boss Battle","floor":37,"turns":3},{"damage":0,"enemies":"Spire Growth","floor":39,"turns":2},{"damage":0,"enemies":"Giant Head","floor":41,"turns":6},{"damage":18,"enemies":"Nemesis","floor":44,"turns":3},{"damage":3,"enemies":"Giant Head","floor":48,"turns":3},{"damage":5,"enemies":"Time Eater","floor":50,"turns":8},{"damage":7,"enemies":"Awakened One","floor":51,"turns":9},{"damage":44,"enemies":"Shield and Spear","floor":55,"turns":6},{"damage":42,"enemies":"The Heart","floor":56,"turns":6}],"seed_played":"-7500169459472326457","potions_obtained":[{"floor":4,"key":"FearPotion"},{"floor":5,"key":"Regen Potion"},{"floor":10,"key":"BottledMiracle"},{"floor":12,"key":"ColorlessPotion"},{"floor":13,"key":"BottledMiracle"},{"floor":16,"key":"Swift Potion"},{"floor":23,"key":"SpeedPotion"},{"floor":29,"key":"Fire Potion"},{"floor":31,"key":"FearPotion"},{"floor":33,"key":"SteroidPotion"},{"floor":36,"key":"CultistPotion"},{"floor":44,"key":"Fire Potion"},{"floor":48,"key":"Energy Potion"},{"floor":55,"key":"SmokeBomb"}],"is_trial":false,"path_per_floor":["M","M","?","M","M","E","?","E","T","M","R","M","E","?","R","B",null,"M","M","?","?","?","E","R","E","T","R","?","M","R","M","R","B",null,"M","M","?","?","M","?","E","R","T","E","?","?","R","E","R","B","B",null,"R","$","E","B"],"character_chosen":"WATCHER","items_purchased":[],"campfire_rested":3,"item_purchase_floors":[],"current_hp_per_floor":[61,61,61,61,61,37,37,37,37,34,34,34,29,34,34,29,62,44,30,30,30,30,21,21,12,12,12,12,5,26,23,23,25,61,54,56,48,35,37,27,29,29,29,13,13,13,34,33,54,51,46,66,66,66,31,0,0],"gold":13,"neow_bonus":"BOSS_RELIC","is_daily":false,"chose_seed":false,"campfire_upgraded":4,"win_rate":0.0,"timestamp":1613790971,"path_taken":["M","M","?","M","M","E","?","E","T","M","R","?","E","?","R","BOSS","M","M","?","?","?","E","R","E","T","R","?","M","R","M","R","BOSS","M","M","?","?","?","?","E","R","T","E","?","?","R","E","R","BOSS","BOSS","R","$","E","BOSS"],"items_purchased_type":[],"build_version":"2020-12-22","purchased_purges":0,"victory":false,"max_hp_per_floor":[68,68,68,68,68,68,68,68,68,68,68,68,68,73,73,73,73,73,73,73,73,73,73,73,73,73,73,73,73,73,73,73,73,73,73,73,73,73,73,73,73,73,73,73,73,73,73,73,73,73,73,73,73,73,80,80,80],"relic_stats":{"Happy Flower":[9],"counters":[28,115],"Blue Candle":[0],"Blood Vial":38,"Dream Catcher":3,"Centennial Puzzle":[18],"Shovel":2,"Ornamental Fan":[68],"Ectoplasm":757,"VioletLotus":[29],"Kunai":[116],"obtain_stats":[{"Happy Flower":48,"Blue Candle":26,"Oddly Smooth Stone":43,"Damaru":44,"Blood Vial":13,"Dream Catcher":25,"Centennial Puzzle":41,"Shovel":8,"Ornamental Fan":53,"MutagenicStrength":21,"Strawberry":55,"Molten Egg 2":24,"Ectoplasm":0,"VioletLotus":17,"Fusion Hammer":34,"Kunai":6,"PureWater":0,"Pocketwatch":37},{"Happy Flower":24,"Blue Candle":14,"Oddly Smooth Stone":22,"Damaru":23,"Blood Vial":9,"Dream Catcher":14,"Centennial Puzzle":22,"Shovel":6,"Ornamental Fan":26,"MutagenicStrength":12,"Strawberry":27,"Molten Egg 2":13,"Ectoplasm":0,"VioletLotus":10,"Fusion Hammer":17,"Kunai":5,"PureWater":0,"Pocketwatch":20},{"Happy Flower":86,"Blue Candle":54,"Oddly Smooth Stone":80,"Damaru":83,"Blood Vial":31,"Dream Catcher":54,"Centennial Puzzle":80,"Shovel":19,"Ornamental Fan":103,"MutagenicStrength":48,"Strawberry":109,"Molten Egg 2":51,"Ectoplasm":0,"VioletLotus":43,"Fusion Hammer":65,"Kunai":17,"PureWater":0,"Pocketwatch":72}],"Pocketwatch":[26]},"card_choices":[{"not_picked":["FlyingSleeves","CutThroughFate"],"picked":"CrushJoints","floor":1},{"not_picked":["Evaluate","Collect"],"picked":"FlurryOfBlows","floor":2},{"not_picked":["EmptyBody","FollowUp"],"picked":"CutThroughFate","floor":4},{"not_picked":["ClearTheMind","Halt"],"picked":"Adaptation","floor":5},{"not_picked":["SpiritShield","PathToVictory"],"picked":"FearNoEvil","floor":6},{"not_picked":["BowlingBash","ClearTheMind","SashWhip"],"picked":"SKIP","floor":8},{"not_picked":["EmptyFist","BowlingBash"],"picked":"TalkToTheHand","floor":10},{"not_picked":["ThirdEye","FollowUp","PathToVictory"],"picked":"SKIP","floor":12},{"not_picked":["ThirdEye","FollowUp","PathToVictory"],"picked":"SKIP","floor":12},{"not_picked":["FollowUp","Judgement"],"picked":"Sanctity","floor":13},{"not_picked":["Devotion","Establishment"],"picked":"Scrawl","floor":16},{"not_picked":["Evaluate","CutThroughFate"],"picked":"JustLucky","floor":18},{"not_picked":["BowlingBash","ClearTheMind"],"picked":"ThirdEye+1","floor":19},{"not_picked":["Vengeance","JustLucky"],"picked":"FlurryOfBlows+1","floor":23},{"not_picked":["Crescendo","DeusExMachina"],"picked":"Weave+1","floor":25},{"not_picked":["FlurryOfBlows+1","EmptyBody"],"picked":"Halt","floor":29},{"not_picked":["ThirdEye","Evaluate"],"picked":"Tantrum+1","floor":30},{"not_picked":["PathToVictory","Wallop+1","Alpha"],"picked":"SKIP","floor":31},{"not_picked":["Devotion","DevaForm"],"picked":"LessonLearned+1","floor":33},{"not_picked":["Prostrate","Collect+1","Halt"],"picked":"SKIP","floor":35},{"not_picked":["Evaluate+1","WheelKick+1"],"picked":"DeceiveReality+1","floor":36},{"not_picked":["CrushJoints+1","Protect"],"picked":"TalkToTheHand+1","floor":39},{"not_picked":["The Bomb","Chrysalis"],"picked":"Finesse","floor":40},{"not_picked":["Good Instincts","Apotheosis"],"picked":"PanicButton","floor":40},{"not_picked":["Mayhem","Mind Blast+1"],"picked":"Deep Breath","floor":40},{"not_picked":["Perseverance+1","BattleHymn+1"],"picked":"TalkToTheHand+1","floor":41},{"not_picked":["Evaluate+1","Crescendo"],"picked":"Sanctity","floor":44},{"not_picked":["ThirdEye","Wallop+1"],"picked":"CrushJoints+1","floor":47},{"not_picked":["Conclude+1","Alpha"],"picked":"DeusExMachina","floor":48},{"not_picked":["BattleHymn+1","Vengeance+1"],"picked":"CutThroughFate+1","floor":49},{"not_picked":["FlyingSleeves+1","Protect+1"],"picked":"Wireheading","floor":55}],"player_experience":4729882,"relics_obtained":[{"floor":6,"key":"Kunai"},{"floor":8,"key":"Shovel"},{"floor":13,"key":"Blood Vial"},{"floor":24,"key":"Molten Egg 2"},{"floor":25,"key":"Dream Catcher"},{"floor":26,"key":"Blue Candle"},{"floor":37,"key":"Pocketwatch"},{"floor":41,"key":"Centennial Puzzle"},{"floor":43,"key":"Oddly Smooth Stone"},{"floor":44,"key":"Damaru"},{"floor":48,"key":"Happy Flower"},{"floor":53,"key":"Ornamental Fan"},{"floor":55,"key":"Strawberry"}],"event_choices":[{"damage_healed":0,"gold_gain":0,"player_choice":"Left Gold","damage_taken":0,"max_hp_gain":0,"max_hp_loss":0,"event_name":"World of Goop","floor":3,"gold_loss":46},{"cards_removed":["Defend_P"],"damage_healed":0,"gold_gain":0,"player_choice":"Forget","damage_taken":0,"max_hp_gain":0,"max_hp_loss":0,"event_name":"Living Wall","floor":7,"gold_loss":0},{"damage_healed":0,"gold_gain":0,"player_choice":"Donut","damage_taken":0,"max_hp_gain":5,"max_hp_loss":0,"event_name":"Big Fish","floor":14,"gold_loss":0},{"damage_healed":0,"gold_gain":0,"player_choice":"Copied","damage_taken":0,"max_hp_gain":0,"max_hp_loss":0,"event_name":"Duplicator","floor":20,"gold_loss":0,"cards_obtained":["Eruption"]},{"damage_healed":0,"gold_gain":0,"player_choice":"Inject Mutagens","damage_taken":0,"relics_obtained":["MutagenicStrength"],"max_hp_gain":0,"max_hp_loss":0,"event_name":"Drug Dealer","floor":21,"gold_loss":0},{"damage_healed":0,"gold_gain":0,"player_choice":"Simplicity","damage_taken":0,"max_hp_gain":0,"max_hp_loss":0,"event_name":"Back to Basics","floor":22,"gold_loss":0,"cards_upgraded":["Strike_P","Strike_P","Strike_P","Strike_P","Defend_P","Defend_P","Defend_P"]},{"damage_healed":0,"gold_gain":0,"player_choice":"1 cards matched","damage_taken":0,"max_hp_gain":0,"max_hp_loss":0,"event_name":"Match and Keep!","floor":28,"gold_loss":0,"cards_obtained":["FollowUp"]},{"damage_healed":0,"gold_gain":0,"player_choice":"Fight","damage_taken":0,"max_hp_gain":0,"max_hp_loss":0,"event_name":"MindBloom","floor":37,"gold_loss":0},{"damage_healed":0,"gold_gain":0,"player_choice":"Embrace Madness","damage_taken":13,"max_hp_gain":0,"max_hp_loss":0,"event_name":"Winding Halls","floor":38,"gold_loss":0,"cards_obtained":["Madness","Madness"]},{"damage_healed":0,"gold_gain":0,"player_choice":"Memory 3","damage_taken":10,"max_hp_gain":0,"max_hp_loss":0,"event_name":"SensoryStone","floor":40,"gold_loss":0},{"damage_healed":0,"gold_gain":0,"cards_transformed":["Defend_P"],"player_choice":"Transformed","damage_taken":0,"max_hp_gain":0,"max_hp_loss":0,"event_name":"Transmorgrifier","floor":45,"gold_loss":0,"cards_obtained":["LessonLearned"]},{"damage_healed":0,"gold_gain":0,"player_choice":"Ignored","damage_taken":0,"max_hp_gain":0,"max_hp_loss":0,"event_name":"SecretPortal","floor":46,"gold_loss":0}],"is_beta":false,"boss_relics":[{"not_picked":["Velvet Choker","SlaversCollar"],"picked":"VioletLotus"},{"not_picked":["Black Star","Runic Dome"],"picked":"Fusion Hammer"}],"items_purged_floors":[],"is_endless":false,"potions_floor_spawned":[4,5,10,12,13,16,23,29,31,33,36,37,44,48,55],"killed_by":"The Heart","ascension_level":20}}