{"host":"g907ck67u7c3hrs6","time":1613795727,"event":{"mods":["BaseMod","Colored Map","DeckTracker","Force Act Four","Highlight Path","Keyboard Shortcuts","Minty Spire (QoL Compilation)","Permanent Neow","Say the Spire","SuperFastMode"],"gold_per_floor":[112,122,133,145,162,162,162,162,186,186,186,111,111,122,122,196,196,210,229,247,264,282,282,309,342,342,374,374,193,193,79,79,153,153,171,46,60,78,89,116,142,142,224,224,258,258,283,72,72,72,72,72,72,22,50,50,50],"floor_reached":56,"language":"KOR","playtime":1467,"items_purged":["Normality","Shame","Pain","Doubt","Pain"],"score":2255,"play_id":"546084ae-8950-4ca5-8f4f-dfb2a7bebfe4","local_time":"20210220133527","daily_mods":["SealedDeck","Heirloom","Time Dilation","Flight","DeadlyEvents","Cursed Run","Elite Swarm"],"is_ascension_mode":true,"campfire_choices":[{"data":"Storm","floor":6.0,"key":"SMITH"},{"data":"Storm","floor":7.0,"key":"SMITH"},{"data":"Defragment","floor":8.0,"key":"SMITH"},{"data":"Defragment","floor":10.0,"key":"SMITH"},{"data":"Double Energy","floor":11.0,"key":"SMITH"},{"data":"Static Discharge","floor":13.0,"key":"SMITH"},{"data":"Loop","floor":15.0,"key":"SMITH"},{"data":"Loop","floor":23.0,"key":"SMITH"},{"data":"Buffer","floor":28.0,"key":"SMITH"},{"data":"Buffer","floor":30.0,"key":"SMITH"},{"data":"Aggregate","floor":32.0,"key":"SMITH"},{"data":"Amplify","floor":42.0,"key":"SMITH"},{"data":"Heatsinks","floor":44.0,"key":"SMITH"},{"data":"Capacitor","floor":46.0,"key":"SMITH"},{"floor":49.0,"key":"RECALL"},{"data":"Creative AI","floor":53.0,"key":"SMITH"}],"circlet_count":0,"master_deck":["AscendersBane","Cold Snap","Coolheaded","Coolheaded+1","Loop+1","Static Discharge+1","Defragment+1","Skim","Double Energy+1","Defragment+1","Storm+1","Storm+1","Reboot","Echo Form","CurseOfTheBell","Loop+1","Self Repair","Lockon","Self Repair","Buffer+1","Buffer+1","Clumsy","Biased Cognition","Capacitor+1","Aggregate+1","Heatsinks+1","Steam Power+1","Skim","Steam Power","Glacier","Amplify+1","Echo Form","Creative AI+1","Pain","Seek"],"relics":["Cursed Key","Darkstone Periapt","Du-Vu Doll","StoneCalendar","Anchor","Calling Bell","DataDisk","Matryoshka","Lizard Tail","Bottled Lightning","Bag of Marbles","Regal Pillow","Eternal Feather","Ornamental Fan","Sozu","Blood Vial","Dream Catcher","War Paint","Gambling Chip","Smiling Mask","Runic Capacitor","Thread and Needle"],"acts_visited":["Exordium","TheCity","TheBeyond","TheEnding"],"potions_floor_usage":[56],"damage_taken":[{"damage":4.0,"enemies":"Small Slimes","floor":1.0,"turns":2.0},{"damage":2.0,"enemies":"2 Louse","floor":2.0,"turns":3.0},{"damage":0.0,"enemies":"Cultist","floor":3.0,"turns":2.0},{"damage":17.0,"enemies":"Exordium Thugs","floor":4.0,"turns":2.0},{"damage":7.0,"enemies":"Looter","floor":5.0,"turns":2.0},{"damage":4.0,"enemies":"Exordium Wildlife","floor":14.0,"turns":2.0},{"damage":11.0,"enemies":"Hexaghost","floor":16.0,"turns":12.0},{"damage":0.0,"enemies":"Spheric Guardian","floor":18.0,"turns":2.0},{"damage":20.0,"enemies":"Shell Parasite","floor":19.0,"turns":3.0},{"damage":6.0,"enemies":"Cultist and Chosen","floor":20.0,"turns":3.0},{"damage":30.0,"enemies":"Snake Plant","floor":21.0,"turns":2.0},{"damage":15.0,"enemies":"Snecko","floor":22.0,"turns":3.0},{"damage":25.0,"enemies":"Book of Stabbing","floor":24.0,"turns":3.0},{"damage":12.0,"enemies":"Slavers","floor":25.0,"turns":3.0},{"damage":24.0,"enemies":"Gremlin Leader","floor":27.0,"turns":5.0},{"damage":0.0,"enemies":"Champ","floor":33.0,"turns":4.0},{"damage":4.0,"enemies":"Orb Walker","floor":35.0,"turns":2.0},{"damage":0.0,"enemies":"3 Shapes","floor":37.0,"turns":1.0},{"damage":0.0,"enemies":"Sphere and 2 Shapes","floor":38.0,"turns":3.0},{"damage":4.0,"enemies":"Jaw Worm Horde","floor":39.0,"turns":3.0},{"damage":0.0,"enemies":"Giant Head","floor":40.0,"turns":6.0},{"damage":75.0,"enemies":"Reptomancer","floor":41.0,"turns":4.0},{"damage":0.0,"enemies":"Nemesis","floor":45.0,"turns":3.0},{"damage":31.0,"enemies":"Reptomancer","floor":47.0,"turns":3.0},{"damage":64.0,"enemies":"Awakened One","floor":50.0,"turns":4.0},{"damage":62.0,"enemies":"Donu and Deca","floor":51.0,"turns":4.0},{"damage":147.0,"enemies":"Shield and Spear","floor":55.0,"turns":6.0},{"damage":126,"enemies":"The Heart","floor":56,"turns":3}],"seed_played":"-3349393228084347047","potions_obtained":[{"floor":2.0,"key":"Fire Potion"},{"floor":4.0,"key":"Dexterity Potion"},{"floor":5.0,"key":"Fire Potion"},{"floor":14.0,"key":"DuplicationPotion"},{"floor":18.0,"key":"FocusPotion"},{"floor":27.0,"key":"Block Potion"}],"is_trial":true,"path_per_floor":["M","M","M","M","M","R","R","R","T","R","R","$","R","M","R","B",null,"M","M","M","M","M","R","E","E","T","E","R","$","R","$","R","B",null,"M","$","M","M","M","E","E","R","T","R","E","R","E","$","R","B","B",null,"R","$","E","B"],"character_chosen":"DEFECT","items_purchased":["Capacitor","Aggregate","Heatsinks","Runic Capacitor"],"campfire_rested":0,"item_purchase_floors":[29,31,31,48],"current_hp_per_floor":[60,58,58,41,34,34,34,34,40,40,40,40,40,36,36,31,76,76,56,57,41,40,40,29,24,30,20,32,32,44,44,59,79,96,99,99,99,101,97,101,33,51,57,75,91,107,90,90,107,63,23,95,116,116,67,0,0],"gold":50,"neow_bonus":"","is_daily":false,"chose_seed":false,"campfire_upgraded":15,"win_rate":0.0,"timestamp":1613795727,"path_taken":["M","M","M","M","M","R","R","R","T","R","R","$","R","M","R","BOSS","M","M","M","M","M","R","E","E","T","E","R","$","R","$","R","BOSS","M","$","M","M","M","E","E","R","T","R","E","R","E","$","R","BOSS","BOSS","R","$","E","BOSS"],"items_purchased_type":["Card","Card","Card","Relic"],"build_version":"2020-12-22","purchased_purges":5,"victory":false,"max_hp_per_floor":[71,71,71,71,71,71,71,71,77,77,77,77,77,77,77,83,89,89,89,89,89,89,89,89,89,95,95,95,95,95,95,95,101,101,101,101,101,101,101,101,101,101,107,107,107,107,107,107,107,113,119,119,119,119,119,119,119],"card_choices":[{"not_picked":["Melter","Sweeping Beam","Barrage"],"picked":"SKIP","floor":1.0},{"not_picked":["Gash","Recycle","Tempest"],"picked":"SKIP","floor":2.0},{"not_picked":["Genetic Algorithm","Turbo"],"picked":"Storm","floor":3.0},{"not_picked":["Rebound","Scrape","Leap"],"picked":"SKIP","floor":4.0},{"not_picked":["Reprogram","Conserve Battery","Gash"],"picked":"SKIP","floor":5.0},{"not_picked":["Ball Lightning","Cold Snap"],"picked":"Reboot","floor":14.0},{"not_picked":["Buffer","Machine Learning"],"picked":"Echo Form","floor":16.0},{"not_picked":["Blizzard","Sunder"],"picked":"Loop","floor":18.0},{"not_picked":["Steam","Consume"],"picked":"Self Repair","floor":19.0},{"not_picked":["Rebound","Streamline"],"picked":"Lockon","floor":20.0},{"not_picked":["Stack","Leap","Beam Cell"],"picked":"SKIP","floor":21.0},{"not_picked":["Compile Driver","Cold Snap"],"picked":"Self Repair","floor":22.0},{"not_picked":["Echo Form","Hyperbeam"],"picked":"Buffer","floor":24.0},{"not_picked":["Reboot","All For One"],"picked":"Buffer","floor":25.0},{"not_picked":["Fission","Amplify"],"picked":"Biased Cognition","floor":27.0},{"not_picked":["Sweeping Beam","Chill"],"picked":"Steam Power","floor":35.0},{"not_picked":["Consume","Steam Power+1"],"picked":"Skim","floor":37.0},{"not_picked":["Streamline","Rebound"],"picked":"Steam Power","floor":38.0},{"not_picked":["Stack","Steam+1"],"picked":"Glacier","floor":39.0},{"not_picked":["Hyperbeam","Thunder Strike"],"picked":"Amplify","floor":40.0},{"not_picked":["Meteor Strike","Fission"],"picked":"Echo Form","floor":41.0},{"not_picked":["Multi-Cast","Meteor Strike","Thunder Strike"],"picked":"SKIP","floor":45.0},{"not_picked":["Reboot","Hyperbeam"],"picked":"Creative AI","floor":47.0},{"not_picked":["Hyperbeam","Multi-Cast"],"picked":"Seek","floor":55.0}],"player_experience":326267,"relics_obtained":[{"floor":9.0,"key":"Anchor"},{"floor":17.0,"key":"DataDisk"},{"floor":17.0,"key":"Matryoshka"},{"floor":17.0,"key":"Lizard Tail"},{"floor":24.0,"key":"Bottled Lightning"},{"floor":25.0,"key":"Bag of Marbles"},{"floor":26.0,"key":"Regal Pillow"},{"floor":26.0,"key":"Eternal Feather"},{"floor":27.0,"key":"Ornamental Fan"},{"floor":40.0,"key":"Blood Vial"},{"floor":41.0,"key":"Dream Catcher"},{"floor":43.0,"key":"War Paint"},{"floor":45.0,"key":"Gambling Chip"},{"floor":47.0,"key":"Smiling Mask"},{"floor":55.0,"key":"Thread and Needle"}],"event_choices":[],"is_beta":false,"boss_relics":[{"not_picked":["Busted Crown","Fusion Hammer"],"picked":"Calling Bell"},{"not_picked":["Velvet Choker","Tiny House"],"picked":"Sozu"}],"items_purged_floors":[12,29,36,48,54],"is_endless":false,"potions_floor_spawned":[2,4,5,14,18,19,20,21,27,38,41,45],"killed_by":"The Heart","ascension_level":20}}