{"host":"d6oxvn0vsgxeumax","time":1613849414,"event":{"mods":["BaseMod","Better Altar","Better Match","Better Note","Better Sensory Stone","Better Skull","Better Third Choice","BetterRewards","Bossed Relics","Colored Map","Colored Powertips","Defuse TimeMaze Blight","Downfall","Hubris","Infinite Spire","Minty Spire (QoL Compilation)","Relic Sorter","Replay The Spire","Shop Mod","Spicy Shops","Spire Arcade","StSLib","The Bug Knight","Uncapped"],"gold_per_floor":[115,115,390,402,402,402,236,266,289,289,182,200,200,21,21,124,124,144,144,144,144,144,178,193,193,193,193,162,162,162,178,178,276,276,289,302,319,419,319,319,319,319,369,369,172,55,72,103,170,170],"floor_reached":51,"language":"ENG","playtime":1297,"items_purged":["Parasite","Regret","Amnesia","Vigilance","Defend_P+1","downfall:Haunted","Parasite"],"score":1366,"play_id":"728e414b-0a4e-40e0-ad95-11ce0b2a88f2","local_time":"20210220133014","is_ascension_mode":true,"campfire_choices":[{"data":"PathToVictory","floor":6,"key":"SMITH"},{"data":"Judgement","floor":10,"key":"SMITH"},{"data":"hubris:EnhanceAbility","floor":13,"key":"SMITH"},{"data":"Defend_P","floor":15,"key":"PURGE"},{"data":"Defend_P","floor":25,"key":"PURGE"},{"data":"Defend_P","floor":27,"key":"PURGE"},{"data":"Strike_P","floor":32,"key":"PURGE"},{"data":"ReplayTheSpireMod:Faulty Equipment","floor":40,"key":"SMITH"},{"data":"downfall:Haunted","floor":44,"key":"PURGE"}],"circlet_count":0,"master_deck":["Strike_P+1","Strike_P","Strike_P+1","Eruption","Halt","Halt","PathToVictory+1","Indignation","Judgement+1","Master of Strategy","PathToVictory+1","Omniscience","Omniscience","hubris:Wrath","PathToVictory+1"],"relics":["PureWater","hubris:OldNail","Mirror","Replay:Wax Seal","Peace Pipe","MerchantsRug","sneckomod:BlankCard","Membership Card","Shuriken","Bird Faced Urn","Sling","Guardian:GemstoneGun","Bag of Marbles","Happy Flower","champ:DuelingGlove","infinitespire:EmpoweringShard","hubris:MysteriousPyramids","Astrolabe","Orichalcum","Singing Bowl","Chemical X","hubris:TinFlute","Unceasing Top","Darkstone Periapt","Vajra","PreservedInsect","HandDrill","Boot","Whetstone","Ancient Tea Set","hubris:BottledRain","Replay:Mystery Machine"],"acts_visited":["Exordium","TheCity","TheBeyond"],"potions_floor_usage":[50,50],"damage_taken":[{"damage":0,"enemies":"2 Louse","floor":1,"turns":1},{"damage":0,"enemies":"Small Slimes","floor":4,"turns":2},{"damage":15,"enemies":"Lagavulin","floor":8,"turns":3},{"damage":0,"enemies":"Cultist","floor":12,"turns":1},{"damage":0,"enemies":"The Guardian","floor":16,"turns":4},{"damage":0,"enemies":"Shell Parasite","floor":18,"turns":1},{"damage":0,"enemies":"Slavers","floor":23,"turns":1},{"damage":0,"enemies":"2 Thieves","floor":24,"turns":1},{"damage":0,"enemies":"Centurion and Healer","floor":31,"turns":2},{"damage":0,"enemies":"Champ","floor":33,"turns":4},{"damage":0,"enemies":"3 Shapes","floor":35,"turns":1},{"damage":0,"enemies":"3 Darklings","floor":36,"turns":1},{"damage":0,"enemies":"Sphere and 2 Shapes","floor":37,"turns":2},{"damage":21,"enemies":"Maw","floor":47,"turns":3},{"damage":0,"enemies":"R_Hoarder","floor":48,"turns":1},{"damage":0,"enemies":"Time Eater","floor":50,"turns":2}],"seed_played":"-5975542770862584256","potions_obtained":[{"floor":4,"key":"infinitespire:BlackPotion"},{"floor":16,"key":"CultistPotion"},{"floor":36,"key":"infinitespire:BlackPotion"}],"is_trial":false,"path_per_floor":["M","?","?","M","?","R","$","E","T","R","$","M","R","$","R","B",null,"M","?","?","?","AVR","E","M","R","T","R","$","?","?","M","R","B",null,"M","M","M","?","NS","R","?","?","T","R","$","$","M","E","R_BF","B",null],"character_chosen":"WATCHER","items_purchased":["hubris:OldNail","Orrery","Mirror","Replay:Wax Seal","MerchantsRug","War Paint","sneckomod:BlankCard","hubris:EnhanceAbility","DollysMirror","Indignation","Membership Card","Judgement","Shuriken","BargainBundle","Bird Faced Urn","Sling","Guardian:GemstoneGun","Strength Potion","CultistPotion","SpeedPotion","hexamod:SoulburnPotion","champ:DuelingGlove","infinitespire:EmpoweringShard","hubris:MysteriousPyramids","Chemical X","PreservedInsect","HandDrill","Boot","Whetstone","Ancient Tea Set"],"campfire_rested":0,"item_purchase_floors":[0,0,0,0,0,0,0,0,0,0,0,0,0,7,7,7,7,7,7,7,7,11,14,14,28,45,45,46,46,46],"current_hp_per_floor":[64,64,64,64,64,64,64,49,49,49,49,49,49,49,49,53,64,64,64,64,64,64,64,64,64,64,64,64,64,64,66,66,68,72,72,74,76,105,105,105,105,105,105,105,105,102,83,85,47,47],"gold":170,"neow_bonus":"","is_daily":false,"chose_seed":false,"campfire_upgraded":4,"win_rate":0.0,"timestamp":1613849414,"path_taken":["M","?","?","?","?","R","$","E","T","R","$","?","R","?","R","BOSS","M","?","?","?","AVR","E","?","R","T","R","$","?","?","M","R","BOSS","M","M","M","?","NS","R","?","?","T","R","?","$","M","E","R_BF","BOSS"],"items_purchased_type":["Relic","Relic","Relic","Relic","Relic","Relic","Relic","Card","Relic","Card","Relic","Card","Relic","Relic","Relic","Relic","Relic","Potion","Potion","Potion","Potion","Relic","Relic","Relic","Relic","Relic","Relic","Relic","Relic","Relic"],"build_version":"2020-12-22","purchased_purges":7,"victory":true,"max_hp_per_floor":[64,64,64,64,64,64,64,64,64,64,64,64,64,64,64,64,64,64,64,64,64,64,64,64,64,64,64,64,64,64,66,66,68,72,72,74,76,105,105,105,105,105,105,105,105,102,104,106,110,110],"card_choices":[{"not_picked":["Evaluate","Meditate"],"picked":"Halt","floor":0},{"not_picked":["Pray","Replay:DivineShield"],"picked":"PathToVictory","floor":0},{"not_picked":["BowlingBash","Swivel"],"picked":"Halt","floor":0},{"not_picked":["Collect","WreathOfFlame","Crescendo"],"picked":"SKIP","floor":1},{"not_picked":["ReplayUltimateDefense","Discovery"],"picked":"Master of Strategy","floor":2},{"not_picked":["Consecrate","WaveOfTheHand"],"picked":"PathToVictory","floor":4},{"not_picked":["BattleHymn","Replay:LoomingThreat","CutThroughFate"],"picked":"SKIP","floor":8},{"not_picked":["Sanctity","CutThroughFate","JustLucky"],"picked":"SKIP","floor":12},{"not_picked":["DevaForm","Alpha"],"picked":"Omniscience","floor":16},{"not_picked":["Wallop+1","LikeWater","Conclude"],"picked":"SKIP","floor":18},{"not_picked":["Worship","SashWhip+1"],"picked":"Omniscience","floor":23},{"not_picked":["EmptyMind","Prostrate","Replay:Hum"],"picked":"SKIP","floor":24},{"not_picked":["FlurryOfBlows","Replay:BluntJabs+1","Consecrate"],"picked":"Singing Bowl","floor":31},{"not_picked":["DevaForm","Omniscience","Devotion"],"picked":"Singing Bowl","floor":33},{"not_picked":["Doubt","hubris:Gluttony","Voices"],"picked":"Singing Bowl","floor":34},{"not_picked":["hubris:Envy","downfall:Haunted","hubris:Disease"],"picked":"Singing Bowl","floor":34},{"not_picked":["ReplayTheSpireMod:Faulty Equipment","Hallucinations"],"picked":"hubris:Wrath","floor":34},{"not_picked":["Weave+1","Worship"],"picked":"PathToVictory","floor":35},{"not_picked":["CutThroughFate","BowlingBash","Blasphemy"],"picked":"Singing Bowl","floor":36},{"not_picked":["Crescendo+1","FlyingSleeves+1","Swivel+1"],"picked":"Singing Bowl","floor":37},{"not_picked":["Halt+1","Replay:Anticipation","CarveReality+1"],"picked":"Singing Bowl","floor":47},{"not_picked":["Collect","Meditate+1","Study"],"picked":"Singing Bowl","floor":48},{"not_picked":["EmptyFist+1","Adaptation","FollowUp+1"],"picked":"Singing Bowl","floor":49},{"not_picked":["Prostrate+1","Replay:ManipulateFuture+1","Alpha"],"picked":"Singing Bowl","floor":49}],"player_experience":1139467,"relics_obtained":[{"floor":8,"key":"Bag of Marbles"},{"floor":9,"key":"Happy Flower"},{"floor":23,"key":"Orichalcum"},{"floor":26,"key":"Singing Bowl"},{"floor":43,"key":"Vajra"},{"floor":48,"key":"hubris:BottledRain"},{"floor":49,"key":"Replay:Mystery Machine"}],"event_choices":[{"damage_healed":0,"gold_gain":1,"player_choice":"1","damage_taken":0,"max_hp_gain":0,"max_hp_loss":0,"event_name":"betterStone:BetterStone","floor":2,"gold_loss":0},{"damage_healed":0,"gold_gain":275,"player_choice":"Desecrate","damage_taken":0,"max_hp_gain":0,"max_hp_loss":0,"event_name":"Golden Shrine","floor":3,"gold_loss":0,"cards_obtained":["Regret"]},{"damage_healed":0,"gold_gain":0,"player_choice":"Gave Potion","damage_taken":0,"relics_obtained":["Gremlin Food"],"max_hp_gain":0,"max_hp_loss":0,"event_name":"WeMeetAgain","floor":5,"gold_loss":0},{"damage_healed":0,"gold_gain":0,"player_choice":"Ignored","damage_taken":0,"max_hp_gain":0,"max_hp_loss":0,"event_name":"betterNote:BetterNote","floor":19,"gold_loss":0,"cards_obtained":["ReplayTheSpireMod:Book of Names"]},{"damage_healed":0,"gold_gain":0,"player_choice":"Ignored","damage_taken":0,"max_hp_gain":0,"max_hp_loss":0,"event_name":"Beggar","floor":20,"gold_loss":0},{"damage_healed":0,"gold_gain":0,"player_choice":"Ignored","damage_taken":0,"max_hp_gain":0,"max_hp_loss":0,"event_name":"Tomb of Lord Red Mask","floor":42,"gold_loss":0}],"is_beta":false,"boss_relics":[{"not_picked":["ChewingGum","ReplayTheSpireMod:SealedPack"],"picked":"Astrolabe"},{"not_picked":["Honey Jar","Velvet Choker"],"picked":"Replay:Ancient Bell"},{"not_picked":["Akabeko","MawBank"],"picked":"Omamori"},{"not_picked":["hexamod:CandleOfCauterizing","infinitespire:Bottled Soul"],"picked":"hubris:TinFlute"},{"not_picked":["hubris:AstralHammer","Pocketwatch"],"picked":"Unceasing Top"}],"items_purged_floors":[0,7,22,28,28,45,46],"is_endless":false,"potions_floor_spawned":[4,16,23,31,36,37,48],"ascension_level":1}}