{"host":"y9jgkjnf95sujozk","time":1613856516,"event":{"mods":["2.2 Compatiblity","AchievementEnabler","Act Like it!","BaseMod","BetterRewards","Block Reminder","Colored Map","Colored Powertips","Friendly Minions","Gensokyo","GifTheSpireLib","Hallownest","Hermit","Highlight Path","HololiveMod","Hubris","Infinite Spire","Jorbs\u0027s Wanderer Trilogy","Koishi","Marisa（霧雨　魔理沙）","Minty Spire (QoL Compilation)","Quick Restart","Random Character Button","Rare Cards Sparkle","Reimu（博??梦）","Remilia（蕾米莉?）","Replay The Spire","Shop Mod","StSLib","SuperFastMode","The Bug Knight","The Cursed","The Disciple","The Hierophant","The Jungle","The Runesmith","The Senshi","The Servant 0.9.4"],"gold_per_floor":[115,133,133,143,143,143,153,188,233,233,48,48,59,70,70,70,70],"floor_reached":16,"language":"ENG","playtime":523,"items_purged":[],"score":159,"play_id":"d78cfffd-c8f9-4e2b-8020-e058e8c05479","local_time":"20210220222836","is_ascension_mode":true,"campfire_choices":[{"data":"Koishi:FreudianInstinct","floor":6.0,"key":"SMITH"},{"floor":12.0,"key":"REST"},{"floor":15,"key":"REST"}],"circlet_count":0,"master_deck":["Koishi:BasicStrike","Koishi:BasicStrike","Koishi:BasicStrike","Koishi:BasicStrike","Koishi:BasicDefend","Koishi:BasicDefend","Koishi:BasicDefend","Koishi:BasicDefend","Koishi:HauntingSlash","Koishi:LastRemote","Koishi:JumpScare","Koishi:SubconsciousSweep","Injury","Koishi:FreudianInstinct+1","Koishi:FreudianInstinct","Koishi:FreudianInstinct","Koishi:GhostParty","Koishi:GhostParty","Koishi:UnseenTerror"],"relics":["Koishi:ImaginaryFriend","Replay:PocketPolymizer","Simple Rune","hubris:Icosahedron","TungstenRod","infinitespire:Satchel","Gensokyo:Justice","TheAbacus"],"acts_visited":["Exordium"],"potions_floor_usage":[16,16],"damage_taken":[{"damage":0.0,"enemies":"Gensokyo:3_Fairies","floor":1.0,"turns":3.0},{"damage":0.0,"enemies":"Gensokyo:2_Kodama","floor":2.0,"turns":4.0},{"damage":3.0,"enemies":"Gensokyo:Python","floor":4.0,"turns":3.0},{"damage":11.0,"enemies":"Gensokyo:LivingMonolith","floor":7.0,"turns":4.0},{"damage":5.0,"enemies":"Gensokyo:Aya","floor":8.0,"turns":7.0},{"damage":5.0,"enemies":"Gensokyo:Kitsune","floor":13.0,"turns":4.0},{"damage":8.0,"enemies":"Gensokyo:2_Rabbits","floor":14.0,"turns":4.0},{"damage":79,"enemies":"Gensokyo:Kokoro","floor":16,"turns":29}],"seed_played":"-8092053860690858067","potions_obtained":[{"floor":1.0,"key":"Flashbang"},{"floor":2.0,"key":"LifebloodPotion"},{"floor":7.0,"key":"Cursed Concoction"},{"floor":14.0,"key":"Block Potion"}],"is_trial":false,"path_per_floor":["M","M","?","M","?","R","M","E","T","?","$","R","M","M","R","B"],"character_chosen":"KOISHI","items_purchased":["Koishi:LastRemote","Koishi:FreudianInstinct","TheAbacus"],"campfire_rested":2,"item_purchase_floors":[0,11,11],"current_hp_per_floor":[60,60,60,60,60,60,51,50,50,50,50,60,57,55,60,0,0],"gold":70,"neow_bonus":"","is_daily":false,"chose_seed":false,"campfire_upgraded":1,"win_rate":0.0,"timestamp":1613856516,"path_taken":["M","M","?","M","?","R","?","E","T","?","$","R","M","M","R","BOSS"],"items_purchased_type":["Card","Card","Relic"],"build_version":"2020-12-22","purchased_purges":0,"victory":false,"max_hp_per_floor":[60,60,60,60,60,60,60,60,60,60,60,60,60,60,60,60,60],"card_choices":[{"not_picked":["Koishi:PhantomStrike","Koishi:UnansweredLove"],"picked":"Koishi:JumpScare","floor":1.0},{"not_picked":["Koishi:UnconsciousUprising","Koishi:ParalyzingFear"],"picked":"Koishi:SubconsciousSweep","floor":2.0},{"not_picked":["Koishi:FourthEye","Koishi:Jaunt"],"picked":"Koishi:StingingMind","floor":4.0},{"not_picked":["Koishi:DanmakuParanoia","Koishi:StrangeCloudFist"],"picked":"Koishi:FreudianInstinct","floor":7.0},{"not_picked":["Koishi:DNAsFlaw","Koishi:MentalBreakdown"],"picked":"Koishi:TremblingHands","floor":8.0},{"not_picked":["Koishi:BramblyRoseGarden","Koishi:FourthEye"],"picked":"Koishi:GhostParty","floor":13.0},{"not_picked":["Koishi:Jaunt","Koishi:UnconsciousUprising"],"picked":"Koishi:GhostParty","floor":14.0}],"player_experience":144310,"relics_obtained":[{"floor":8.0,"key":"TungstenRod"},{"floor":9.0,"key":"infinitespire:Satchel"}],"event_choices":[],"is_beta":false,"boss_relics":[],"items_purged_floors":[],"is_endless":false,"potions_floor_spawned":[1,2,7,14],"killed_by":"Gensokyo:Kokoro","ascension_level":1}}