{"host":"or8fr2mp0k3eluj8","time":1613815762,"event":{"mods":["AchievementEnabler","BaseMod","Colored Map","DeckTracker","Minty Spire (QoL Compilation)","StSLib","SuperFastMode"],"gold_per_floor":[111,111,123,123,123,123,151,167,190,218,47,47,67,97,97,199,199,210,210,222,232,245,271,191,205,205,236,236,11,24,53,53,151,151,151,151],"floor_reached":35,"language":"KOR","playtime":959,"items_purged":["Strike_B","Strike_B","Strike_B"],"score":589,"play_id":"314bda65-5e74-4161-ad9a-19d8640ce08d","local_time":"20210220190922","is_ascension_mode":true,"campfire_choices":[{"data":"Zap","floor":6,"key":"SMITH"},{"data":"Dualcast","floor":15,"key":"SMITH"},{"data":"Echo Form","floor":28,"key":"SMITH"},{"data":"Scrape","floor":32,"key":"SMITH"}],"circlet_count":0,"master_deck":["Defend_B","Defend_B","Defend_B","Defend_B","Zap+1","Dualcast+1","Streamline","Cold Snap","Seek","Sweeping Beam","Go for the Eyes","Scrape+1","Flash of Steel","Chill","Beam Cell","Reboot","Conserve Battery+1","Steam Power+1","Echo Form+1","BootSequence","Compile Driver+1","Hologram","Meteor Strike","Coolheaded+1","All For One"],"relics":["Cracked Core","NeowsBlessing","Nunchaku","Anchor","Vajra","Bird Faced Urn","The Courier","SlaversCollar","Potion Belt","Gremlin Horn","Turnip","DataDisk","Blood Vial","Velvet Choker"],"acts_visited":["Exordium","TheCity","TheBeyond"],"potions_floor_usage":[31,31],"damage_taken":[{"damage":0,"enemies":"Jaw Worm","floor":1,"turns":1},{"damage":0,"enemies":"2 Louse","floor":3,"turns":1},{"damage":0,"enemies":"Gremlin Nob","floor":7,"turns":1},{"damage":0,"enemies":"Cultist","floor":8,"turns":3},{"damage":15,"enemies":"Lagavulin","floor":10,"turns":6},{"damage":0,"enemies":"Blue Slaver","floor":13,"turns":3},{"damage":16,"enemies":"Gremlin Nob","floor":14,"turns":3},{"damage":20,"enemies":"Slime Boss","floor":16,"turns":10},{"damage":0,"enemies":"Shell Parasite","floor":18,"turns":2},{"damage":0,"enemies":"2 Thieves","floor":20,"turns":4},{"damage":3,"enemies":"Centurion and Healer","floor":21,"turns":5},{"damage":18,"enemies":"Snake Plant","floor":22,"turns":3},{"damage":0,"enemies":"Gremlin Leader","floor":23,"turns":6},{"damage":9,"enemies":"Sentry and Sphere","floor":25,"turns":3},{"damage":0,"enemies":"Slavers","floor":27,"turns":4},{"damage":30,"enemies":"Shelled Parasite and Fungi","floor":30,"turns":4},{"damage":0,"enemies":"Gremlin Leader","floor":31,"turns":5},{"damage":23,"enemies":"Automaton","floor":33,"turns":7},{"damage":0,"enemies":"3 Darklings","floor":35,"turns":1}],"seed_played":"-6015603559545338266","potions_obtained":[{"floor":1,"key":"SneckoOil"},{"floor":10,"key":"EssenceOfDarkness"},{"floor":18,"key":"PowerPotion"},{"floor":19,"key":"DuplicationPotion"},{"floor":23,"key":"PotionOfCapacity"},{"floor":25,"key":"Block Potion"},{"floor":27,"key":"Explosive Potion"},{"floor":33,"key":"SpeedPotion"}],"is_trial":false,"path_per_floor":["M","?","M","?","?","R","E","M","T","E","$","?","M","E","R","B",null,"M","?","M","M","M","E","$","M","T","E","R","$","M","E","R","B",null,"M"],"character_chosen":"DEFECT","items_purchased":["Flash of Steel","DataDisk"],"campfire_rested":0,"item_purchase_floors":[11,29],"current_hp_per_floor":[75,80,80,80,80,80,80,80,80,65,65,62,62,46,46,26,80,80,80,80,77,61,63,63,54,54,56,56,56,28,32,32,13,80,80,80],"gold":151,"neow_bonus":"THREE_ENEMY_KILL","is_daily":false,"chose_seed":false,"campfire_upgraded":4,"win_rate":0.0,"timestamp":1613815762,"path_taken":["M","?","M","?","?","R","E","?","T","E","$","?","M","E","R","BOSS","M","?","?","M","M","E","$","M","T","E","R","$","M","E","R","BOSS","M"],"items_purchased_type":["Card","Relic"],"build_version":"2020-12-22","purchased_purges":3,"victory":false,"max_hp_per_floor":[75,80,80,80,80,80,80,80,80,80,80,80,80,80,80,80,80,80,80,80,80,80,80,80,80,80,80,80,80,80,80,80,80,80,80,80],"card_choices":[{"not_picked":["Fusion","Steam"],"picked":"Streamline","floor":1},{"not_picked":["Static Discharge","Fission"],"picked":"Cold Snap","floor":3},{"not_picked":["Beam Cell","Redo"],"picked":"Sweeping Beam","floor":7},{"not_picked":["Redo","Steam"],"picked":"Go for the Eyes","floor":8},{"not_picked":["Coolheaded","Barrage"],"picked":"Scrape","floor":10},{"not_picked":["Turbo","Barrage"],"picked":"Chill","floor":13},{"not_picked":["Lockon","White Noise"],"picked":"Beam Cell","floor":14},{"not_picked":["Thunder Strike","Fission"],"picked":"Reboot","floor":16},{"not_picked":["Coolheaded","Beam Cell+1"],"picked":"Conserve Battery+1","floor":18},{"not_picked":["Stack","White Noise"],"picked":"Steam Power+1","floor":20},{"not_picked":["Beam Cell","Undo"],"picked":"Echo Form","floor":21},{"not_picked":["Streamline+1","Compile Driver"],"picked":"BootSequence","floor":22},{"not_picked":["Beam Cell+1","Loop+1"],"picked":"Compile Driver+1","floor":23},{"not_picked":["Compile Driver","Melter"],"picked":"Hologram","floor":25},{"not_picked":["Go for the Eyes","BootSequence"],"picked":"Meteor Strike","floor":27},{"not_picked":["Gash","Streamline"],"picked":"Coolheaded+1","floor":30},{"not_picked":["Streamline","Go for the Eyes","Cold Snap"],"picked":"SKIP","floor":31},{"not_picked":["Biased Cognition","Buffer"],"picked":"All For One","floor":33}],"player_experience":392355,"relics_obtained":[{"floor":7,"key":"Nunchaku"},{"floor":9,"key":"Anchor"},{"floor":10,"key":"Vajra"},{"floor":14,"key":"The Courier"},{"floor":23,"key":"Potion Belt"},{"floor":26,"key":"Gremlin Horn"},{"floor":27,"key":"Turnip"},{"floor":31,"key":"Blood Vial"}],"event_choices":[{"damage_healed":0,"gold_gain":0,"player_choice":"Donut","damage_taken":0,"max_hp_gain":5,"max_hp_loss":0,"event_name":"Big Fish","floor":2,"gold_loss":0},{"cards_removed":["Strike_B"],"damage_healed":0,"gold_gain":0,"player_choice":"Forget","damage_taken":0,"max_hp_gain":0,"max_hp_loss":0,"event_name":"Living Wall","floor":4,"gold_loss":0},{"damage_healed":0,"gold_gain":0,"player_choice":"1 cards matched","damage_taken":0,"max_hp_gain":0,"max_hp_loss":0,"event_name":"Match and Keep!","floor":5,"gold_loss":0,"cards_obtained":["Seek"]},{"damage_healed":0,"gold_gain":0,"player_choice":"Success","damage_taken":3,"relics_obtained":["Bird Faced Urn"],"max_hp_gain":0,"max_hp_loss":0,"event_name":"Scrap Ooze","floor":12,"gold_loss":0},{"damage_healed":0,"gold_gain":0,"player_choice":"Got Potions","damage_taken":0,"max_hp_gain":0,"max_hp_loss":0,"event_name":"Lab","floor":19,"gold_loss":0}],"is_beta":false,"boss_relics":[{"not_picked":["Sozu","Philosopher\u0027s Stone"],"picked":"SlaversCollar"},{"not_picked":["FrozenCore","Inserter"],"picked":"Velvet Choker"}],"items_purged_floors":[11,24,29],"is_endless":false,"potions_floor_spawned":[1,10,18,23,25,27,33],"killed_by":"3 Darklings","ascension_level":2}}