{"host":"du3j2mdkciet31iv","time":1613841098,"event":{"mods":["BaseMod","Minty Spire (QoL Compilation)","Relic Stats","StSLib"],"gold_per_floor":[14,29,39,51,68,102,102,117,117,117,67,67,342,18,18,121,121,134,148,168,51,64,89,89,89],"floor_reached":24,"language":"ENG","playtime":2012,"items_purged":["Regret"],"score":220,"play_id":"571f12db-2d01-4375-bdec-192baeba406b","local_time":"20210220191138","is_ascension_mode":false,"campfire_choices":[{"data":"Consume","floor":7,"key":"SMITH"},{"data":"Defragment","floor":12,"key":"SMITH"},{"data":"Leap","floor":15,"key":"SMITH"}],"circlet_count":0,"master_deck":["Strike_B","Strike_B","Strike_B","Strike_B","Defend_B","Defend_B","Defend_B","Defend_B","Zap","Dualcast","Consume+1","Capacitor","Defragment+1","Buffer","Rebound","Leap+1","Defragment+1","PanicButton","Thunder Strike","Loop","Conserve Battery","Auto Shields","Redo","Leap"],"relics":["Cracked Core","Gambling Chip","Bag of Preparation","Shuriken","TungstenRod","DollysMirror","Coffee Dripper","Bottled Flame"],"acts_visited":["Exordium","TheCity"],"potions_floor_usage":[8,16,20,23,24],"damage_taken":[{"damage":0,"enemies":"Small Slimes","floor":1,"turns":2},{"damage":0,"enemies":"2 Louse","floor":2,"turns":3},{"damage":1,"enemies":"Cultist","floor":3,"turns":3},{"damage":9,"enemies":"Blue Slaver","floor":4,"turns":3},{"damage":15,"enemies":"3 Louse","floor":5,"turns":5},{"damage":16,"enemies":"Lagavulin","floor":6,"turns":8},{"damage":13,"enemies":"Exordium Thugs","floor":8,"turns":3},{"damage":12,"enemies":"Slime Boss","floor":16,"turns":9},{"damage":1,"enemies":"3 Byrds","floor":18,"turns":5},{"damage":0,"enemies":"Spheric Guardian","floor":19,"turns":4},{"damage":6,"enemies":"Snake Plant","floor":20,"turns":4},{"damage":0,"enemies":"Snecko","floor":22,"turns":4},{"damage":52,"enemies":"Slavers","floor":23,"turns":7},{"damage":17,"enemies":"Cultist and Chosen","floor":24,"turns":4}],"seed_played":"-4564974340638954432","potions_obtained":[{"floor":4,"key":"Energy Potion"},{"floor":8,"key":"DistilledChaos"},{"floor":16,"key":"SneckoOil"},{"floor":18,"key":"AttackPotion"},{"floor":23,"key":"SteroidPotion"}],"is_trial":false,"path_per_floor":["M","M","M","M","M","E","R","M","T","?","?","R","?","$","R","B",null,"M","M","M","$","M","E","M"],"character_chosen":"DEFECT","items_purchased":["DollysMirror","PanicButton","Auto Shields","Redo"],"campfire_rested":0,"item_purchase_floors":[14,14,21,21],"current_hp_per_floor":[75,75,74,65,50,34,34,21,21,21,21,21,21,21,21,9,75,74,74,68,68,68,16,0,0],"gold":89,"neow_bonus":"ONE_RARE_RELIC","is_daily":false,"chose_seed":false,"campfire_upgraded":3,"win_rate":0.0,"timestamp":1613841098,"path_taken":["M","M","M","M","M","E","R","M","T","?","?","R","?","$","R","BOSS","M","M","M","$","M","E","?"],"items_purchased_type":["Relic","Card","Card","Card"],"build_version":"2020-12-22","purchased_purges":1,"victory":false,"max_hp_per_floor":[75,75,75,75,75,75,75,75,75,75,75,75,75,75,75,75,75,75,75,75,75,75,75,75,75],"relic_stats":{"counters":[14,62],"Shuriken":[0],"Gambling Chip":[63],"Bag of Preparation":[16],"obtain_stats":[{"Bottled Flame":23,"Shuriken":9,"DollysMirror":14,"Gambling Chip":0,"Bag of Preparation":6,"Coffee Dripper":17,"Cracked Core":0,"TungstenRod":10},{"Bottled Flame":13,"Shuriken":7,"DollysMirror":7,"Gambling Chip":0,"Bag of Preparation":6,"Coffee Dripper":8,"Cracked Core":0,"TungstenRod":7},{"Bottled Flame":58,"Shuriken":27,"DollysMirror":27,"Gambling Chip":0,"Bag of Preparation":24,"Coffee Dripper":36,"Cracked Core":0,"TungstenRod":27}],"TungstenRod":20},"card_choices":[{"not_picked":["Beam Cell","Cold Snap"],"picked":"Consume","floor":1},{"not_picked":["Coolheaded","Compile Driver"],"picked":"Capacitor","floor":2},{"not_picked":["Compile Driver","Leap"],"picked":"Defragment","floor":3},{"not_picked":["Streamline","FTL","Steam"],"picked":"SKIP","floor":4},{"not_picked":["Ball Lightning","Redo"],"picked":"Buffer","floor":5},{"not_picked":["Double Energy","Sweeping Beam"],"picked":"Rebound","floor":6},{"not_picked":["Skim","Melter"],"picked":"Leap","floor":8},{"not_picked":["Creative AI","Fission"],"picked":"Thunder Strike","floor":16},{"not_picked":["Fusion","Blizzard"],"picked":"Loop","floor":18},{"not_picked":["Go for the Eyes","Consume"],"picked":"Conserve Battery","floor":19},{"not_picked":["Cold Snap","Barrage","Genetic Algorithm"],"picked":"SKIP","floor":20},{"not_picked":["Conserve Battery","Sweeping Beam","Reinforced Body"],"picked":"SKIP","floor":22},{"not_picked":["Cold Snap","Seek"],"picked":"Leap","floor":23}],"player_experience":43373,"relics_obtained":[{"floor":6,"key":"Bag of Preparation"},{"floor":9,"key":"Shuriken"},{"floor":23,"key":"Bottled Flame"}],"event_choices":[{"damage_healed":0,"gold_gain":0,"player_choice":"Box","damage_taken":0,"relics_obtained":["TungstenRod"],"max_hp_gain":0,"max_hp_loss":0,"event_name":"Big Fish","floor":10,"gold_loss":0,"cards_obtained":["Regret"]},{"cards_removed":["Regret"],"damage_healed":0,"gold_gain":0,"player_choice":"Card Removal","damage_taken":0,"max_hp_gain":0,"max_hp_loss":0,"event_name":"The Cleric","floor":11,"gold_loss":50},{"damage_healed":0,"gold_gain":275,"player_choice":"Desecrate","damage_taken":0,"max_hp_gain":0,"max_hp_loss":0,"event_name":"Golden Shrine","floor":13,"gold_loss":0,"cards_obtained":["Regret"]}],"is_beta":false,"boss_relics":[{"not_picked":["Philosopher\u0027s Stone","Runic Dome"],"picked":"Coffee Dripper"}],"items_purged_floors":[14],"is_endless":false,"potions_floor_spawned":[4,8,16,18,23],"killed_by":"Cultist and Chosen","ascension_level":0}}