{"host":"wrdw6zkxuilnr6rg","time":1613784213,"event":{"mods":["BaseMod","Colored Powertips","Minty Spire (QoL Compilation)","Relic Stats","StSLib"],"gold_per_floor":[113,113,38,313,327,327,337,363,363,377,36,68,68,49,49,126,126,136,136,60,76,88,88,104,136,136,136,152,152,36,56,56,56,56],"floor_reached":33,"language":"ENG","playtime":929,"items_purged":["Regret","Regret","Strike_P","Defend_P"],"score":523,"play_id":"f32a50d3-f11a-436d-9d16-51aabb3ff85a","local_time":"20210220042333","is_ascension_mode":true,"campfire_choices":[{"data":"Eruption","floor":6.0,"key":"SMITH"},{"data":"BattleHymn","floor":13.0,"key":"SMITH"},{"floor":15.0,"key":"REST"},{"data":"Establishment","floor":23.0,"key":"SMITH"},{"data":"Omniscience","floor":27.0,"key":"SMITH"},{"floor":29.0,"key":"REST"},{"data":"MentalFortress","floor":32.0,"key":"SMITH"}],"circlet_count":0,"master_deck":["AscendersBane","Strike_P","Strike_P","Strike_P","Defend_P","Defend_P","Defend_P","Eruption+1","Vigilance","Swivel","EmptyMind","ReachHeaven","Omniscience+1","CarveReality","Dark Shackles","EmptyFist","BattleHymn+1","FollowUp","Vengeance","Establishment+1","MentalFortress+1","BowlingBash","Wallop","Protect","TalkToTheHand"],"relics":["PureWater","NeowsBlessing","White Beast Statue","Pear","Blood Vial","Membership Card","HornCleat","Busted Crown","Toxic Egg 2","Bottled Lightning"],"acts_visited":["Exordium","TheCity"],"potions_floor_usage":[33,33],"damage_taken":[{"damage":0.0,"enemies":"2 Louse","floor":1.0,"turns":1.0},{"damage":0.0,"enemies":"Cultist","floor":5.0,"turns":1.0},{"damage":0.0,"enemies":"Small Slimes","floor":7.0,"turns":1.0},{"damage":38.0,"enemies":"Lagavulin","floor":8.0,"turns":3.0},{"damage":0.0,"enemies":"2 Fungi Beasts","floor":10.0,"turns":2.0},{"damage":8.0,"enemies":"Gremlin Nob","floor":12.0,"turns":3.0},{"damage":37.0,"enemies":"The Guardian","floor":16.0,"turns":7.0},{"damage":5.0,"enemies":"Shell Parasite","floor":18.0,"turns":3.0},{"damage":0.0,"enemies":"Spheric Guardian","floor":21.0,"turns":3.0},{"damage":4.0,"enemies":"Snecko","floor":22.0,"turns":5.0},{"damage":15.0,"enemies":"Snake Plant","floor":24.0,"turns":3.0},{"damage":11.0,"enemies":"Gremlin Leader","floor":25.0,"turns":6.0},{"damage":36.0,"enemies":"Centurion and Healer","floor":28.0,"turns":4.0},{"damage":8.0,"enemies":"Chosen and Byrds","floor":31.0,"turns":5.0},{"damage":61,"enemies":"Collector","floor":33,"turns":11}],"seed_played":"4342448859332995996","potions_obtained":[{"floor":1.0,"key":"BottledMiracle"},{"floor":5.0,"key":"DuplicationPotion"},{"floor":8.0,"key":"Fire Potion"},{"floor":10.0,"key":"ColorlessPotion"},{"floor":12.0,"key":"ColorlessPotion"},{"floor":19.0,"key":"Block Potion"},{"floor":22.0,"key":"Regen Potion"},{"floor":24.0,"key":"AttackPotion"},{"floor":25.0,"key":"ColorlessPotion"},{"floor":28.0,"key":"Fire Potion"},{"floor":31.0,"key":"Regen Potion"}],"is_trial":false,"path_per_floor":["M","?","$","?","M","R","M","E","T","M","$","E","R","$","R","B",null,"M","?","$","M","M","R","M","E","T","R","M","R","$","M","R","B"],"character_chosen":"WATCHER","items_purchased":["Membership Card","Dark Shackles","EmptyFist","BattleHymn","Vengeance","BowlingBash","TalkToTheHand"],"campfire_rested":2,"item_purchase_floors":[11,11,11,11,14,20,30],"current_hp_per_floor":[61,61,61,61,61,61,61,33,33,35,35,29,29,29,52,17,63,60,60,60,62,60,60,47,53,53,53,19,42,42,36,36,0,0],"gold":56,"neow_bonus":"THREE_ENEMY_KILL","is_daily":false,"chose_seed":false,"campfire_upgraded":5,"win_rate":0.0,"timestamp":1613784213,"path_taken":["M","?","$","?","?","R","M","E","T","M","$","E","R","$","R","BOSS","M","?","$","M","M","R","M","E","T","R","?","R","$","M","R","BOSS"],"items_purchased_type":["Relic","Card","Card","Card","Card","Card","Card"],"build_version":"2020-12-22","purchased_purges":4,"victory":false,"max_hp_per_floor":[68,68,68,68,68,68,68,78,78,78,78,78,78,78,78,78,78,78,78,78,78,78,78,78,78,78,78,78,78,78,78,78,78,78],"relic_stats":{"Blood Vial":22,"Busted Crown":14,"counters":[15,58],"obtain_stats":[{"Blood Vial":9,"Pear":8,"HornCleat":12,"Busted Crown":17,"NeowsBlessing":0,"Membership Card":11,"Bottled Lightning":26,"PureWater":0,"Toxic Egg 2":25,"White Beast Statue":2},{"Blood Vial":4,"Pear":4,"HornCleat":6,"Busted Crown":7,"NeowsBlessing":0,"Membership Card":5,"Bottled Lightning":12,"PureWater":0,"Toxic Egg 2":12,"White Beast Statue":1},{"Blood Vial":6,"Pear":6,"HornCleat":11,"Busted Crown":18,"NeowsBlessing":0,"Membership Card":8,"Bottled Lightning":38,"PureWater":0,"Toxic Egg 2":38,"White Beast Statue":1}]},"card_choices":[{"not_picked":["Sanctity","Wireheading"],"picked":"Swivel","floor":1.0},{"not_picked":["FlurryOfBlows","ThirdEye"],"picked":"EmptyMind","floor":5.0},{"not_picked":["WaveOfTheHand","JustLucky"],"picked":"ReachHeaven","floor":7.0},{"not_picked":["EmptyMind","Collect"],"picked":"Omniscience","floor":8.0},{"not_picked":["Consecrate","PathToVictory"],"picked":"CarveReality","floor":10.0},{"not_picked":["Prostrate","Study"],"picked":"FollowUp","floor":12.0},{"not_picked":["Wish","Blasphemy"],"picked":"Establishment","floor":16.0},{"not_picked":[],"picked":"MentalFortress","floor":18.0},{"not_picked":[],"picked":"Wallop","floor":21.0},{"not_picked":["CrushJoints"],"picked":"SKIP","floor":22.0},{"not_picked":[],"picked":"Protect","floor":24.0},{"not_picked":["Study"],"picked":"SKIP","floor":28.0}],"player_experience":1463910,"relics_obtained":[{"floor":8.0,"key":"Pear"},{"floor":9.0,"key":"Blood Vial"},{"floor":12.0,"key":"HornCleat"},{"floor":25.0,"key":"Toxic Egg 2"},{"floor":26.0,"key":"Bottled Lightning"}],"event_choices":[{"damage_healed":0.0,"max_hp_gain":0.0,"max_hp_loss":0.0,"gold_gain":0.0,"event_name":"Big Fish","player_choice":"Box","floor":2.0,"gold_loss":0.0,"damage_taken":0.0,"relics_obtained":["White Beast Statue"],"cards_obtained":["Regret"]},{"damage_healed":0.0,"max_hp_gain":0.0,"max_hp_loss":0.0,"gold_gain":275.0,"event_name":"Golden Shrine","player_choice":"Desecrate","floor":4.0,"gold_loss":0.0,"damage_taken":0.0,"cards_obtained":["Regret"]},{"damage_healed":0.0,"max_hp_gain":0.0,"max_hp_loss":0.0,"gold_gain":0.0,"event_name":"Lab","player_choice":"Got Potions","floor":19.0,"gold_loss":0.0,"damage_taken":0.0}],"is_beta":false,"boss_relics":[{"not_picked":["Black Star","Fusion Hammer"],"picked":"Busted Crown"}],"items_purged_floors":[3,11,20,30],"is_endless":false,"potions_floor_spawned":[1,5,7,8,10,12,16,18,21,22,24,25,28,31],"killed_by":"Collector","ascension_level":18}}