{"host":"u0qetpmu4y58k1tf","time":1613797685,"event":{"mods":["100% Spire Juice","AchievementEnabler","Act Like it!","BaseMod","CapriCore","Colored Map","Colored Powertips","Hermit","Koishi","Marisa£¨Ùöéë¡¡Øª×âÞÞ£©","Minty Spire (QoL Compilation)","Quick Restart","Reliquary","Replay The Spire","StSLib","Td1madao Mod","The Bug Knight","The Cursed","The Dragon Tamer","The Gatherer","The Hierophant","The Immortal","The Jungle","The Runesmith","WarShipGirlsR/??á´Ò³R mod"],"gold_per_floor":[118,304,317,331,344,375,375,406,406,441,366,384,413,445,445,524,524,541,560,260,279,315,315,315,315],"floor_reached":24,"language":"KOR","playtime":2138,"items_purged":["HollowMod:DashSlash"],"score":562,"play_id":"2c5919f5-7ba9-416d-96c8-9fb7864b4ff7","local_time":"20210220140805","daily_mods":["Draft","Diverse","DeadlyEvents","Elite Swarm"],"is_ascension_mode":true,"campfire_choices":[{"floor":7.0,"key":"REST"},{"floor":15.0,"key":"DIG"},{"data":"HollowMod:NewLastStag","floor":23,"key":"SMITH"},{"data":"White Noise","floor":23,"key":"SMITH"}],"circlet_count":0,"master_deck":["AscendersBane","Swivel","Gatherer:Herbalism","Moonworks:CloudOfSeagulls","Uppercut","Runesmith:HammerAndChisel","hermit:ItchyTrigger","OpenUniverse","Gatherer:ScherryThrow","Pray","MokouMod:SearingShot","hermit:CalledShot","MokouMod:Overheat","rmod:fletcherpendant","Gatherer:ScherryThrow","DTMod:InvisibleFlame","White Noise+1","Gatherer:Uplift","IllusionStar","Reboot","Brutality","hermit:EternalForm","JA","TheCursedMod:DemonSword","HollowMod:VoidDash","Moonworks:EvilSpyWorkPreparation","HollowMod:NewLastStag+1","Moonworks:SubspaceTunnel"],"relics":["HollowMod:VesselMask","Meat on the Bone","reliquary:BoilingFlask","Letter Opener","HollowMod:QueensCombRelic","reliquary:OuijaBoard","Replay:Arrowhead","Dead Branch","reliquary:ThirdArm","CeramicFish"],"acts_visited":["Exordium","TheCity"],"potions_floor_usage":[24,24],"damage_taken":[{"damage":2.0,"enemies":"Jaw Worm","floor":1.0,"turns":3.0},{"damage":0.0,"enemies":"Small Slimes","floor":3.0,"turns":3.0},{"damage":8.0,"enemies":"Cultist","floor":4.0,"turns":3.0},{"damage":7.0,"enemies":"Red Slaver","floor":5.0,"turns":3.0},{"damage":18.0,"enemies":"3 Sentries","floor":6.0,"turns":6.0},{"damage":20.0,"enemies":"Lagavulin","floor":8.0,"turns":4.0},{"damage":5.0,"enemies":"3 Sentries","floor":10.0,"turns":4.0},{"damage":8.0,"enemies":"Blue Slaver","floor":12.0,"turns":2.0},{"damage":32.0,"enemies":"Gremlin Nob","floor":13.0,"turns":4.0},{"damage":0.0,"enemies":"Lagavulin","floor":14.0,"turns":3.0},{"damage":30.0,"enemies":"Hexaghost","floor":16.0,"turns":8.0},{"damage":37.0,"enemies":"2 Thieves","floor":18.0,"turns":4.0},{"damage":6,"enemies":"HollowMod:HuskSentry","floor":19,"turns":5},{"damage":38,"enemies":"Cultist and Chosen","floor":21,"turns":5},{"damage":10,"enemies":"HollowMod:Nosk","floor":22,"turns":6},{"damage":31,"enemies":"Slavers","floor":24,"turns":2}],"seed_played":"-9200957126921493576","potions_obtained":[{"floor":3.0,"key":"Fire Potion"},{"floor":4.0,"key":"GamblersBrew"},{"floor":10.0,"key":"Ancient Potion"},{"floor":13.0,"key":"AttackPotion"},{"floor":14.0,"key":"Languid Potion"},{"floor":21,"key":"ColorlessPotion"},{"floor":22,"key":"Swift Potion"}],"is_trial":true,"path_per_floor":["M","?","M","M","M","E","R","E","T","E","$","M","E","E","R_BF","B",null,"M","M","?","M","E","R","E"],"character_chosen":"THE_BUGKNIGHT","items_purchased":[],"campfire_rested":1,"item_purchase_floors":[],"current_hp_per_floor":[66,42,42,34,27,9,31,23,23,30,30,26,14,26,26,20,43,22,36,36,14,24,24,0,0],"gold":315,"neow_bonus":"","is_daily":false,"chose_seed":false,"campfire_upgraded":2,"win_rate":0.0,"timestamp":1613797685,"path_taken":["M","?","?","M","M","E","R","E","T","E","$","M","E","?","R_BF","BOSS","M","M","?","?","?","R","E"],"items_purchased_type":[],"build_version":"2020-12-22","purchased_purges":1,"victory":false,"max_hp_per_floor":[75,75,75,75,75,75,75,75,75,50,50,50,50,50,50,50,50,50,50,50,50,50,50,50,50],"card_choices":[{"not_picked":["hierophant:HolyVerse","TheCursedMod:SpitefulStrike"],"picked":"Swivel","floor":0.0},{"not_picked":["UnstableBomb","ReplayTheSpireMod:Strike From Hell"],"picked":"Gatherer:Herbalism","floor":0.0},{"not_picked":["Moonworks:BigMagnum","Koishi:SubterraneanRose"],"picked":"Moonworks:CloudOfSeagulls","floor":0.0},{"not_picked":["TheCursedMod:Torture","Body Slam"],"picked":"Uppercut","floor":0.0},{"not_picked":["Cold Snap","Moonworks:CastOff"],"picked":"Runesmith:HammerAndChisel","floor":0.0},{"not_picked":["Koishi:SpiritedAway","Koishi:PhantomStrike"],"picked":"hermit:ItchyTrigger","floor":0.0},{"not_picked":["Gatherer:TacticalStrike","rmod:supportescort"],"picked":"OpenUniverse","floor":0.0},{"not_picked":["TheCursedMod:Stretching","Underhanded Strike"],"picked":"Gatherer:ScherryThrow","floor":0.0},{"not_picked":["PulseMagic","Moonworks:SealedMemories"],"picked":"Pray","floor":0.0},{"not_picked":["DTMod:Weaken","Bane"],"picked":"MokouMod:SearingShot","floor":0.0},{"not_picked":["hermit:LowProfile","DTMod:BreakAttack"],"picked":"HollowMod:DashSlash","floor":0.0},{"not_picked":["Sword Boomerang","Koishi:Prune"],"picked":"hermit:CalledShot","floor":0.0},{"not_picked":["MokouMod:FujiyamaVolcano","MokouMod:Sear"],"picked":"MokouMod:Overheat","floor":0.0},{"not_picked":["Runesmith:RunicBlueprint","Runesmith:RuneHurl"],"picked":"rmod:fletcherpendant","floor":0.0},{"not_picked":["MokouMod:IcarusDive","Fluid Movement"],"picked":"Gatherer:ScherryThrow","floor":0.0},{"not_picked":["hermit:Misfire","Load Balancing"],"picked":"DTMod:InvisibleFlame","floor":1.0},{"not_picked":["Darkness","Perfected Strike"],"picked":"White Noise","floor":2.0},{"not_picked":["Dagger Spray","ShootingEcho"],"picked":"Gatherer:Uplift","floor":3.0},{"not_picked":["Iron Wave","Heel Hook","Leap"],"picked":"SKIP","floor":4.0},{"not_picked":["MokouMod:HeartofFire","Fire Blade"],"picked":"IllusionStar","floor":5.0},{"not_picked":["Omniscience","Gatherer:LuckyClover"],"picked":"Reboot","floor":6.0},{"not_picked":["Koishi:FormlessExistence","TheCursedMod:ManaCirculation"],"picked":"Brutality","floor":8.0},{"not_picked":["DTMod:Outburst","Fission"],"picked":"hermit:EternalForm","floor":10.0},{"not_picked":["Runesmith:CraftSpiculum","Anger","hermit:SprayPray"],"picked":"SKIP","floor":12.0},{"not_picked":["Data Freezing","CollectingQuirk"],"picked":"JA","floor":13.0},{"not_picked":["DTMod:OpeningTactic","Runesmith:FissionHammer"],"picked":"TheCursedMod:DemonSword","floor":14.0},{"not_picked":["Offering","MillisecondPulsars"],"picked":"HollowMod:VoidDash","floor":16.0},{"not_picked":["Black Execution","Stack","hierophant:HammerAndAnvil"],"picked":"SKIP","floor":18.0},{"not_picked":["hermit:Headshot","MokouMod:ResoluteFlare"],"picked":"Moonworks:EvilSpyWorkPreparation","floor":19},{"not_picked":["Shockwave","MokouMod:Sear","TheCursedMod:Stigma"],"picked":"SKIP","floor":21},{"not_picked":["Replay:Many Hands","DTMod:StunTrap"],"picked":"Moonworks:SubspaceTunnel","floor":22}],"player_experience":173278,"relics_obtained":[{"floor":6.0,"key":"Meat on the Bone"},{"floor":8.0,"key":"reliquary:BoilingFlask"},{"floor":9.0,"key":"Letter Opener"},{"floor":10.0,"key":"HollowMod:QueensCombRelic"},{"floor":13.0,"key":"reliquary:OuijaBoard"},{"floor":14.0,"key":"Replay:Arrowhead"},{"floor":15.0,"key":"Dead Branch"},{"floor":22,"key":"CeramicFish"}],"event_choices":[],"is_beta":false,"boss_relics":[{"not_picked":["Tiny House","reliquary:Ember"],"picked":"reliquary:ThirdArm"}],"items_purged_floors":[11],"is_endless":false,"potions_floor_spawned":[3,4,10,13,14,21,22],"killed_by":"Slavers","ascension_level":20}}