{"host":"ic2tkuszswx2acha","time":1613845404,"event":{"mods":["BaseMod","Googly Eyes","Minty Spire (QoL Compilation)","StSLib","The Cursed"],"gold_per_floor":[111,124,79,95,95,112,112,124,148,148,148,168,188,203,203,306,306,324,424,444,455,455,455,455,455,478,498,336,348,348,367,367,367,367],"floor_reached":33,"language":"ENG","playtime":2490,"items_purged":[],"score":268,"play_id":"ded68ca7-8faa-4f68-bf6b-1e951f91b62f","local_time":"20210220122324","is_ascension_mode":false,"campfire_choices":[{"data":"TheCursedMod:HellfireBreathing","floor":7,"key":"SMITH"},{"data":"TheCursedMod:CursedWand","floor":10,"key":"SMITH"},{"floor":15,"key":"REST"},{"floor":23,"key":"REST"},{"floor":25,"key":"REST"},{"floor":32,"key":"REST"}],"circlet_count":0,"master_deck":["TheCursedMod:Strike_TheCursed+1","TheCursedMod:Strike_TheCursed+1","TheCursedMod:Strike_TheCursed+1","TheCursedMod:Strike_TheCursed+1","TheCursedMod:Defend_TheCursed+1","TheCursedMod:Defend_TheCursed+1","TheCursedMod:Defend_TheCursed+1","TheCursedMod:CursedWand+1","TheCursedMod:CleanUpWorkshop+1","TheCursedMod:Dregs","TheCursedMod:CursedShiv","TheCursedMod:HellfireBreathing+1","TheCursedMod:Wield","TheCursedMod:CursedArmor","TheCursedMod:WearCloak","TheCursedMod:TacticalStrike","TheCursedMod:AntiAging","TheCursedMod:CursedBoomerang","TheCursedMod:Evocation+1","TheCursedMod:CursedShiv+1","TheCursedMod:HellsGateOpen","TheCursedMod:CursedShiv","TheCursedMod:CursedStaff","TheCursedMod:AbyssShockwave"],"relics":["TheCursedMod:BlackMagic101","Potion Belt","Boot","Empty Cage","TheCursedMod:DemonicMark","Omamori"],"acts_visited":["Exordium","TheCity"],"potions_floor_usage":[],"damage_taken":[{"damage":0,"enemies":"Cultist","floor":1,"turns":4},{"damage":1,"enemies":"Jaw Worm","floor":2,"turns":4},{"damage":0,"enemies":"2 Louse","floor":4,"turns":2},{"damage":12,"enemies":"Gremlin Gang","floor":6,"turns":3},{"damage":2,"enemies":"Exordium Wildlife","floor":8,"turns":3},{"damage":3,"enemies":"2 Fungi Beasts","floor":12,"turns":4},{"damage":3,"enemies":"Red Slaver","floor":13,"turns":4},{"damage":0,"enemies":"3 Louse","floor":14,"turns":2},{"damage":108,"enemies":"Slime Boss","floor":16,"turns":16},{"damage":20,"enemies":"Chosen","floor":18,"turns":6},{"damage":23,"enemies":"2 Thieves","floor":20,"turns":4},{"damage":30,"enemies":"Centurion and Healer","floor":21,"turns":10},{"damage":20,"enemies":"3 Cultists","floor":27,"turns":7},{"damage":14,"enemies":"Snake Plant","floor":29,"turns":4},{"damage":5,"enemies":"Centurion and Healer","floor":31,"turns":5},{"damage":71,"enemies":"Automaton","floor":33,"turns":6}],"seed_played":"7594097594710266620","potions_obtained":[{"floor":1,"key":"Energy Potion"},{"floor":2,"key":"Block Potion"},{"floor":8,"key":"FairyPotion"},{"floor":12,"key":"DuplicationPotion"},{"floor":13,"key":"Regen Potion"},{"floor":16,"key":"SteroidPotion"}],"is_trial":false,"path_per_floor":["M","M","$","M","?","M","R","M","T","R","?","M","M","M","R","B",null,"M","?","M","M","?","R","T","R","T","M","$","M","?","M","R","B"],"character_chosen":"THE_CURSED","items_purchased":["TheCursedMod:Wield","TheCursedMod:HellsGateOpen","TheCursedMod:CursedShiv","TheCursedMod:CursedStaff"],"campfire_rested":4,"item_purchase_floors":[3,28,28,28],"current_hp_per_floor":[82,81,81,81,74,62,62,60,60,60,60,57,54,56,81,4,86,68,68,45,15,15,41,41,67,67,49,49,35,35,30,57,0,0],"gold":367,"neow_bonus":"TEN_PERCENT_HP_BONUS","is_daily":false,"chose_seed":false,"campfire_upgraded":2,"win_rate":0.0,"timestamp":1613845404,"path_taken":["M","M","$","?","?","M","R","M","T","R","?","?","M","M","R","BOSS","M","?","?","M","?","R","?","R","T","M","$","?","?","M","R","BOSS"],"items_purchased_type":["Card","Card","Card","Card"],"build_version":"2020-12-22","purchased_purges":0,"victory":false,"max_hp_per_floor":[82,82,82,82,82,82,82,82,82,82,82,82,82,84,84,86,86,88,88,88,88,88,88,88,88,88,90,90,90,90,90,90,90,90],"card_choices":[{"not_picked":["TheCursedMod:RapidMovement","TheCursedMod:Torture"],"picked":"TheCursedMod:CursedShiv","floor":1},{"not_picked":["TheCursedMod:AbyssShockwave","TheCursedMod:CursedArmor"],"picked":"TheCursedMod:HellfireBreathing","floor":2},{"not_picked":["TheCursedMod:Stigma","TheCursedMod:CursedBlade"],"picked":"TheCursedMod:CursedArmor","floor":4},{"not_picked":["TheCursedMod:SoulCrush","TheCursedMod:CursedAmulet","TheCursedMod:CircleOfFlame"],"picked":"SKIP","floor":6},{"not_picked":["TheCursedMod:FleshFromBone","TheCursedMod:Obscuration"],"picked":"TheCursedMod:WearCloak","floor":8},{"not_picked":["TheCursedMod:Grudge","TheCursedMod:WearCloak"],"picked":"TheCursedMod:TacticalStrike","floor":12},{"not_picked":["TheCursedMod:SpreadPlague","TheCursedMod:CursedShiv"],"picked":"TheCursedMod:AntiAging","floor":13},{"not_picked":["TheCursedMod:Wield","TheCursedMod:TacticalStrike"],"picked":"TheCursedMod:SpitefulStrike","floor":14},{"not_picked":["TheCursedMod:RapidMovement+1","TheCursedMod:Obscuration"],"picked":"TheCursedMod:CursedBoomerang","floor":18},{"not_picked":["TheCursedMod:Stretching+1","TheCursedMod:WearCloak","TheCursedMod:Stigma"],"picked":"SKIP","floor":20},{"not_picked":["TheCursedMod:RavingStaff+1","TheCursedMod:CircleOfCorruption"],"picked":"TheCursedMod:Evocation+1","floor":21},{"not_picked":["TheCursedMod:DarkBarrier","TheCursedMod:Wield"],"picked":"TheCursedMod:CursedShiv+1","floor":27},{"not_picked":["TheCursedMod:TacticalStrike","TheCursedMod:RavingStaff","TheCursedMod:SaltUponWound"],"picked":"SKIP","floor":29},{"not_picked":["TheCursedMod:Wield","TheCursedMod:CircleOfAmplification+1"],"picked":"TheCursedMod:AbyssShockwave","floor":31}],"player_experience":67307,"relics_obtained":[{"floor":9,"key":"Boot"},{"floor":24,"key":"TheCursedMod:DemonicMark"},{"floor":26,"key":"Omamori"}],"event_choices":[{"damage_healed":0,"gold_gain":0,"player_choice":"Success","damage_taken":7,"relics_obtained":["Potion Belt"],"max_hp_gain":0,"max_hp_loss":0,"event_name":"Scrap Ooze","floor":5,"gold_loss":0},{"damage_healed":0,"gold_gain":0,"player_choice":"Upgraded","damage_taken":0,"max_hp_gain":0,"max_hp_loss":0,"event_name":"Upgrade Shrine","floor":11,"gold_loss":0,"cards_upgraded":["TheCursedMod:CleanUpWorkshop"]},{"damage_healed":0,"gold_gain":100,"player_choice":"Pray","damage_taken":0,"max_hp_gain":0,"max_hp_loss":0,"event_name":"Golden Shrine","floor":19,"gold_loss":0},{"damage_healed":0,"gold_gain":0,"player_choice":"Simplicity","damage_taken":0,"max_hp_gain":0,"max_hp_loss":0,"event_name":"Back to Basics","floor":22,"gold_loss":0,"cards_upgraded":["TheCursedMod:Strike_TheCursed","TheCursedMod:Strike_TheCursed","TheCursedMod:Strike_TheCursed","TheCursedMod:Strike_TheCursed","TheCursedMod:Defend_TheCursed","TheCursedMod:Defend_TheCursed","TheCursedMod:Defend_TheCursed"]},{"damage_healed":0,"gold_gain":0,"player_choice":"Ignored","damage_taken":0,"max_hp_gain":0,"max_hp_loss":0,"event_name":"Vampires","floor":30,"gold_loss":0}],"is_beta":false,"boss_relics":[{"not_picked":["Fusion Hammer","Coffee Dripper"],"picked":"Empty Cage"}],"items_purged_floors":[],"is_endless":false,"potions_floor_spawned":[1,2,8,12,13,16,20,21],"killed_by":"Automaton","ascension_level":0}}