{"host":"turdyikuxcak11ni","time":1613801958,"event":{"mods":["AchievementEnabler","BaseMod","Better Altar","Better Match","Better Note","Better Sensory Stone","Better Skull","Better Third Choice","Better Vampires","Colored Map","Conspire","Downfall","Hubris","Minty Spire (QoL Compilation)","Quick Restart","Relic Stats","Replay The Spire","Spicy Shops","StSLib","SuperFastMode"],"gold_per_floor":[117,117,136,149,149,149,179,179,179,194,208,226,241,255,255,354,354,366,382,402,419,72,72,88,114,114,114,124,159,173,201,201,301,301,314,274,293,96,113,144,154,43,43,75,75,88,88,100,100,100,100],"floor_reached":50,"language":"ENG","playtime":2934,"items_purged":[],"score":794,"play_id":"ed4eb355-1b73-4b2c-8ebc-f3d8aa377fe8","local_time":"20210219221918","is_ascension_mode":true,"campfire_choices":[{"data":"Anger","floor":6,"key":"SMITH"},{"floor":8,"key":"REST"},{"data":"Battle Trance","floor":15,"key":"SMITH"},{"floor":23,"key":"REST"},{"floor":32,"key":"REST"},{"floor":45,"key":"REST"},{"floor":47,"key":"REST"},{"data":"Dark Embrace","floor":49,"key":"SMITH"}],"circlet_count":0,"master_deck":["conspire:GhostlyStrike","conspire:GhostlyStrike+1","conspire:GhostlyStrike+1","conspire:GhostlyStrike","conspire:GhostlyDefend","conspire:GhostlyDefend","conspire:GhostlyDefend","conspire:GhostlyDefend","Bash","Battle Trance+1","Anger+1","Shrug It Off","Feel No Pain","conspire:Charge","Clash","Defy Death","conspire:HitWhereItHurts","Pommel Strike+1","Clash+1","Anger+1","Dark Embrace+1","Flex+1"],"relics":["Burning Blood","Blue Candle","Snack Pack","Replay:Bronze Core","TheAbacus","conspire:Boomerang","hubris:Metronome","Omamori","Centennial Puzzle","Calling Bell","Toy Ornithopter","Molten Egg 2","Replay:Multitool","hubris:SlimyHat","hubris:MysteriousPyramids","ReplayTheSpireMod:Shallot","Bottled Flame"],"acts_visited":["Exordium","TheCity","TheBeyond"],"potions_floor_usage":[7,10,12,18,19,21,24,24,31,37,39,40,44,44,50],"damage_taken":[{"damage":13,"enemies":"Jaw Worm","floor":1,"turns":5},{"damage":11,"enemies":"Cultist","floor":3,"turns":4},{"damage":12,"enemies":"Small Slimes","floor":4,"turns":4},{"damage":24,"enemies":"3 Sentries","floor":7,"turns":7},{"damage":12,"enemies":"Exordium Thugs","floor":10,"turns":3},{"damage":4,"enemies":"Looter","floor":11,"turns":3},{"damage":1,"enemies":"2 Fungi Beasts","floor":12,"turns":3},{"damage":11,"enemies":"Exordium Wildlife","floor":13,"turns":4},{"damage":4,"enemies":"Large Slime","floor":14,"turns":5},{"damage":53,"enemies":"The Guardian","floor":16,"turns":8},{"damage":13,"enemies":"Spheric Guardian","floor":18,"turns":4},{"damage":17,"enemies":"2 Thieves","floor":19,"turns":5},{"damage":19,"enemies":"Cultist and Chosen","floor":20,"turns":5},{"damage":25,"enemies":"Sentry and Sphere","floor":21,"turns":5},{"damage":0,"enemies":"Centurion and Healer","floor":24,"turns":4},{"damage":19,"enemies":"Gremlin Leader","floor":25,"turns":6},{"damage":22,"enemies":"Cultist and Chosen","floor":28,"turns":6},{"damage":10,"enemies":"Book of Stabbing","floor":29,"turns":4},{"damage":19,"enemies":"Snake Plant","floor":30,"turns":4},{"damage":42,"enemies":"Gremlin Leader","floor":31,"turns":5},{"damage":49,"enemies":"Champ","floor":33,"turns":7},{"damage":34,"enemies":"3 Shapes","floor":35,"turns":8},{"damage":9,"enemies":"3 Darklings","floor":37,"turns":4},{"damage":4,"enemies":"Writhing Mass","floor":39,"turns":5},{"damage":110,"enemies":"R_Hoarder","floor":40,"turns":10},{"damage":30,"enemies":"4 Shapes","floor":41,"turns":5},{"damage":7,"enemies":"Nemesis","floor":44,"turns":3},{"damage":6,"enemies":"Jaw Worm Horde","floor":46,"turns":4},{"damage":21,"enemies":"Spire Growth","floor":48,"turns":4},{"damage":111,"enemies":"Donu and Deca","floor":50,"turns":8}],"seed_played":"3567082970689040650","potions_obtained":[{"floor":1,"key":"EssenceOfSteel"},{"floor":7,"key":"Explosive Potion"},{"floor":11,"key":"AttackPotion"},{"floor":16,"key":"Adrenaline Potion"},{"floor":18,"key":"Explosive Potion"},{"floor":19,"key":"champ:CounterPotion"},{"floor":20,"key":"Block Potion"},{"floor":30,"key":"Weak Potion"},{"floor":31,"key":"Elixir"},{"floor":33,"key":"Explosive Potion"},{"floor":40,"key":"Reflective Coating"},{"floor":41,"key":"ColorlessPotion"},{"floor":48,"key":"AttackPotion"}],"is_trial":false,"path_per_floor":["M","?","M","M","?","R","E","R","T","M","M","M","M","M","R","B",null,"M","M","M","M","$","R","M","E","T","?","M","E","M","E","R","B",null,"M","?","M","$","M","E","M","$","T","E","R","M","R","M","R","B"],"character_chosen":"IRONCLAD","items_purchased":["TheAbacus","FairyPotion","ColorlessPotion","ColorlessPotion","hubris:SlimyHat","Fire Potion","Dark Embrace"],"campfire_rested":5,"item_purchase_floors":[22,22,22,22,38,38,42],"current_hp_per_floor":[73,73,68,62,67,67,49,75,75,73,77,84,81,88,88,51,79,78,69,62,53,53,79,88,81,81,81,69,71,60,28,54,23,72,46,46,56,56,71,28,10,10,10,29,55,57,83,74,74,0,0],"gold":100,"neow_bonus":"TEN_PERCENT_HP_BONUS","is_daily":false,"chose_seed":false,"campfire_upgraded":3,"win_rate":0.0,"timestamp":1613801958,"path_taken":["M","?","M","M","?","R","E","R","T","M","M","M","M","?","R","BOSS","M","M","M","M","$","R","M","E","T","?","M","E","M","E","R","BOSS","M","?","M","$","M","E","M","?","T","E","R","?","R","M","R","BOSS"],"items_purchased_type":["Relic","Potion","Potion","Potion","Relic","Potion","Card"],"build_version":"2020-12-22","purchased_purges":0,"victory":false,"max_hp_per_floor":[88,88,88,88,88,88,88,88,88,88,88,88,88,88,88,88,88,88,88,88,88,88,88,88,88,88,88,88,88,88,88,88,88,88,88,88,88,88,88,88,88,88,88,88,88,88,88,88,88,88,88],"relic_stats":{"Centennial Puzzle":[32],"TheAbacus":[234],"counters":[30,152],"Blue Candle":[0],"obtain_stats":[{"hubris:Metronome":26,"Blue Candle":7,"conspire:Boomerang":25,"Omamori":29,"Replay:Multitool":34,"hubris:SlimyHat":38,"hubris:MysteriousPyramids":40,"Burning Blood":0,"Calling Bell":34,"Centennial Puzzle":31,"Bottled Flame":44,"TheAbacus":22,"ReplayTheSpireMod:Shallot":43,"Replay:Bronze Core":17,"Molten Egg 2":34,"Snack Pack":9,"Toy Ornithopter":34},{"hubris:Metronome":16,"Blue Candle":4,"conspire:Boomerang":16,"Omamori":18,"Replay:Multitool":21,"hubris:SlimyHat":23,"hubris:MysteriousPyramids":25,"Burning Blood":0,"Calling Bell":21,"Centennial Puzzle":20,"Bottled Flame":27,"TheAbacus":14,"ReplayTheSpireMod:Shallot":26,"Replay:Bronze Core":10,"Molten Egg 2":21,"Snack Pack":4,"Toy Ornithopter":21},{"hubris:Metronome":75,"Blue Candle":20,"conspire:Boomerang":75,"Omamori":85,"Replay:Multitool":101,"hubris:SlimyHat":113,"hubris:MysteriousPyramids":128,"Burning Blood":0,"Calling Bell":101,"Centennial Puzzle":94,"Bottled Flame":136,"TheAbacus":65,"ReplayTheSpireMod:Shallot":133,"Replay:Bronze Core":46,"Molten Egg 2":101,"Snack Pack":20,"Toy Ornithopter":101}],"Burning Blood":168,"Toy Ornithopter":30},"card_choices":[{"not_picked":["Flame Barrier","Havoc"],"picked":"Battle Trance","floor":1},{"not_picked":["Havoc","Metallicize"],"picked":"Anger","floor":3},{"not_picked":["Twin Strike","Reckless Charge","True Grit"],"picked":"SKIP","floor":4},{"not_picked":["Wild Strike","hubris:ReadiedAction","Barricade"],"picked":"SKIP","floor":7},{"not_picked":["Heavy Blade","Body Slam"],"picked":"Shrug It Off","floor":10},{"not_picked":["Headbutt","Iron Wave","Burning Pact"],"picked":"SKIP","floor":11},{"not_picked":["ReplayTheSpireMod:Strike From Hell","Havoc"],"picked":"Feel No Pain","floor":12},{"not_picked":["Twin Strike","Corruption","True Grit"],"picked":"SKIP","floor":13},{"not_picked":["Perfected Strike","Thunderclap","Warcry"],"picked":"SKIP","floor":14},{"not_picked":["hubris:ReadiedAction","ReplayTheSpireMod:Strike From Hell+1","ReplayTheSpireMod:Corrosion Curse+1"],"picked":"SKIP","floor":18},{"not_picked":["Thunderclap","Bloodletting","Body Slam"],"picked":"SKIP","floor":19},{"not_picked":["Blood for Blood","Warcry"],"picked":"conspire:Charge","floor":20},{"not_picked":["Warcry+1","True Grit"],"picked":"Clash","floor":21},{"not_picked":["Carnage","Iron Wave","Flex"],"picked":"SKIP","floor":24},{"not_picked":["Carnage","Twin Strike+1"],"picked":"Defy Death","floor":25},{"not_picked":["ReplayTheSpireMod:Strike From Hell+1","Twin Strike","Pommel Strike"],"picked":"SKIP","floor":28},{"not_picked":["ReplayTheSpireMod:Strike From Hell+1","Twin Strike","Pommel Strike"],"picked":"SKIP","floor":28},{"not_picked":["Abandon","Ghostly Armor","Infernal Blade"],"picked":"SKIP","floor":29},{"not_picked":["Battle Trance","Intimidate","conspire:ExplosiveBarrier"],"picked":"SKIP","floor":30},{"not_picked":["Havoc","Spot Weakness","Whirlwind+1"],"picked":"SKIP","floor":31},{"not_picked":["Eclipse","Brutality"],"picked":"conspire:HitWhereItHurts","floor":33},{"not_picked":["True Grit+1","hubris:CleavingFinish+1","Twin Strike+1"],"picked":"SKIP","floor":35},{"not_picked":["Pommel Strike+1","Clothesline+1","Power Through"],"picked":"SKIP","floor":37},{"not_picked":["Clothesline+1","Power Through"],"picked":"Pommel Strike+1","floor":37},{"not_picked":["Bludgeon+1","ReplayReversal"],"picked":"Clash+1","floor":39},{"not_picked":["Pommel Strike+1","Iron Wave+1","conspire:HitWhereItHurts+1"],"picked":"SKIP","floor":40},{"not_picked":["Havoc+1","Abandon+1"],"picked":"Anger+1","floor":41},{"not_picked":["Rampage+1","hubris:ReadiedAction+1","Flex+1"],"picked":"SKIP","floor":44},{"not_picked":["Rampage+1","hubris:ReadiedAction+1"],"picked":"Flex+1","floor":44},{"not_picked":["hubris:ReadiedAction+1","Flex+1","Headbutt+1"],"picked":"SKIP","floor":46},{"not_picked":["True Grit","Bloodletting","Second Wind+1"],"picked":"SKIP","floor":48}],"player_experience":247594,"relics_obtained":[{"floor":7,"key":"Blue Candle"},{"floor":9,"key":"Snack Pack"},{"floor":25,"key":"conspire:Boomerang"},{"floor":26,"key":"hubris:Metronome"},{"floor":29,"key":"Omamori"},{"floor":31,"key":"Centennial Puzzle"},{"floor":34,"key":"Toy Ornithopter"},{"floor":34,"key":"Molten Egg 2"},{"floor":34,"key":"Replay:Multitool"},{"floor":40,"key":"hubris:MysteriousPyramids"},{"floor":43,"key":"ReplayTheSpireMod:Shallot"},{"floor":44,"key":"Bottled Flame"}],"event_choices":[{"damage_healed":0,"gold_gain":0,"player_choice":"Agree","damage_taken":0,"max_hp_gain":0,"max_hp_loss":0,"event_name":"conspire:LoneGhost","floor":2,"gold_loss":0},{"cards_removed":["conspire:GhostlyStrike"],"damage_healed":5,"gold_gain":0,"player_choice":"Offered Special","damage_taken":0,"max_hp_gain":0,"max_hp_loss":0,"event_name":"Bonfire Elementals","floor":5,"gold_loss":0},{"damage_healed":0,"gold_gain":0,"player_choice":"Ignored","damage_taken":0,"max_hp_gain":0,"max_hp_loss":0,"event_name":"Ghosts","floor":27,"gold_loss":0},{"damage_healed":0,"gold_gain":0,"player_choice":"Upgraded Two","damage_taken":0,"max_hp_gain":0,"max_hp_loss":0,"event_name":"Designer","floor":36,"gold_loss":40,"cards_upgraded":["conspire:GhostlyStrike","conspire:GhostlyStrike"]}],"is_beta":false,"boss_relics":[{"not_picked":["hubris:VirtuousBlindfold","hubris:HollowSoul"],"picked":"Replay:Bronze Core"},{"not_picked":["Replay:Grab Bag","hubris:ScarierMask"],"picked":"Calling Bell"}],"items_purged_floors":[],"is_endless":false,"potions_floor_spawned":[1,7,11,16,18,19,20,30,31,33,35,40,41,48],"killed_by":"Donu and Deca","ascension_level":6}}