{"host":"g7uq9uzahx9e0kti","time":1613832352,"event":{"mods":["100% Spire Juice","AchievementEnabler","Act Like it!","Arknights","BaseMod","CapriCore","Hermit","Koishi","Minty Spire (QoL Compilation)","Permanent Neow","Quick Restart","StSLib","SuperFastMode","The Bug Knight","The Cursed","The Hierophant","The Poker Player","Together in Spire","WarShipGirlsR/??á´Ò³R mod"],"gold_per_floor":[117,67,80,80,30,30,65,65,88,88,88,107,32,59,59,157,157,177,193,193,219,248,248,248],"floor_reached":23,"language":"KOR","playtime":623,"items_purged":["hermit:Strike_Hermit"],"score":189,"play_id":"082d2c51-5dae-403c-97e9-9216d8863faa","local_time":"20210220234552","is_ascension_mode":false,"campfire_choices":[{"data":"hermit:GoldenBullet","floor":6,"key":"SMITH"},{"data":"hermit:Headshot","floor":8,"key":"SMITH"},{"data":"hermit:Snapshot","floor":10,"key":"SMITH"},{"data":"hermit:GoldenBullet","floor":15,"key":"SMITH"}],"circlet_count":0,"master_deck":["hermit:Strike_Hermit+1","hermit:Strike_Hermit","hermit:Strike_Hermit+1","hermit:Defend_Hermit+1","hermit:Defend_Hermit","hermit:Snapshot+1","hermit:Covet","hermit:GoldenBullet+1","hermit:Adapt","hermit:Headshot+1","hermit:LoneWolf+1","hermit:GoldenBullet+1","hermit:Headshot","hermit:Deadeye+1","hermit:BodyArmor"],"relics":["hermit:ClaspedLocket","NeowsBlessing","Whetstone","CeramicFish","Singing Bowl","War Paint","Nunchaku"],"acts_visited":["Exordium","TheCity"],"potions_floor_usage":[19,21,21,23],"damage_taken":[{"damage":0,"enemies":"Jaw Worm","floor":1,"turns":1},{"damage":0,"enemies":"2 Louse","floor":3,"turns":1},{"damage":9,"enemies":"3 Sentries","floor":7,"turns":3},{"damage":0,"enemies":"Cultist","floor":12,"turns":2},{"damage":26,"enemies":"Slime Boss","floor":16,"turns":6},{"damage":20,"enemies":"2 Thieves","floor":18,"turns":3},{"damage":0,"enemies":"Spheric Guardian","floor":19,"turns":2},{"damage":8,"enemies":"3 Cultists","floor":21,"turns":4},{"damage":44,"enemies":"Shelled Parasite and Fungi","floor":22,"turns":4},{"damage":9,"enemies":"Book of Stabbing","floor":23,"turns":2}],"seed_played":"2652445576519566681","potions_obtained":[{"floor":3,"key":"Strength Potion"},{"floor":12,"key":"PowerPotion"},{"floor":18,"key":"Regen Potion"},{"floor":19,"key":"Explosive Potion"},{"floor":22,"key":"EssenceOfSteel"}],"is_trial":false,"path_per_floor":["M","?","M","?","$","R","E","R","T","R","?","M","$","T","R","B",null,"M","M","?","M","M","E"],"character_chosen":"HERMIT","items_purchased":["hermit:Headshot"],"campfire_rested":0,"item_purchase_floors":[5],"current_hp_per_floor":[75,75,75,75,75,75,66,66,66,66,63,63,63,63,63,39,77,57,59,59,51,7,0,0],"gold":248,"neow_bonus":"THREE_ENEMY_KILL","is_daily":false,"chose_seed":false,"campfire_upgraded":4,"win_rate":0.0,"timestamp":1613832352,"path_taken":["M","?","M","?","?","R","E","R","T","R","?","?","$","?","R","BOSS","M","M","?","M","?","E"],"items_purchased_type":["Card"],"build_version":"2020-12-22","purchased_purges":1,"victory":false,"max_hp_per_floor":[75,75,75,75,75,75,75,75,75,75,75,75,75,75,75,77,77,77,79,79,79,79,79,79],"card_choices":[{"not_picked":["hermit:Coalescence","hermit:DeadMansHand","hermit:EyeOfTheStorm"],"picked":"SKIP","floor":1},{"not_picked":["hermit:FullyLoaded","hermit:Dive"],"picked":"hermit:GoldenBullet","floor":3},{"not_picked":["hermit:LoneWolf","hermit:NoHoldsBarred","hermit:Determination"],"picked":"SKIP","floor":7},{"not_picked":["hermit:NoHoldsBarred","hermit:Determination"],"picked":"hermit:LoneWolf","floor":7},{"not_picked":["hermit:Coalescence","hermit:Snipe"],"picked":"hermit:GoldenBullet","floor":12},{"not_picked":["hermit:Adapt","hermit:Purgatory","hermit:FromBeyond"],"picked":"Singing Bowl","floor":16},{"not_picked":["hermit:Grudge+1","hermit:Snipe+1"],"picked":"hermit:Headshot","floor":18},{"not_picked":["hermit:SprayPray","hermit:Combo","hermit:HoleUp"],"picked":"Singing Bowl","floor":19},{"not_picked":["hermit:Glare+1","hermit:BodyArmor"],"picked":"hermit:Deadeye+1","floor":21},{"not_picked":["hermit:Enervate","hermit:Horror"],"picked":"hermit:BodyArmor","floor":22}],"player_experience":148690,"relics_obtained":[{"floor":7,"key":"Whetstone"},{"floor":9,"key":"CeramicFish"},{"floor":14,"key":"War Paint"}],"event_choices":[{"cards_removed":["hermit:Defend_Hermit"],"damage_healed":0,"gold_gain":0,"player_choice":"Card Removal","damage_taken":0,"max_hp_gain":0,"max_hp_loss":0,"event_name":"The Cleric","floor":2,"gold_loss":50},{"damage_healed":0,"gold_gain":0,"cards_transformed":["hermit:Defend_Hermit"],"player_choice":"Change","damage_taken":0,"max_hp_gain":0,"max_hp_loss":0,"event_name":"Living Wall","floor":4,"gold_loss":0,"cards_obtained":["hermit:Adapt"]},{"damage_healed":0,"gold_gain":0,"player_choice":"Success","damage_taken":3,"relics_obtained":["Singing Bowl"],"max_hp_gain":0,"max_hp_loss":0,"event_name":"Scrap Ooze","floor":11,"gold_loss":0},{"damage_healed":0,"gold_gain":0,"player_choice":"Gave Potion","damage_taken":0,"relics_obtained":["Nunchaku"],"max_hp_gain":0,"max_hp_loss":0,"event_name":"WeMeetAgain","floor":20,"gold_loss":0}],"is_beta":false,"boss_relics":[{"not_picked":["Astrolabe","SacredBark"],"picked":"hermit:ClaspedLocket"}],"items_purged_floors":[13],"is_endless":false,"potions_floor_spawned":[3,12,18,19,22],"killed_by":"Book of Stabbing","ascension_level":0}}