{"host":"o9lehcdjc4u6j9un","time":1613843536,"event":{"mods":["Aspiration","BaseMod","Better-Laid Plans","Bossed Relics","Colored Map","Downfall","Gremlin Mod","Hermit","Koishi","Marisa£®ÏF”Í°°ƒß¿Ì…≥£©","Minty Spire (QoL Compilation)","Reimu£®≤©¿ˆ¡È√Œ£©","Remilia£®¿Ÿ√◊¿Ú—«£©","Robot Space Explorer","StSLib","The Alterego","The Hierophant","The Jungle","The Marked","The Runesmith","The Senshi","The Servant 0.9.4","Yakumo Yukari mod","Youmu£®ªÍ∆«—˝√Œ£©","≤–¡Ù÷ÆŒÔ"],"gold_per_floor":[109,34,54,4,19,54,54,71,143,143,143,158,175,186,186,287,287,305,305,318,228,238,238,257,287,287,297,197,215,215,43,43,143,143,160,175,189,201,51,86,86,115,195,195,220,45,57,57,57,57,57,57,57,85,85,85],"floor_reached":55,"language":"ZHS","playtime":2922,"items_purged":["theMarked:Strike","theMarked:Defend","theMarked:Strike","theMarked:Defend","theMarked:Defend"],"score":906,"play_id":"4a12b3fb-9fa3-46a8-bb04-90c9596b33bf","local_time":"20210221015216","is_ascension_mode":false,"campfire_choices":[{"data":"theMarked:SoldierOfQuellstein","floor":7.0,"key":"SMITH"},{"data":"theMarked:EmpowerWeapon","floor":10.0,"key":"SMITH"},{"data":"theMarked:EmpowerWeapon","floor":15.0,"key":"SMITH"},{"floor":23.0,"key":"DIG"},{"data":"theMarked:ComboAttacks","floor":30.0,"key":"SMITH"},{"floor":32.0,"key":"DIG"},{"floor":41,"key":"DIG"},{"floor":44,"key":"DIG"},{"floor":49,"key":"RECALL"},{"data":"theMarked:Challenge","floor":52,"key":"SMITH"}],"circlet_count":0,"master_deck":["theMarked:Defend","theMarked:SoldierOfQuellstein+1","theMarked:EmpowerWeapon+1","theMarked:EmpowerWeapon+1","theMarked:TakeOffHeels+1","theMarked:HeightenedSenses","theMarked:Panic","theMarked:ElectricStrings","theMarked:EternalStudent","theMarked:SwordAndMagic+1","theMarked:KeepCalmAndFight+1","theMarked:SwordAndMagic","theMarked:SwordAndMagic","theMarked:ComboAttacks+1","theMarked:Memento+1","theMarked:SwordAndMagic","theMarked:Challenge+1","theMarked:LightningStrikesTwice","theMarked:ResourceFulStrike+1","theMarked:Electrify+1","theMarked:ParalyzingBlade","Finesse"],"relics":["Runic Dome","Shovel","aspiration:HummingbirdHeart","aspiration:PoetsPen_weak","aspiration:Nostalgia","PureWater","Nunchaku","PlaceholderMod:DaolothFragment","Bird Faced Urn","Busted Crown","CaptainsWheel","Sundial","HornCleat","aspiration:HatOfInfinitePower","aspiration:SeaSaltIceCream","aspiration:Nostalgia","Uniform","hexamod:BolsterEngine"],"acts_visited":["Exordium","TheCity","TheBeyond","TheEnding"],"potions_floor_usage":[36,55],"damage_taken":[{"damage":0.0,"enemies":"2 Louse","floor":1.0,"turns":2.0},{"damage":2.0,"enemies":"Small Slimes","floor":3.0,"turns":3.0},{"damage":0.0,"enemies":"Cultist","floor":5.0,"turns":2.0},{"damage":12.0,"enemies":"3 Sentries","floor":6.0,"turns":6.0},{"damage":1.0,"enemies":"Exordium Wildlife","floor":8.0,"turns":2.0},{"damage":0.0,"enemies":"2 Fungi Beasts","floor":12.0,"turns":2.0},{"damage":0.0,"enemies":"Lots of Slimes","floor":13.0,"turns":4.0},{"damage":1.0,"enemies":"Exordium Thugs","floor":14.0,"turns":4.0},{"damage":17.0,"enemies":"Slime Boss","floor":16.0,"turns":9.0},{"damage":0.0,"enemies":"2 Thieves","floor":18.0,"turns":3.0},{"damage":8.0,"enemies":"Shell Parasite","floor":20.0,"turns":4.0},{"damage":6.0,"enemies":"Shelled Parasite and Fungi","floor":22.0,"turns":4.0},{"damage":0.0,"enemies":"Snecko","floor":24.0,"turns":3.0},{"damage":0.0,"enemies":"Slavers","floor":25.0,"turns":4.0},{"damage":1.0,"enemies":"3 Cultists","floor":27.0,"turns":3.0},{"damage":0.0,"enemies":"Snake Plant","floor":29.0,"turns":2.0},{"damage":8.0,"enemies":"Champ","floor":33.0,"turns":5.0},{"damage":1.0,"enemies":"3 Shapes","floor":35.0,"turns":2.0},{"damage":0,"enemies":"Orb Walker","floor":36,"turns":1},{"damage":1,"enemies":"Spire Growth","floor":37,"turns":3},{"damage":2,"enemies":"Transient","floor":38,"turns":5},{"damage":2,"enemies":"Giant Head","floor":40,"turns":3},{"damage":0,"enemies":"Reptomancer","floor":42,"turns":5},{"damage":0,"enemies":"Giant Head","floor":45,"turns":2},{"damage":14,"enemies":"4 Shapes","floor":47,"turns":2},{"damage":16,"enemies":"Awakened One","floor":50,"turns":5},{"damage":0,"enemies":"Shield and Spear","floor":54,"turns":2},{"damage":83,"enemies":"The Heart","floor":55,"turns":6}],"seed_played":"-4905230675295702521","potions_obtained":[{"floor":1.0,"key":"Ancient Potion"},{"floor":5.0,"key":"Block Potion"},{"floor":13.0,"key":"ZuzhouPotion:ReiMu"},{"floor":14.0,"key":"FearPotion"},{"floor":27.0,"key":"theMarked:ChargePotion"},{"floor":42,"key":"BlessingOfTheForge"}],"is_trial":false,"path_per_floor":["M","$","M","?","M","E","R","M","T","R","?","M","M","M","R","B",null,"M","?","M","?","M","R","M","E","T","M","$","M","R","$","R","B",null,"M","M","M","M","$","E","R","E","T","R","E","$","M","?","R","B",null,"R","$","E","B"],"character_chosen":"THE_DEFAULT","items_purchased":["theMarked:SwordAndMagic"],"campfire_rested":0,"item_purchase_floors":[31],"current_hp_per_floor":[72,72,70,70,70,58,58,57,57,57,57,57,57,56,56,39,72,72,59,51,51,45,45,45,45,45,44,44,44,44,44,44,38,77,76,77,76,76,76,75,75,77,77,77,77,77,63,58,58,44,77,77,77,77,0,0],"gold":85,"neow_bonus":"BOSS_RELIC","is_daily":false,"chose_seed":false,"campfire_upgraded":5,"win_rate":0.0,"timestamp":1613843536,"path_taken":["M","$","M","?","M","E","R","M","T","R","?","M","?","M","R","BOSS","M","?","M","?","M","R","M","E","T","M","$","M","R","$","R","BOSS","M","M","M","M","$","E","R","E","T","R","E","?","M","?","R","BOSS","R","$","E","BOSS"],"items_purchased_type":["Card"],"build_version":"2020-12-22","purchased_purges":5,"victory":false,"max_hp_per_floor":[72,72,72,72,72,72,72,72,72,72,72,72,72,72,72,72,72,72,77,77,77,77,77,77,77,77,77,77,77,77,77,77,77,77,77,77,77,77,77,77,77,77,77,77,77,77,77,77,77,77,77,77,77,77,77,77],"card_choices":[{"not_picked":["theMarked:Standoff","theMarked:BanishingStrike"],"picked":"theMarked:EmpowerWeapon","floor":1.0},{"not_picked":["theMarked:BanishingStrike","theMarked:Polarize"],"picked":"theMarked:EmpowerWeapon","floor":3.0},{"not_picked":["theMarked:RepellingDischarge","theMarked:Frustration","theMarked:Aftermath"],"picked":"SKIP","floor":5.0},{"not_picked":["theMarked:Electrify","theMarked:Defy"],"picked":"theMarked:TakeOffHeels","floor":6.0},{"not_picked":["theMarked:BanishingStrike","theMarked:ResourceFulStrike"],"picked":"theMarked:HeightenedSenses","floor":8.0},{"not_picked":["theMarked:Memento","theMarked:Static"],"picked":"theMarked:Panic","floor":12.0},{"not_picked":["theMarked:Pokerface","theMarked:WardOff","theMarked:Indomitable"],"picked":"SKIP","floor":13.0},{"not_picked":["theMarked:Static","theMarked:BanishingStrike"],"picked":"theMarked:ElectricStrings","floor":14.0},{"not_picked":["theMarked:MagusForm","theMarked:Vacuum"],"picked":"theMarked:EternalStudent","floor":16.0},{"not_picked":["theMarked:BanishingStrike","theMarked:Improvise"],"picked":"theMarked:SwordAndMagic+1","floor":18.0},{"not_picked":["theMarked:MuscleMemory","theMarked:MysticalArsenal"],"picked":"theMarked:KeepCalmAndFight+1","floor":20.0},{"not_picked":["theMarked:TakeCover","theMarked:TheMission"],"picked":"theMarked:SwordAndMagic","floor":22.0},{"not_picked":["theMarked:Friction","theMarked:Maelstrom"],"picked":"theMarked:SwordAndMagic","floor":24.0},{"not_picked":["theMarked:BiggerThanFate","theMarked:Electrify"],"picked":"theMarked:ComboAttacks","floor":25.0},{"not_picked":["theMarked:Generate","theMarked:Frustration+1","theMarked:OneWithTheBlade"],"picked":"SKIP","floor":27.0},{"not_picked":["theMarked:ResourceFulStrike","theMarked:Static"],"picked":"theMarked:Memento+1","floor":29.0},{"not_picked":["theMarked:Levitate","theMarked:BiggerThanFate"],"picked":"theMarked:Challenge","floor":33.0},{"not_picked":["theMarked:Aftermath"],"picked":"SKIP","floor":35.0},{"not_picked":[],"picked":"theMarked:LightningStrikesTwice","floor":36},{"not_picked":["theMarked:Frustration"],"picked":"SKIP","floor":37},{"not_picked":["theMarked:RepellingDischarge+1"],"picked":"SKIP","floor":38},{"not_picked":[],"picked":"theMarked:ResourceFulStrike+1","floor":40},{"not_picked":[],"picked":"theMarked:Electrify+1","floor":42},{"not_picked":["theMarked:WardOff+1"],"picked":"SKIP","floor":45},{"not_picked":[],"picked":"theMarked:ParalyzingBlade","floor":47},{"not_picked":[],"picked":"Finesse","floor":48},{"not_picked":["theMarked:EmpowerWeapon+1"],"picked":"SKIP","floor":54}],"player_experience":399822,"relics_obtained":[{"floor":6.0,"key":"Shovel"},{"floor":9.0,"key":"aspiration:HummingbirdHeart"},{"floor":23.0,"key":"aspiration:Nostalgia"},{"floor":25.0,"key":"Nunchaku"},{"floor":26.0,"key":"PlaceholderMod:DaolothFragment"},{"floor":32.0,"key":"Bird Faced Urn"},{"floor":40,"key":"CaptainsWheel"},{"floor":41,"key":"Sundial"},{"floor":42,"key":"HornCleat"},{"floor":44,"key":"aspiration:HatOfInfinitePower"},{"floor":45,"key":"aspiration:SeaSaltIceCream"},{"floor":54,"key":"hexamod:BolsterEngine"}],"event_choices":[{"cards_removed":["theMarked:Strike"],"damage_healed":0.0,"max_hp_gain":0.0,"max_hp_loss":0.0,"gold_gain":0.0,"event_name":"The Cleric","player_choice":"Card Removal","floor":4.0,"gold_loss":50.0,"damage_taken":0.0},{"cards_removed":["theMarked:Strike"],"damage_healed":0.0,"max_hp_gain":0.0,"max_hp_loss":0.0,"gold_gain":0.0,"event_name":"Purifier","player_choice":"Purged","floor":11.0,"gold_loss":0.0,"damage_taken":0.0},{"damage_healed":0.0,"max_hp_gain":5.0,"max_hp_loss":0.0,"gold_gain":0.0,"event_name":"Forgotten Altar","player_choice":"Shed Blood","floor":19.0,"gold_loss":0.0,"damage_taken":18.0},{"cards_removed":["theMarked:Strike"],"damage_healed":0.0,"max_hp_gain":0.0,"max_hp_loss":0.0,"gold_gain":0.0,"event_name":"Designer","player_choice":"Upgrade and Remove","floor":21.0,"gold_loss":90.0,"damage_taken":0.0,"cards_upgraded":["theMarked:TakeOffHeels"]},{"damage_healed":0,"gold_gain":0,"player_choice":"Memory 2","damage_taken":5,"max_hp_gain":0,"max_hp_loss":0,"event_name":"SensoryStone","floor":48,"gold_loss":0}],"is_beta":false,"boss_relics":[{"not_picked":["sneckomod:SneckoTalon","aspiration:SilentSkillbook"],"picked":"aspiration:PoetsPen_weak"},{"not_picked":["Snecko Eye","Cursed Key"],"picked":"Busted Crown"}],"items_purged_floors":[2,28,31,39,46],"is_endless":false,"potions_floor_spawned":[1,5,13,14,22,27,29,35,42],"killed_by":"The Heart","ascension_level":0}}