{"host":"0ke4ewd6kv0tgkyi","time":1613788487,"event":{"mods":["2.2 Compatiblity","A Magickal Journey","Act Like it!","Aspiration","BaseMod","Conspire","Elementarium","Fiend Mod","Gensokyo","Hallownest","JesterMod","Menagerie","Minty Spire (QoL Compilation)","Pale of the Ancients","Permanent Neow","Potionbrewer","Quarter Circle Forward PUNCH!","QueenMod","Reliquary","Ruina","Shade Mod","Somnambulant","StSLib","The Alterego","The Bug Knight","The Cursed","The Gatherer","The Judge","The Jungle","thorton"],"gold_per_floor":[119,194,194,216,216,216,240,240,240,273,163,163,163,215,215,248,248],"floor_reached":16,"language":"ENG","playtime":738,"items_purged":["Normality"],"score":95,"play_id":"5de21c59-7737-4764-9e22-2bb3a38a3e89","local_time":"20210219183447","is_ascension_mode":true,"campfire_choices":[{"data":"thethorton:CreditCard","floor":6,"key":"SMITH"},{"data":"thethorton:CreditCard+1","floor":8,"key":"SMITH"},{"data":"thethorton:DockPay","floor":15,"key":"SMITH"}],"circlet_count":0,"master_deck":["thethorton:Strike","thethorton:Strike","thethorton:Strike+1","thethorton:Defend","thethorton:Defend","thethorton:Defend","thethorton:Defend","thethorton:Heckle","thethorton:CreditCard+3","thethorton:PocketChange","thethorton:BoardroomBlast","thethorton:DockPay+1","thethorton:BusinessBash","thethorton:CannonShot","thethorton:GemGun"],"relics":["thethorton:CrushedCigarette","reliquary:PrincelyHelmet","Anchor"],"acts_visited":["Exordium"],"potions_floor_usage":[],"damage_taken":[{"damage":11,"enemies":"Cultist","floor":1,"turns":6},{"damage":2,"enemies":"2 Louse","floor":4,"turns":4},{"damage":2,"enemies":"Small Slimes","floor":7,"turns":3},{"damage":5,"enemies":"3 Louse","floor":10,"turns":3},{"damage":1,"enemies":"Looter","floor":14,"turns":3},{"damage":38,"enemies":"Hexaghost","floor":16,"turns":9}],"seed_played":"-8282368667784524839","potions_obtained":[{"floor":10,"key":"potionbrewer:CleansingPotion"}],"is_trial":false,"path_per_floor":["M","?","?","M","?","R","M","R","T","M","$","?","?","M","R","B"],"character_chosen":"THE_THORT","items_purchased":["thethorton:CannonShot"],"campfire_rested":0,"item_purchase_floors":[11],"current_hp_per_floor":[57,46,68,66,59,59,57,57,57,52,52,52,38,37,37,0,0,0],"gold":248,"neow_bonus":"BOSS_RELIC","is_daily":false,"chose_seed":false,"campfire_upgraded":3,"win_rate":0.0,"timestamp":1613788487,"path_taken":["M","?","?","M","?","R","M","R","T","M","$","?","?","M","R","BOSS"],"items_purchased_type":["Card"],"build_version":"2020-12-22","purchased_purges":1,"victory":false,"max_hp_per_floor":[68,68,68,68,68,68,68,68,68,68,68,68,68,68,68,68,68,68],"card_choices":[{"not_picked":["thethorton:CashBash","thethorton:AngerMoment"],"picked":"thethorton:PocketChange","floor":1},{"not_picked":["thethorton:ShoutAndRun","thethorton:BusinessCard"],"picked":"thethorton:BoardroomBlast","floor":4},{"not_picked":["thethorton:FeelNoBrain","thethorton:DualBap"],"picked":"thethorton:DockPay","floor":7},{"not_picked":["thethorton:LongTermPayoff","thethorton:RunningKick"],"picked":"thethorton:BusinessBash","floor":10},{"not_picked":["thethorton:DownPayment","thethorton:Distance"],"picked":"thethorton:GemGun","floor":14}],"player_experience":1047393,"relics_obtained":[{"floor":9,"key":"reliquary:PrincelyHelmet"}],"event_choices":[{"damage_healed":0,"gold_gain":75,"player_choice":"Gather Gold","damage_taken":11,"max_hp_gain":0,"max_hp_loss":0,"event_name":"World of Goop","floor":2,"gold_loss":0},{"damage_healed":22,"gold_gain":0,"player_choice":"Banana","damage_taken":0,"max_hp_gain":0,"max_hp_loss":0,"event_name":"Big Fish","floor":3,"gold_loss":0},{"cards_removed":["thethorton:Strike"],"damage_healed":0,"gold_gain":0,"player_choice":"Card Removal","damage_taken":7,"max_hp_gain":0,"max_hp_loss":0,"event_name":"Golden Wing","floor":5,"gold_loss":0},{"damage_healed":0,"gold_gain":0,"player_choice":"Searched \u00271\u0027 times","damage_taken":0,"relics_obtained":["Anchor"],"max_hp_gain":0,"max_hp_loss":0,"event_name":"Dead Adventurer","floor":12,"gold_loss":0},{"damage_healed":0,"gold_gain":0,"player_choice":"Entered Light","damage_taken":14,"max_hp_gain":0,"max_hp_loss":0,"event_name":"Shining Light","floor":13,"gold_loss":0,"cards_upgraded":["thethorton:CreditCard","thethorton:Strike"]}],"is_beta":false,"boss_relics":[],"items_purged_floors":[11],"is_endless":false,"potions_floor_spawned":[10],"killed_by":"Hexaghost","ascension_level":1}}