{"host":"0xnlke9dn7m72v1t","time":1613861514,"event":{"mods":["AchievementEnabler","BaseMod","BetterRewards","Colored Map","Colored Powertips","Minty Spire (QoL Compilation)","Quick Restart","StSLib","SuperFastMode"],"gold_per_floor":[109,127,127,92,16,47,47,47,119,148,159,189,189,217,217,315,315,329,344,344,4,18,18,37,37,113,313,313,341,341,357,357,459,509,520,520,570,586,603,630,645,665,689,341,341,341,360,372,372,372],"floor_reached":51,"language":"DEU","playtime":2203,"items_purged":[],"score":875,"play_id":"8d29e32d-97b8-40a7-9e7e-6416fd6e4f05","local_time":"20210220235154","is_ascension_mode":false,"campfire_choices":[{"floor":7,"key":"REST"},{"floor":13,"key":"REST"},{"floor":15,"key":"REST"},{"data":"Limit Break","floor":23,"key":"SMITH"},{"data":"Barricade","floor":28,"key":"SMITH"},{"data":"Seeing Red","floor":30,"key":"SMITH"},{"data":"Flex","floor":32,"key":"SMITH"},{"data":"Demon Form","floor":45,"key":"SMITH"},{"data":"Heavy Blade","floor":49,"key":"SMITH"}],"circlet_count":0,"master_deck":["Strike_R+1","Strike_R+1","Strike_R+1","Strike_R+1","Strike_R+1","Defend_R+1","Defend_R+1","Defend_R+1","Defend_R+1","Clash+1","Barricade+1","Seeing Red+1","Limit Break+1","Anger+1","Dark Embrace","Finesse","Flex+1","Heavy Blade+1","Anger+1","Clash+1","Carnage+1","Demon Form+1","Anger+1","Fire Breathing+1","Anger+1"],"relics":["Burning Blood","Ice Cream","Dead Branch","Membership Card","Shuriken","Lizard Tail","FossilizedHelix","Bottled Tornado","Mercury Hourglass","Oddly Smooth Stone","Toy Ornithopter","Coffee Dripper","Happy Flower","Boot","Lee\u0027s Waffle","Eternal Feather","Meat on the Bone","Tiny House","Pocketwatch","Pear","Nunchaku","Molten Egg 2","OrangePellets","HornCleat","Blood Vial"],"acts_visited":["Exordium","TheCity","TheBeyond"],"potions_floor_usage":[10,11,16,19,33,38,38,39,40,50,50],"damage_taken":[{"damage":3,"enemies":"Small Slimes","floor":1,"turns":4},{"damage":7,"enemies":"2 Louse","floor":2,"turns":4},{"damage":59,"enemies":"Gremlin Nob","floor":6,"turns":6},{"damage":25,"enemies":"3 Sentries","floor":10,"turns":8},{"damage":0,"enemies":"Cultist","floor":11,"turns":4},{"damage":8,"enemies":"Lagavulin","floor":12,"turns":6},{"damage":9,"enemies":"3 Sentries","floor":14,"turns":5},{"damage":36,"enemies":"Hexaghost","floor":16,"turns":15},{"damage":0,"enemies":"Spheric Guardian","floor":18,"turns":4},{"damage":34,"enemies":"2 Thieves","floor":19,"turns":4},{"damage":10,"enemies":"Centurion and Healer","floor":22,"turns":6},{"damage":0,"enemies":"Snecko","floor":24,"turns":6},{"damage":16,"enemies":"Slavers","floor":29,"turns":6},{"damage":26,"enemies":"Snake Plant","floor":31,"turns":4},{"damage":62,"enemies":"Collector","floor":33,"turns":8},{"damage":47,"enemies":"3 Shapes","floor":35,"turns":4},{"damage":6,"enemies":"Mind Bloom Boss Battle","floor":37,"turns":7},{"damage":21,"enemies":"3 Darklings","floor":38,"turns":4},{"damage":3,"enemies":"Transient","floor":39,"turns":5},{"damage":61,"enemies":"Reptomancer","floor":40,"turns":4},{"damage":16,"enemies":"Writhing Mass","floor":41,"turns":4},{"damage":13,"enemies":"3 Darklings","floor":42,"turns":6},{"damage":10,"enemies":"Jaw Worm Horde","floor":47,"turns":4},{"damage":11,"enemies":"Writhing Mass","floor":48,"turns":4},{"damage":63,"enemies":"Awakened One","floor":50,"turns":7}],"seed_played":"2341049018747901466","potions_obtained":[{"floor":6,"key":"Strength Potion"},{"floor":11,"key":"BloodPotion"},{"floor":14,"key":"Weak Potion"},{"floor":16,"key":"Fire Potion"},{"floor":22,"key":"ColorlessPotion"},{"floor":24,"key":"Explosive Potion"},{"floor":34,"key":"ElixirPotion"},{"floor":37,"key":"Regen Potion"},{"floor":38,"key":"AttackPotion"},{"floor":40,"key":"SteroidPotion"},{"floor":42,"key":"Ancient Potion"}],"is_trial":false,"path_per_floor":["M","M","?","?","$","E","R","?","T","E","M","E","R","E","R","B",null,"M","M","?","$","M","R","M","?","T","?","R","E","R","M","R","B",null,"M","?","?","M","M","E","M","M","T","$","R","?","M","M","R","B",null],"character_chosen":"IRONCLAD","items_purchased":["Membership Card","Shuriken","Barricade","Happy Flower","Anger","Boot","Lee\u0027s Waffle","Dark Embrace","Finesse","Molten Egg 2","OrangePellets","HornCleat","Anger+1"],"campfire_rested":3,"item_purchase_floors":[0,0,5,21,21,21,21,21,21,44,44,44,44],"current_hp_per_floor":[47,46,46,66,66,13,37,34,34,15,37,35,59,56,80,50,80,80,57,57,87,83,83,87,87,87,87,87,77,86,66,75,36,92,63,63,63,67,75,47,49,54,54,54,66,66,64,61,76,43],"gold":372,"neow_bonus":"","is_daily":false,"chose_seed":false,"campfire_upgraded":6,"win_rate":0.0,"timestamp":1613861514,"path_taken":["M","M","?","?","$","E","R","?","T","E","M","E","R","E","R","BOSS","M","M","?","$","?","R","M","?","T","?","R","E","R","?","R","BOSS","M","?","?","?","M","E","M","M","T","$","R","?","M","M","R","BOSS"],"items_purchased_type":["Relic","Relic","Card","Relic","Card","Relic","Relic","Card","Card","Relic","Relic","Relic","Card"],"build_version":"2020-12-22","purchased_purges":0,"victory":true,"max_hp_per_floor":[80,80,80,80,80,80,80,80,80,80,80,80,80,80,80,80,80,80,80,80,87,87,87,87,87,87,87,87,87,87,87,87,87,92,92,92,92,92,92,102,102,102,102,102,102,102,102,102,102,102],"card_choices":[{"not_picked":["Power Through","Clothesline"],"picked":"Clash","floor":1},{"not_picked":["Havoc","Headbutt","Heavy Blade"],"picked":"SKIP","floor":2},{"not_picked":["Rampage","Dual Wield","Intimidate"],"picked":"SKIP","floor":6},{"not_picked":["Shockwave","Whirlwind"],"picked":"Seeing Red","floor":10},{"not_picked":["Body Slam","True Grit","Cleave"],"picked":"SKIP","floor":11},{"not_picked":["Uppercut","Corruption","Clash"],"picked":"SKIP","floor":12},{"not_picked":["Wild Strike","Sword Boomerang","Havoc"],"picked":"SKIP","floor":14},{"not_picked":["Double Tap","Impervious"],"picked":"Limit Break","floor":16},{"not_picked":["Disarm","Thunderclap","Headbutt+1"],"picked":"SKIP","floor":18},{"not_picked":["Armaments","Blood for Blood","Combust"],"picked":"SKIP","floor":19},{"not_picked":["Sword Boomerang","Pummel+1"],"picked":"Ghostly Armor+1","floor":22},{"not_picked":["Clash","Pommel Strike+1","Iron Wave"],"picked":"SKIP","floor":24},{"not_picked":["Shrug It Off","Sever Soul","Body Slam"],"picked":"SKIP","floor":29},{"not_picked":["Pommel Strike","Anger"],"picked":"Flex","floor":31},{"not_picked":["Disarm","Spot Weakness+1"],"picked":"Heavy Blade","floor":34},{"not_picked":["Battle Trance","Armaments+1"],"picked":"Anger+1","floor":35},{"not_picked":["Seeing Red","Perfected Strike"],"picked":"Clash+1","floor":37},{"not_picked":["Dropkick","Sword Boomerang","Barricade"],"picked":"SKIP","floor":38},{"not_picked":["Pummel","Sword Boomerang"],"picked":"Carnage+1","floor":39},{"not_picked":["Seeing Red","Armaments+1"],"picked":"Clothesline+1","floor":40},{"not_picked":["Sentinel+1","Cleave+1"],"picked":"Demon Form","floor":41},{"not_picked":["Pummel+1","Pommel Strike+1","Seeing Red"],"picked":"SKIP","floor":42},{"not_picked":["Havoc+1","Reckless Charge+1"],"picked":"Fire Breathing+1","floor":47},{"not_picked":["Twin Strike+1","Pommel Strike+1"],"picked":"Anger+1","floor":48}],"player_experience":35890,"relics_obtained":[{"floor":6,"key":"Lizard Tail"},{"floor":9,"key":"Bottled Tornado"},{"floor":10,"key":"Mercury Hourglass"},{"floor":12,"key":"Oddly Smooth Stone"},{"floor":14,"key":"Toy Ornithopter"},{"floor":26,"key":"Eternal Feather"},{"floor":29,"key":"Meat on the Bone"},{"floor":37,"key":"Pocketwatch"},{"floor":40,"key":"Pear"},{"floor":43,"key":"Nunchaku"}],"event_choices":[{"damage_healed":0,"gold_gain":0,"player_choice":"Grow","damage_taken":0,"max_hp_gain":0,"max_hp_loss":0,"event_name":"Living Wall","floor":3,"gold_loss":0,"cards_upgraded":["Clash"]},{"damage_healed":20,"gold_gain":0,"player_choice":"Healed","damage_taken":0,"max_hp_gain":0,"max_hp_loss":0,"event_name":"The Cleric","floor":4,"gold_loss":35},{"damage_healed":0,"gold_gain":0,"player_choice":"Success","damage_taken":3,"relics_obtained":["FossilizedHelix"],"max_hp_gain":0,"max_hp_loss":0,"event_name":"Scrap Ooze","floor":8,"gold_loss":0},{"cards_removed":["Bash"],"damage_healed":0,"gold_gain":0,"player_choice":"Offered Basic","damage_taken":0,"max_hp_gain":0,"max_hp_loss":0,"event_name":"Bonfire Elementals","floor":20,"gold_loss":0},{"damage_healed":0,"gold_gain":0,"player_choice":"Simplicity","damage_taken":0,"max_hp_gain":0,"max_hp_loss":0,"event_name":"Back to Basics","floor":25,"gold_loss":0,"cards_upgraded":["Strike_R","Strike_R","Strike_R","Strike_R","Strike_R","Defend_R","Defend_R","Defend_R","Defend_R"]},{"damage_healed":0,"gold_gain":250,"player_choice":"Bet on Owner","damage_taken":0,"max_hp_gain":0,"max_hp_loss":0,"event_name":"The Joust","floor":27,"gold_loss":50},{"cards_removed":["Ghostly Armor"],"damage_healed":0,"gold_gain":0,"player_choice":"Removed Skill","damage_taken":0,"max_hp_gain":0,"max_hp_loss":0,"event_name":"Falling","floor":36,"gold_loss":0},{"damage_healed":0,"gold_gain":0,"player_choice":"Fight","damage_taken":0,"max_hp_gain":0,"max_hp_loss":0,"event_name":"MindBloom","floor":37,"gold_loss":0},{"cards_removed":["Clothesline"],"damage_healed":0,"gold_gain":0,"player_choice":"Gave Card","damage_taken":0,"relics_obtained":["Blood Vial"],"max_hp_gain":0,"max_hp_loss":0,"event_name":"WeMeetAgain","floor":46,"gold_loss":0}],"is_beta":false,"boss_relics":[{"not_picked":["Philosopher\u0027s Stone","Runic Dome"],"picked":"Coffee Dripper"},{"not_picked":["Fusion Hammer","Busted Crown"],"picked":"Tiny House"}],"items_purged_floors":[],"is_endless":false,"potions_floor_spawned":[6,11,14,16,22,24,37,38,40,42],"ascension_level":0}}