{"host":"wha9hktbkslqvblg","time":1613815403,"event":{"mods":["BaseMod","Colored Map","Minty Spire (QoL Compilation)","Relic Stats","SuperFastMode","everything is the same but u backflip on backflip"],"gold_per_floor":[112,130,147,147,72,72,99,99,99,110,110,140,57,57,57,128,128,143,143,143,158,168,168,194,208,208,308,308,508,527,545,545,545,545],"floor_reached":33,"language":"KOR","playtime":761,"items_purged":[],"score":700,"play_id":"393685c4-83a2-4529-ad54-01c54d92b7d0","local_time":"20210220190323","is_ascension_mode":true,"campfire_choices":[{"floor":6.0,"key":"RECALL"},{"data":"Demon Form","floor":8.0,"key":"SMITH"},{"floor":11.0,"key":"REST"},{"data":"Heavy Blade","floor":15.0,"key":"SMITH"},{"floor":23.0,"key":"REST"},{"floor":32,"key":"REST"}],"circlet_count":0,"master_deck":["AscendersBane","Strike_R","Strike_R","Strike_R","Defend_R","Defend_R","Defend_R","Defend_R","Bash","Heavy Blade+1","Demon Form+1","Evolve","Double Tap","Heavy Blade","Demon Form+1","Whirlwind+1","Carnage","Carnage","Infernal Blade+1","Heavy Blade"],"relics":["Snecko Eye","Self Forming Clay","Anchor","Ancient Tea Set","Cursed Key","StoneCalendar","Question Card"],"acts_visited":["Exordium","TheCity"],"potions_floor_usage":[31],"damage_taken":[{"damage":6.0,"enemies":"Cultist","floor":1.0,"turns":4.0},{"damage":4.0,"enemies":"2 Louse","floor":2.0,"turns":3.0},{"damage":2.0,"enemies":"Jaw Worm","floor":3.0,"turns":2.0},{"damage":33.0,"enemies":"3 Sentries","floor":7.0,"turns":9.0},{"damage":0.0,"enemies":"Exordium Wildlife","floor":10.0,"turns":2.0},{"damage":8.0,"enemies":"Gremlin Nob","floor":12.0,"turns":3.0},{"damage":0.0,"enemies":"Slime Boss","floor":16.0,"turns":4.0},{"damage":24.0,"enemies":"Spheric Guardian","floor":18.0,"turns":4.0},{"damage":10.0,"enemies":"2 Thieves","floor":21.0,"turns":3.0},{"damage":4.0,"enemies":"Snake Plant","floor":22.0,"turns":2.0},{"damage":0.0,"enemies":"Gremlin Leader","floor":24.0,"turns":4.0},{"damage":13.0,"enemies":"Centurion and Healer","floor":25.0,"turns":3.0},{"damage":0.0,"enemies":"Colosseum Slavers","floor":27.0,"turns":2.0},{"damage":0.0,"enemies":"Colosseum Nobs","floor":27.0,"turns":3.0},{"damage":12,"enemies":"3 Cultists","floor":30,"turns":3},{"damage":11,"enemies":"Sentry and Sphere","floor":31,"turns":3},{"damage":12,"enemies":"Champ","floor":33,"turns":5}],"seed_played":"-8424340920428299694","potions_obtained":[{"floor":1.0,"key":"SneckoOil"},{"floor":7.0,"key":"AttackPotion"},{"floor":12.0,"key":"GamblersBrew"},{"floor":16.0,"key":"LiquidBronze"},{"floor":18.0,"key":"BloodPotion"},{"floor":24.0,"key":"ColorlessPotion"},{"floor":25.0,"key":"SteroidPotion"},{"floor":30,"key":"Explosive Potion"}],"is_trial":false,"path_per_floor":["M","M","M","T","?","R","E","R","T","M","R","E","$","?","R","B",null,"M","?","?","M","M","R","E","M","T","?","T","?","M","M","R","B"],"character_chosen":"IRONCLAD","items_purchased":["Evolve"],"campfire_rested":3,"item_purchase_floors":[13],"current_hp_per_floor":[62,58,56,56,56,56,23,23,23,23,45,37,37,30,30,30,64,40,19,19,9,5,29,29,16,16,16,16,16,4,9,33,21,21],"gold":545,"neow_bonus":"BOSS_RELIC","is_daily":false,"chose_seed":false,"campfire_upgraded":2,"win_rate":0.0,"timestamp":1613815403,"path_taken":["M","M","M","?","?","R","E","R","T","M","R","E","$","?","R","BOSS","M","?","?","?","M","R","E","M","T","?","?","?","M","?","R","BOSS"],"items_purchased_type":["Card"],"build_version":"2020-12-22","purchased_purges":0,"victory":false,"max_hp_per_floor":[75,75,75,75,75,75,75,75,75,75,75,75,75,75,75,75,75,75,80,80,80,80,80,80,80,80,80,80,80,80,80,80,80,80],"relic_stats":{"counters":[17,59],"Self Forming Clay":[60],"Snecko Eye":[98,76,104,104],"StoneCalendar":[0],"Cursed Key":0,"Question Card":2,"obtain_stats":[{"Anchor":7,"Self Forming Clay":4,"Snecko Eye":0,"StoneCalendar":27,"Ancient Tea Set":12,"Cursed Key":17,"Question Card":27,"Burning Blood":0},{"Anchor":4,"Self Forming Clay":3,"Snecko Eye":0,"StoneCalendar":14,"Ancient Tea Set":6,"Cursed Key":7,"Question Card":14,"Burning Blood":0},{"Anchor":18,"Self Forming Clay":9,"Snecko Eye":0,"StoneCalendar":48,"Ancient Tea Set":23,"Cursed Key":27,"Question Card":48,"Burning Blood":0}]},"card_choices":[{"not_picked":["Wild Strike","Armaments"],"picked":"Heavy Blade","floor":1.0},{"not_picked":["Body Slam","Thunderclap","Iron Wave"],"picked":"SKIP","floor":2.0},{"not_picked":["Sword Boomerang","Entrench","Havoc"],"picked":"SKIP","floor":3.0},{"not_picked":["Carnage","Sword Boomerang"],"picked":"Demon Form","floor":7.0},{"not_picked":["Power Through","Wild Strike","Iron Wave"],"picked":"SKIP","floor":10.0},{"not_picked":["Feel No Pain","Twin Strike","Intimidate"],"picked":"SKIP","floor":12.0},{"not_picked":["Brutality","Feed"],"picked":"Double Tap","floor":16.0},{"not_picked":["Cleave+1","Searing Blow"],"picked":"Heavy Blade","floor":18.0},{"not_picked":["Cleave","Sword Boomerang+1"],"picked":"Whirlwind+1","floor":21.0},{"not_picked":["Sever Soul","Havoc"],"picked":"Carnage","floor":22.0},{"not_picked":["Perfected Strike","Berserk"],"picked":"Carnage","floor":24.0},{"not_picked":["Hemokinesis","Iron Wave"],"picked":"Infernal Blade+1","floor":25.0},{"not_picked":["Blood for Blood","Iron Wave+1","Thunderclap"],"picked":"Heavy Blade","floor":30},{"not_picked":["Carnage","Sword Boomerang","Whirlwind","Pommel Strike"],"picked":"SKIP","floor":31}],"player_experience":1000366,"relics_obtained":[{"floor":4.0,"key":"Self Forming Clay"},{"floor":7.0,"key":"Anchor"},{"floor":12.0,"key":"Ancient Tea Set"},{"floor":27.0,"key":"StoneCalendar"},{"floor":27.0,"key":"Question Card"}],"event_choices":[{"cards_removed":["Strike_R"],"damage_healed":0.0,"max_hp_gain":0.0,"max_hp_loss":0.0,"gold_gain":0.0,"event_name":"The Cleric","player_choice":"Card Removal","floor":5.0,"gold_loss":75.0,"damage_taken":0.0},{"cards_removed":["Strike_R"],"damage_healed":0.0,"max_hp_gain":0.0,"max_hp_loss":0.0,"gold_gain":0.0,"event_name":"Golden Wing","player_choice":"Card Removal","floor":14.0,"gold_loss":0.0,"damage_taken":7.0},{"damage_healed":0.0,"max_hp_gain":5.0,"max_hp_loss":0.0,"gold_gain":0.0,"event_name":"Forgotten Altar","player_choice":"Shed Blood","floor":19.0,"gold_loss":0.0,"damage_taken":26.0},{"damage_healed":0.0,"max_hp_gain":0.0,"max_hp_loss":0.0,"gold_gain":0.0,"event_name":"Duplicator","player_choice":"Copied","floor":20.0,"gold_loss":0.0,"damage_taken":0.0,"cards_obtained":["Demon Form"]},{"damage_healed":0.0,"max_hp_gain":0.0,"max_hp_loss":0.0,"gold_gain":0.0,"event_name":"Colosseum","player_choice":"Fight","floor":27.0,"gold_loss":0.0,"damage_taken":0.0},{"damage_healed":0.0,"max_hp_gain":0.0,"max_hp_loss":0.0,"gold_gain":0.0,"event_name":"Colosseum","player_choice":"Fought Nobs","floor":27.0,"gold_loss":0.0,"damage_taken":0.0},{"damage_healed":0,"gold_gain":250,"player_choice":"Bet on Owner","damage_taken":0,"max_hp_gain":0,"max_hp_loss":0,"event_name":"The Joust","floor":29,"gold_loss":50}],"is_beta":false,"boss_relics":[{"not_picked":["Philosopher\u0027s Stone","Ectoplasm"],"picked":"Cursed Key"}],"items_purged_floors":[],"is_endless":false,"potions_floor_spawned":[1,7,12,16,18,24,25,30],"killed_by":"Champ","ascension_level":20}}