{"host":"i6gykeymkyt82gt2","time":1613807899,"event":{"mods":["AchievementEnabler","BaseMod","Colored Map","Colored Powertips","Custom Start","Highlight Path","Minty Spire (QoL Compilation)","Relic Stats","StSLib"],"gold_per_floor":[116,116,116,135,135,135,135,160,160,160,170,188,211,224,224,320,370,388,183,195,295,311,346,366,366,412,238,248,265,275,275,275,373,373,389,408,425,268,268,268],"floor_reached":39,"language":"ENG","playtime":2527,"items_purged":["Strike_R","Strike_R","Parasite"],"score":491,"play_id":"0d1a10c9-04a7-4cf6-ba10-e8a8771301ad","local_time":"20210220025819","is_ascension_mode":true,"campfire_choices":[{"data":"Bash","floor":6,"key":"SMITH"},{"data":"Cleave","floor":10,"key":"SMITH"},{"data":"Cleave","floor":15,"key":"SMITH"},{"data":"Armaments","floor":25,"key":"SMITH"},{"floor":32,"key":"REST"}],"circlet_count":0,"master_deck":["Strike_R","Defend_R","Defend_R","Defend_R","Defend_R+1","Bash+1","Cleave+1","Headbutt+1","Cleave+1","Offering","Armaments+1","Metallicize","Metallicize+1","Metallicize","Flash of Steel","Limit Break","Cleave+1","Whirlwind"],"relics":["Burning Blood","TungstenRod","Bag of Marbles","Singing Bowl","Bronze Scales","Tiny House","Membership Card","Regal Pillow","Art of War","Toolbox","Busted Crown","Omamori"],"acts_visited":["Exordium","TheCity","TheBeyond"],"potions_floor_usage":[24,30,33,33,33,37,39],"damage_taken":[{"damage":5,"enemies":"Cultist","floor":1,"turns":3},{"damage":0,"enemies":"2 Louse","floor":4,"turns":3},{"damage":21,"enemies":"Gremlin Nob","floor":8,"turns":5},{"damage":0,"enemies":"Jaw Worm","floor":11,"turns":3},{"damage":15,"enemies":"Gremlin Gang","floor":12,"turns":4},{"damage":0,"enemies":"Looter","floor":14,"turns":3},{"damage":12,"enemies":"Hexaghost","floor":16,"turns":9},{"damage":15,"enemies":"2 Thieves","floor":18,"turns":3},{"damage":10,"enemies":"Shell Parasite","floor":20,"turns":4},{"damage":20,"enemies":"Snecko","floor":22,"turns":4},{"damage":28,"enemies":"Gremlin Leader","floor":23,"turns":8},{"damage":10,"enemies":"Centurion and Healer","floor":24,"turns":8},{"damage":9,"enemies":"Shelled Parasite and Fungi","floor":28,"turns":7},{"damage":19,"enemies":"Snake Plant","floor":29,"turns":4},{"damage":5,"enemies":"Cultist and Chosen","floor":30,"turns":6},{"damage":55,"enemies":"Collector","floor":33,"turns":9},{"damage":7,"enemies":"Orb Walker","floor":35,"turns":4},{"damage":7,"enemies":"3 Shapes","floor":36,"turns":20},{"damage":95,"enemies":"Writhing Mass","floor":37,"turns":6},{"damage":14,"enemies":"2 Orb Walkers","floor":39,"turns":1}],"seed_played":"-7559529013990754675","potions_obtained":[{"floor":8,"key":"Energy Potion"},{"floor":11,"key":"FearPotion"},{"floor":17,"key":"PowerPotion"},{"floor":18,"key":"Explosive Potion"},{"floor":29,"key":"Fire Potion"},{"floor":30,"key":"ColorlessPotion"},{"floor":36,"key":"AttackPotion"},{"floor":37,"key":"AttackPotion"}],"is_trial":false,"path_per_floor":["M","?","?","M","?","R","$","E","T","R","M","M","T","M","R","B",null,"M","$","M","?","M","E","M","R","T","$","M","M","M","?","R","B",null,"M","M","M","$","?"],"character_chosen":"IRONCLAD","items_purchased":["Membership Card","Metallicize","Toolbox","Flash of Steel","Whirlwind","Omamori"],"campfire_rested":1,"item_purchase_floors":[19,19,27,27,38,38],"current_hp_per_floor":[57,42,36,42,42,42,42,27,27,27,35,26,26,32,32,26,87,80,80,78,78,64,44,40,40,40,40,39,28,31,31,75,26,99,100,101,12,12,0,0],"gold":268,"neow_bonus":"ONE_RARE_RELIC","is_daily":false,"chose_seed":false,"campfire_upgraded":4,"win_rate":0.0,"timestamp":1613807899,"path_taken":["M","?","?","M","?","R","$","E","T","R","?","M","?","M","R","BOSS","M","$","?","?","M","E","?","R","T","$","M","?","?","?","R","BOSS","M","M","M","$","?"],"items_purchased_type":["Relic","Card","Relic","Card","Card","Relic"],"build_version":"2020-12-22","purchased_purges":3,"victory":false,"max_hp_per_floor":[80,80,80,80,80,80,80,80,80,80,82,82,82,82,82,82,87,89,89,91,91,91,93,93,93,93,93,95,97,99,99,99,99,99,101,103,103,100,100,100],"relic_stats":{"Regal Pillow":15,"Busted Crown":6,"Singing Bowl":18,"counters":[20,114],"Bronze Scales":[294],"Art of War":[18],"obtain_stats":[{"Regal Pillow":23,"Tiny House":17,"Busted Crown":34,"Singing Bowl":9,"Bronze Scales":13,"Toolbox":27,"Bag of Marbles":8,"Art of War":26,"Omamori":38,"Membership Card":19,"Burning Blood":0,"TungstenRod":0},{"Regal Pillow":11,"Tiny House":7,"Busted Crown":16,"Singing Bowl":3,"Bronze Scales":5,"Toolbox":12,"Bag of Marbles":3,"Art of War":12,"Omamori":19,"Membership Card":8,"Burning Blood":0,"TungstenRod":0},{"Regal Pillow":49,"Tiny House":30,"Busted Crown":83,"Singing Bowl":11,"Bronze Scales":18,"Toolbox":57,"Bag of Marbles":11,"Art of War":57,"Omamori":113,"Membership Card":33,"Burning Blood":0,"TungstenRod":0}],"Burning Blood":114,"TungstenRod":51},"card_choices":[{"not_picked":["Sword Boomerang","Wild Strike"],"picked":"Ghostly Armor","floor":1},{"not_picked":["Warcry","Sword Boomerang"],"picked":"Cleave","floor":4},{"not_picked":["Warcry","Sword Boomerang","Disarm"],"picked":"SKIP","floor":8},{"not_picked":["Entrench","Thunderclap","Havoc"],"picked":"Singing Bowl","floor":11},{"not_picked":["Twin Strike","Intimidate"],"picked":"Headbutt","floor":12},{"not_picked":["Bloodletting","Reckless Charge"],"picked":"Cleave","floor":14},{"not_picked":["Corruption","Reaper"],"picked":"Offering","floor":16},{"not_picked":["Sever Soul","Dark Embrace"],"picked":"Armaments","floor":17},{"not_picked":["Pummel","Evolve","Heavy Blade+1"],"picked":"Singing Bowl","floor":18},{"not_picked":["Fire Breathing+1","Sentinel","Hemokinesis"],"picked":"Singing Bowl","floor":20},{"not_picked":["Havoc","Heavy Blade"],"picked":"Metallicize+1","floor":22},{"not_picked":["Pummel","Brutality","Combust"],"picked":"Singing Bowl","floor":23},{"not_picked":["Clothesline","Disarm"],"picked":"Metallicize","floor":24},{"not_picked":["Pommel Strike","Entrench+1","Clash"],"picked":"Singing Bowl","floor":28},{"not_picked":["Havoc","Dual Wield","Offering"],"picked":"Singing Bowl","floor":29},{"not_picked":["Twin Strike+1","Dropkick","True Grit+1"],"picked":"Singing Bowl","floor":30},{"not_picked":["Offering","Brutality"],"picked":"Limit Break","floor":33},{"not_picked":["Clash"],"picked":"Singing Bowl","floor":35},{"not_picked":["Havoc"],"picked":"Singing Bowl","floor":36},{"not_picked":[],"picked":"Cleave+1","floor":37}],"player_experience":562870,"relics_obtained":[{"floor":8,"key":"Bag of Marbles"},{"floor":9,"key":"Singing Bowl"},{"floor":13,"key":"Bronze Scales"},{"floor":23,"key":"Regal Pillow"},{"floor":26,"key":"Art of War"}],"event_choices":[{"damage_healed":0,"gold_gain":0,"player_choice":"Entered Light","damage_taken":16,"max_hp_gain":0,"max_hp_loss":0,"event_name":"Shining Light","floor":2,"gold_loss":0,"cards_upgraded":["Ghostly Armor","Defend_R"]},{"cards_removed":["Strike_R"],"damage_healed":0,"gold_gain":0,"player_choice":"Card Removal","damage_taken":7,"max_hp_gain":0,"max_hp_loss":0,"event_name":"Golden Wing","floor":3,"gold_loss":0},{"cards_removed":["Strike_R"],"damage_healed":0,"gold_gain":0,"player_choice":"Purged","damage_taken":0,"max_hp_gain":0,"max_hp_loss":0,"event_name":"Purifier","floor":5,"gold_loss":0},{"damage_healed":0,"gold_gain":100,"player_choice":"Pray","damage_taken":0,"max_hp_gain":0,"max_hp_loss":0,"event_name":"Golden Shrine","floor":21,"gold_loss":0},{"cards_removed":["Ghostly Armor"],"damage_healed":0,"gold_gain":0,"player_choice":"Elegance","damage_taken":0,"max_hp_gain":0,"max_hp_loss":0,"event_name":"Back to Basics","floor":31,"gold_loss":0},{"damage_healed":0,"gold_gain":0,"player_choice":"Fight","damage_taken":0,"max_hp_gain":0,"max_hp_loss":0,"event_name":"Mysterious Sphere","floor":39,"gold_loss":0}],"is_beta":false,"boss_relics":[{"not_picked":["Black Star","Black Blood"],"picked":"Tiny House"},{"not_picked":["Astrolabe","SlaversCollar"],"picked":"Busted Crown"}],"items_purged_floors":[19,27,38],"is_endless":false,"potions_floor_spawned":[8,11,18,23,29,30,36,37],"killed_by":"2 Orb Walkers","ascension_level":3}}