{"host":"rw1trt79hfpl7pom","time":1613800033,"event":{"mods":["BaseMod","Bestiary","Colored Map","Jorbs\u0027s Wanderer Trilogy","Minty Spire (QoL Compilation)","Relic Stats","StSLib","SuperFastMode"],"gold_per_floor":[113,113,163,176,191,191,38,66,105,117,129,170,10,30,30,108,108,122,37,49,49,49,49,49,66,66,99,114,128,128,154,154,228,228,238,250,300,300,313,339,28,59,82,102,0,13,46,57,57,57,57,57,57,31,56,56],"floor_reached":57,"language":"ENG","playtime":6265,"items_purged":["Strike_G","Pain"],"score":2955,"play_id":"7e7eb9fb-8257-4345-aa07-08d648e94d1e","local_time":"20210219214713","is_ascension_mode":true,"campfire_choices":[{"data":"Endless Agony","floor":6.0,"key":"SMITH"},{"floor":11.0,"key":"REST"},{"floor":15.0,"key":"REST"},{"floor":23.0,"key":"REST"},{"floor":30.0,"key":"REST"},{"data":"Cloak And Dagger","floor":32.0,"key":"SMITH"},{"floor":49.0,"key":"RECALL"},{"data":"Malaise","floor":53.0,"key":"SMITH"}],"circlet_count":0,"master_deck":["AscendersBane","Strike_G+1","Strike_G+1","Strike_G+1","Strike_G+1","Defend_G+1","Defend_G+1","Defend_G+1","Defend_G+1","Defend_G+1","Survivor","Neutralize","Endless Agony+1","Blur","Infinite Blades","Slice","Blade Dance+1","Malaise+1","Venomology","Leg Sweep","Blade Dance+1","Cloak And Dagger+1","Backflip","Tactician+1","Phantasmal Killer","Noxious Fumes+1","Footwork","Acrobatics+1","Acrobatics","Night Terror","Concentrate","Dodge and Roll","PiercingWail"],"relics":["WristBlade","MawBank","Potion Belt","Letter Opener","OrangePellets","SlaversCollar","Unceasing Top","Enchiridion","Oddly Smooth Stone","Pantograph","Boot","SacredBark","Tough Bandages","WarpedTongs","Toy Ornithopter","Bottled Lightning","Red Mask","Regal Pillow","Shuriken"],"acts_visited":["Exordium","TheCity","TheBeyond","TheEnding"],"potions_floor_usage":[56,56,56,56,56,56,56,56,56],"damage_taken":[{"damage":6.0,"enemies":"Jaw Worm","floor":1.0,"turns":5.0},{"damage":1.0,"enemies":"Cultist","floor":4.0,"turns":3.0},{"damage":2.0,"enemies":"Small Slimes","floor":5.0,"turns":3.0},{"damage":10.0,"enemies":"3 Sentries","floor":8.0,"turns":9.0},{"damage":28.0,"enemies":"Gremlin Nob","floor":12.0,"turns":4.0},{"damage":8.0,"enemies":"Exordium Thugs","floor":14.0,"turns":4.0},{"damage":14.0,"enemies":"The Guardian","floor":16.0,"turns":15.0},{"damage":0.0,"enemies":"Spheric Guardian","floor":18.0,"turns":3.0},{"damage":9.0,"enemies":"3 Byrds","floor":20.0,"turns":7.0},{"damage":4.0,"enemies":"3 Cultists","floor":25.0,"turns":4.0},{"damage":0.0,"enemies":"Book of Stabbing","floor":27.0,"turns":4.0},{"damage":5.0,"enemies":"Snake Plant","floor":28.0,"turns":7.0},{"damage":6.0,"enemies":"Sentry and Sphere","floor":29.0,"turns":4.0},{"damage":0.0,"enemies":"Gremlin Leader","floor":31.0,"turns":5.0},{"damage":18.0,"enemies":"Champ","floor":33.0,"turns":11.0},{"damage":14.0,"enemies":"3 Darklings","floor":35.0,"turns":10.0},{"damage":0.0,"enemies":"Orb Walker","floor":36.0,"turns":2.0},{"damage":9.0,"enemies":"2 Orb Walkers","floor":37.0,"turns":5.0},{"damage":2.0,"enemies":"Sphere and 2 Shapes","floor":39.0,"turns":5.0},{"damage":3.0,"enemies":"Giant Head","floor":40.0,"turns":7.0},{"damage":9.0,"enemies":"Reptomancer","floor":42.0,"turns":6.0},{"damage":0.0,"enemies":"Writhing Mass","floor":44.0,"turns":6.0},{"damage":0.0,"enemies":"Spire Growth","floor":46.0,"turns":5.0},{"damage":0.0,"enemies":"Nemesis","floor":47.0,"turns":7.0},{"damage":0.0,"enemies":"3 Darklings","floor":48.0,"turns":2.0},{"damage":16.0,"enemies":"Awakened One","floor":50.0,"turns":21.0},{"damage":46.0,"enemies":"Time Eater","floor":51.0,"turns":21.0},{"damage":20.0,"enemies":"Shield and Spear","floor":55.0,"turns":11.0},{"damage":26,"enemies":"The Heart","floor":56,"turns":9}],"seed_played":"-8125874183769482620","potions_obtained":[{"floor":1.0,"key":"Energy Potion"},{"floor":5.0,"key":"ColorlessPotion"},{"floor":12.0,"key":"AttackPotion"},{"floor":14.0,"key":"Ancient Potion"},{"floor":28.0,"key":"SpeedPotion"},{"floor":29.0,"key":"SkillPotion"},{"floor":31.0,"key":"GhostInAJar"},{"floor":36.0,"key":"DuplicationPotion"},{"floor":37.0,"key":"PowerPotion"},{"floor":42.0,"key":"EssenceOfSteel"},{"floor":55.0,"key":"Explosive Potion"}],"is_trial":false,"path_per_floor":["M","?","?","M","M","R","$","E","T","?","R","E","$","M","R","B",null,"M","?","M","?","?","R","?","M","T","E","M","M","R","E","R","B",null,"M","M","?","?","M","E","$","E","T","M","?","M","E","M","R","B","B",null,"R","$","E","B",null],"character_chosen":"THE_SILENT","items_purchased":["Infinite Blades","OrangePellets","Toy Ornithopter","Acrobatics","Dodge and Roll"],"campfire_rested":4,"item_purchase_floors":[7,13,41,41,54],"current_hp_per_floor":[53,33,33,32,30,30,30,20,20,20,39,11,11,3,22,8,52,52,52,43,22,22,41,41,37,37,37,32,26,45,45,45,48,62,48,48,39,39,37,34,34,25,25,35,35,35,40,45,45,50,20,55,55,55,40,66],"gold":56,"neow_bonus":"BOSS_RELIC","is_daily":false,"chose_seed":false,"campfire_upgraded":3,"win_rate":0.0,"timestamp":1613800033,"path_taken":["M","?","?","?","M","R","$","E","T","?","R","E","?","M","R","BOSS","M","?","M","?","?","R","?","M","T","E","M","?","R","E","R","BOSS","M","M","?","?","?","E","?","E","T","?","?","M","E","M","R","BOSS","BOSS","R","$","E","BOSS"],"items_purchased_type":["Card","Relic","Relic","Card","Card"],"build_version":"2020-12-22","purchased_purges":2,"victory":true,"max_hp_per_floor":[66,66,66,66,66,66,66,66,66,66,66,66,66,66,66,66,66,66,66,66,66,66,66,66,66,66,66,66,66,66,66,66,66,66,66,66,66,66,66,66,66,66,66,66,66,66,66,66,66,66,66,66,66,66,66,66],"relic_stats":{"Regal Pillow":0,"counters":[29,205],"Letter Opener":[490],"MawBank":60,"Boot":[81],"WarpedTongs":[94],"OrangePellets":[17],"Tough Bandages":[219],"Shuriken":[9],"Pantograph":83,"obtain_stats":[{"Potion Belt":9,"Regal Pillow":47,"SacredBark":34,"Enchiridion":21,"Oddly Smooth Stone":26,"Letter Opener":12,"MawBank":8,"Boot":31,"WarpedTongs":38,"OrangePellets":13,"SlaversCollar":17,"Tough Bandages":37,"WristBlade":0,"Shuriken":55,"Pantograph":27,"Red Mask":45,"Bottled Lightning":42,"Unceasing Top":19,"Toy Ornithopter":41,"Ring of the Snake":0},{"Potion Belt":4,"Regal Pillow":24,"SacredBark":15,"Enchiridion":9,"Oddly Smooth Stone":10,"Letter Opener":5,"MawBank":4,"Boot":14,"WarpedTongs":18,"OrangePellets":5,"SlaversCollar":7,"Tough Bandages":18,"WristBlade":0,"Shuriken":28,"Pantograph":11,"Red Mask":22,"Bottled Lightning":21,"Unceasing Top":8,"Toy Ornithopter":20,"Ring of the Snake":0},{"Potion Belt":20,"Regal Pillow":141,"SacredBark":88,"Enchiridion":53,"Oddly Smooth Stone":57,"Letter Opener":24,"MawBank":20,"Boot":77,"WarpedTongs":105,"OrangePellets":24,"SlaversCollar":43,"Tough Bandages":105,"WristBlade":0,"Shuriken":196,"Pantograph":61,"Red Mask":129,"Bottled Lightning":123,"Unceasing Top":46,"Toy Ornithopter":117,"Ring of the Snake":0}],"Unceasing Top":[32],"Toy Ornithopter":52},"card_choices":[{"not_picked":["Well Laid Plans","Tactician"],"picked":"Endless Agony","floor":1.0},{"not_picked":["Dagger Throw","Acrobatics"],"picked":"Blur","floor":4.0},{"not_picked":["Prepared","Outmaneuver","Sucker Punch"],"picked":"SKIP","floor":5.0},{"not_picked":["Bane","Underhanded Strike"],"picked":"Slice","floor":8.0},{"not_picked":["Cloak And Dagger","Choke"],"picked":"Blade Dance","floor":12.0},{"not_picked":["Dagger Spray","All Out Attack"],"picked":"Malaise","floor":14.0},{"not_picked":["Unload","Night Terror"],"picked":"Venomology","floor":16.0},{"not_picked":["Backflip+1","Flying Knee"],"picked":"Leg Sweep","floor":18.0},{"not_picked":["Concentrate","Terror"],"picked":"Blade Dance+1","floor":20.0},{"not_picked":["Dagger Throw","Distraction","Underhanded Strike"],"picked":"SKIP","floor":25.0},{"not_picked":["Dodge and Roll","Leg Sweep"],"picked":"Cloak And Dagger","floor":27.0},{"not_picked":["Dagger Throw","Phantasmal Killer"],"picked":"Backflip","floor":28.0},{"not_picked":["Dagger Spray","Catalyst","Sucker Punch"],"picked":"SKIP","floor":29.0},{"not_picked":["Setup","Dagger Throw"],"picked":"Tactician+1","floor":31.0},{"not_picked":["Venomology","Bullet Time"],"picked":"Phantasmal Killer","floor":33.0},{"not_picked":["Deadly Poison","Caltrops","Endless Agony"],"picked":"SKIP","floor":35.0},{"not_picked":["Bane+1","Poisoned Stab"],"picked":"Noxious Fumes+1","floor":36.0},{"not_picked":["Flying Knee","Quick Slash"],"picked":"Footwork","floor":37.0},{"not_picked":["Predator","Tactician"],"picked":"Acrobatics+1","floor":39.0},{"not_picked":["Flying Knee+1","All Out Attack","Heel Hook"],"picked":"SKIP","floor":40.0},{"not_picked":["Prepared","Bane","Quick Slash+1"],"picked":"SKIP","floor":42.0},{"not_picked":["Prepared","Endless Agony"],"picked":"Night Terror","floor":44.0},{"not_picked":["Dagger Throw+1","Concentrate","Poisoned Stab"],"picked":"SKIP","floor":46.0},{"not_picked":["Concentrate","Heel Hook+1","Bouncing Flask+1"],"picked":"SKIP","floor":47.0},{"not_picked":["Heel Hook+1","Bouncing Flask+1"],"picked":"Concentrate","floor":47.0},{"not_picked":["Riddle With Holes","Caltrops+1","Reflex"],"picked":"SKIP","floor":48.0},{"not_picked":["Underhanded Strike","Deflect"],"picked":"PiercingWail","floor":55.0}],"player_experience":2815322,"relics_obtained":[{"floor":8.0,"key":"MawBank"},{"floor":9.0,"key":"Potion Belt"},{"floor":12.0,"key":"Letter Opener"},{"floor":21.0,"key":"Enchiridion"},{"floor":26.0,"key":"Oddly Smooth Stone"},{"floor":27.0,"key":"Pantograph"},{"floor":31.0,"key":"Boot"},{"floor":37.0,"key":"Tough Bandages"},{"floor":42.0,"key":"Bottled Lightning"},{"floor":47.0,"key":"Regal Pillow"},{"floor":55.0,"key":"Shuriken"}],"event_choices":[{"damage_healed":0.0,"max_hp_gain":0.0,"max_hp_loss":0.0,"gold_gain":0.0,"event_name":"Shining Light","player_choice":"Entered Light","floor":2.0,"gold_loss":0.0,"damage_taken":20.0,"cards_upgraded":["Strike_G","Strike_G"]},{"damage_healed":0.0,"max_hp_gain":0.0,"max_hp_loss":0.0,"gold_gain":50.0,"event_name":"Golden Shrine","player_choice":"Pray","floor":3.0,"gold_loss":0.0,"damage_taken":0.0},{"damage_healed":0.0,"max_hp_gain":0.0,"max_hp_loss":0.0,"gold_gain":0.0,"event_name":"Liars Game","player_choice":"Ignored","floor":10.0,"gold_loss":0.0,"damage_taken":0.0},{"damage_healed":0.0,"max_hp_gain":0.0,"max_hp_loss":0.0,"gold_gain":0.0,"event_name":"Addict","player_choice":"Obtained Relic","floor":19.0,"gold_loss":85.0,"damage_taken":0.0,"relics_obtained":["Unceasing Top"]},{"damage_healed":0.0,"max_hp_gain":0.0,"max_hp_loss":0.0,"gold_gain":0.0,"event_name":"Cursed Tome","player_choice":"Obtained Book","floor":21.0,"gold_loss":0.0,"damage_taken":21.0},{"damage_healed":0.0,"max_hp_gain":0.0,"max_hp_loss":0.0,"gold_gain":0.0,"event_name":"Back to Basics","player_choice":"Simplicity","floor":22.0,"gold_loss":0.0,"damage_taken":0.0,"cards_upgraded":["Strike_G","Strike_G","Defend_G","Defend_G","Defend_G","Defend_G","Defend_G"]},{"damage_healed":0.0,"max_hp_gain":0.0,"max_hp_loss":0.0,"gold_gain":0.0,"event_name":"Upgrade Shrine","player_choice":"Upgraded","floor":24.0,"gold_loss":0.0,"damage_taken":0.0,"cards_upgraded":["Blade Dance"]},{"damage_healed":0.0,"max_hp_gain":0.0,"max_hp_loss":0.0,"gold_gain":0.0,"event_name":"Mysterious Sphere","player_choice":"Fight","floor":37.0,"gold_loss":0.0,"damage_taken":0.0},{"damage_healed":0.0,"max_hp_gain":0.0,"max_hp_loss":0.0,"gold_gain":0.0,"event_name":"Accursed Blacksmith","player_choice":"Rummage","floor":38.0,"gold_loss":0.0,"damage_taken":0.0,"relics_obtained":["WarpedTongs"],"cards_obtained":["Pain"]},{"damage_healed":0.0,"max_hp_gain":0.0,"max_hp_loss":0.0,"gold_gain":0.0,"event_name":"Tomb of Lord Red Mask","player_choice":"Paid","floor":45.0,"gold_loss":102.0,"damage_taken":0.0,"relics_obtained":["Red Mask"]}],"is_beta":false,"boss_relics":[{"not_picked":["Runic Dome","Fusion Hammer"],"picked":"SlaversCollar"},{"not_picked":["Philosopher\u0027s Stone","HoveringKite"],"picked":"SacredBark"}],"items_purged_floors":[7,41],"is_endless":false,"potions_floor_spawned":[1,5,12,14,28,29,31,36,37,42,48,55],"ascension_level":20}}