{"host":"bf5upntvbdompq33","time":1613784717,"event":{"mods":["BaseMod","Bestiary","Colored Map","Colored Powertips","Curses Come First","Highlight Path","Minty Spire (QoL Compilation)","StSLib","ojb\u0027s Info Mod"],"gold_per_floor":[110,285,285,57,57,92,122,122,196,226,242,262,279,297,297,372,372,384,384,384],"floor_reached":19,"language":"ENG","playtime":1625,"items_purged":["Doubt"],"score":343,"play_id":"f6da67cf-5f94-4ca8-8999-b9bb0765a539","local_time":"20210219183157","is_ascension_mode":true,"campfire_choices":[{"data":"Dark Embrace","floor":8,"key":"SMITH"},{"floor":15,"key":"REST"}],"circlet_count":0,"master_deck":["AscendersBane","Strike_R","Strike_R","Strike_R","Strike_R","Strike_R+1","Defend_R","Defend_R","Defend_R","Defend_R","Bash","Twin Strike","Dark Embrace+1","Shrug It Off+1","Headbutt","Burning Pact","Feel No Pain","Seeing Red","Battle Trance","Offering","True Grit","Warcry","Impervious"],"relics":["Black Blood","NeowsBlessing","Self Forming Clay","Smiling Mask","Odd Mushroom","Bottled Tornado","Bag of Preparation"],"acts_visited":["Exordium","TheCity"],"potions_floor_usage":[16,16],"damage_taken":[{"damage":0,"enemies":"Small Slimes","floor":1,"turns":1},{"damage":0,"enemies":"Gremlin Nob","floor":6,"turns":1},{"damage":0,"enemies":"The Mushroom Lair","floor":7,"turns":2},{"damage":38,"enemies":"3 Sentries","floor":10,"turns":13},{"damage":12,"enemies":"Jaw Worm","floor":11,"turns":2},{"damage":1,"enemies":"2 Louse","floor":12,"turns":4},{"damage":23,"enemies":"Lots of Slimes","floor":13,"turns":4},{"damage":8,"enemies":"2 Fungi Beasts","floor":14,"turns":6},{"damage":37,"enemies":"The Guardian","floor":16,"turns":15},{"damage":46,"enemies":"Shell Parasite","floor":18,"turns":18},{"damage":24,"enemies":"Masked Bandits","floor":19,"turns":2}],"seed_played":"-8613650287521877969","potions_obtained":[{"floor":1,"key":"LiquidBronze"},{"floor":6,"key":"Strength Potion"},{"floor":13,"key":"Block Potion"}],"is_trial":false,"path_per_floor":["M","?","?","$","?","E","?","R","T","E","M","M","M","M","R","B",null,"M","?"],"character_chosen":"IRONCLAD","items_purchased":["Dark Embrace","Shrug It Off","Headbutt"],"campfire_rested":1,"item_purchase_floors":[4,4,4],"current_hp_per_floor":[74,74,71,71,56,62,68,68,68,36,30,35,18,16,38,7,58,24,0,0],"gold":384,"neow_bonus":"THREE_ENEMY_KILL","is_daily":false,"chose_seed":false,"campfire_upgraded":1,"win_rate":0.0,"timestamp":1613784717,"path_taken":["M","?","?","$","?","E","?","R","T","E","M","M","M","M","R","BOSS","M","?"],"items_purchased_type":["Card","Card","Card"],"build_version":"2020-12-22","purchased_purges":1,"victory":false,"max_hp_per_floor":[75,75,75,75,75,75,75,75,75,75,75,75,75,75,75,75,75,75,75,75],"card_choices":[{"not_picked":["Rampage","Havoc"],"picked":"Twin Strike","floor":1},{"not_picked":["Flex","Berserk"],"picked":"Burning Pact","floor":6},{"not_picked":["Rampage","Flex"],"picked":"Feel No Pain","floor":7},{"not_picked":["Infernal Blade","Clothesline"],"picked":"Seeing Red","floor":10},{"not_picked":["Infernal Blade","Iron Wave"],"picked":"Battle Trance","floor":11},{"not_picked":["Shockwave","Iron Wave"],"picked":"Offering","floor":12},{"not_picked":["Anger","Flex"],"picked":"True Grit","floor":13},{"not_picked":["Havoc","Clash"],"picked":"Warcry","floor":14},{"not_picked":["Brutality","Berserk"],"picked":"Impervious","floor":16},{"not_picked":["True Grit","Pummel","Headbutt"],"picked":"SKIP","floor":18}],"player_experience":1646927,"relics_obtained":[{"floor":6,"key":"Smiling Mask"},{"floor":7,"key":"Odd Mushroom"},{"floor":9,"key":"Bottled Tornado"},{"floor":10,"key":"Bag of Preparation"}],"event_choices":[{"damage_healed":0,"gold_gain":175,"player_choice":"AGREE","damage_taken":0,"max_hp_gain":0,"max_hp_loss":0,"event_name":"Liars Game","floor":2,"gold_loss":0,"cards_obtained":["Doubt"]},{"damage_healed":0,"gold_gain":0,"player_choice":"Success","damage_taken":3,"relics_obtained":["Self Forming Clay"],"max_hp_gain":0,"max_hp_loss":0,"event_name":"Scrap Ooze","floor":3,"gold_loss":0},{"damage_healed":0,"gold_gain":0,"player_choice":"Entered Light","damage_taken":15,"max_hp_gain":0,"max_hp_loss":0,"event_name":"Shining Light","floor":5,"gold_loss":0,"cards_upgraded":["Strike_R","Shrug It Off"]},{"damage_healed":0,"gold_gain":0,"player_choice":"Fought Mushrooms","damage_taken":0,"max_hp_gain":0,"max_hp_loss":0,"event_name":"Mushrooms","floor":7,"gold_loss":0},{"damage_healed":0,"gold_gain":0,"player_choice":"Fought Bandits","damage_taken":0,"max_hp_gain":0,"max_hp_loss":0,"event_name":"Masked Bandits","floor":19,"gold_loss":0}],"is_beta":false,"boss_relics":[{"not_picked":["Tiny House","Mark of Pain"],"picked":"Black Blood"}],"items_purged_floors":[4],"is_endless":false,"potions_floor_spawned":[1,6,7,13],"killed_by":"Masked Bandits","ascension_level":14}}