{"host":"2c84cb4cp1emursg","time":1613805451,"event":{"mods":["Act Like it!","BaseMod","Better Third Choice","Bossed Relics","Downfall","Hermit","Mimic Mod","Minty Spire (QoL Compilation)","Permanent Neow","StSLib"],"gold_per_floor":[99,109,109,120,120,120,145,160,194,17,17,70,70,89,106,210,210,110,128,128,146,156,71,143,168,68,3,103,123,23,298,315,413,413,413,432,334,364,379,389,389,404,404,404,431,177,200,227,242,242,242,268,11,11,11,11],"floor_reached":57,"language":"ENG","playtime":6087,"items_purged":["sneckomod:Strike","sneckomod:UnknownUncommonSkill"],"score":1255,"play_id":"47b41534-07f6-40a5-a03a-4c72262b8d8c","local_time":"20210220001731","is_ascension_mode":false,"campfire_choices":[{"data":"sneckomod:Unknown","floor":1,"key":"SMITH"},{"data":"sneckomod:Unknown","floor":6,"key":"SMITH"},{"data":"expansioncontent:DashGenerateEvil","floor":13,"key":"SMITH"},{"floor":18,"key":"RECALL"},{"data":"sneckomod:SerpentMind","floor":26,"key":"SMITH"},{"data":"sneckomod:CheapStock","floor":30,"key":"SMITH"},{"data":"sneckomod:UnknownRareSkill","floor":35,"key":"SMITH"},{"data":"sneckomod:Defend","floor":44,"key":"PURGE"},{"data":"sneckomod:UnknownRarePower","floor":54,"key":"SMITH"}],"circlet_count":0,"master_deck":["sneckomod:Strike+1","sneckomod:Strike+1","sneckomod:Defend+1","sneckomod:Defend+1","sneckomod:TailWhip","sneckomod:SnekBite","sneckomod:Unknown+1","CurseOfTheBell","sneckomod:UnknownCommonSkill+1","sneckomod:UnknownCommonAttack","sneckomod:SnakeSap","sneckomod:SnakeSap","expansioncontent:DashGenerateEvil+1","sneckomod:QuickBite","sneckomod:SerpentMind+1","sneckomod:Unknown1Cost+1","sneckomod:CheapStock+1","sneckomod:UnknownRareAttack+1","sneckomod:QuickBite+1","sneckomod:UnknownWeak+1","sneckomod:UnknownClassDEFAULT_GRAY_COLOR+1","sneckomod:UnknownDraw+1","sneckomod:UnknownRareSkill+1","sneckomod:SnekBeam+1","sneckomod:SerpentIdol","sneckomod:UnknownStrike+1","sneckomod:SlitherStrike+1","sneckomod:UnknownDraw+1","sneckomod:QuickBite+1","sneckomod:UnknownRarePower+1","hermit:OverwhelmingPower+1","sneckomod:SlitherStrike+1","sneckomod:TrashToTreasure","sneckomod:SerpentIdol+1"],"relics":["Calling Bell","Tiny Chest","Pantograph","Bird Faced Urn","Art of War","Vajra","Astrolabe","downfall:HeartBlessingGreen","Sundial","Molten Egg 2","downfall:HeartBlessingRed","Peace Pipe","Letter Opener","downfall:HeartBlessingBlue","Empty Cage","FossilizedHelix","WingedGreaves","Kunai","Red Mask","downfall:RedIOUUpgrade","Bronze Scales","HandDrill","Potion Belt","Shuriken","Incense Burner","Toy Ornithopter"],"acts_visited":["Exordium","TheCity","TheBeyond","TheEnding"],"potions_floor_usage":[9,16,16,25,27,27,28,33,45,45,55,55,55],"damage_taken":[{"damage":0,"enemies":"Small Slimes","floor":2,"turns":4},{"damage":0,"enemies":"Cultist","floor":4,"turns":3},{"damage":8,"enemies":"Jaw Worm","floor":8,"turns":2},{"damage":50,"enemies":"3 Sentries","floor":9,"turns":7},{"damage":3,"enemies":"downfall:FleeingMerchant","floor":10,"turns":4},{"damage":15,"enemies":"2 Fungi Beasts","floor":14,"turns":2},{"damage":2,"enemies":"3 Louse","floor":15,"turns":3},{"damage":19,"enemies":"IC_STATUS_ARCHETYPE","floor":16,"turns":8},{"damage":3,"enemies":"Shell Parasite","floor":19,"turns":3},{"damage":2,"enemies":"downfall:LooterAlt2","floor":21,"turns":3},{"damage":15,"enemies":"Centurion and Healer","floor":22,"turns":4},{"damage":5,"enemies":"downfall:FleeingMerchant","floor":23,"turns":4},{"damage":9,"enemies":"Book of Stabbing","floor":25,"turns":5},{"damage":15,"enemies":"downfall:FleeingMerchant","floor":27,"turns":4},{"damage":22,"enemies":"Colosseum Nobs","floor":28,"turns":6},{"damage":15,"enemies":"Snake Plant","floor":29,"turns":2},{"damage":0,"enemies":"Cultist and Chosen","floor":32,"turns":4},{"damage":19,"enemies":"DF_ARCHETYPE_CLAW","floor":33,"turns":5},{"damage":23,"enemies":"3 Shapes","floor":36,"turns":4},{"damage":15,"enemies":"downfall:FleeingMerchant","floor":37,"turns":3},{"damage":0,"enemies":"3 Darklings","floor":38,"turns":5},{"damage":4,"enemies":"3 Darklings","floor":39,"turns":3},{"damage":0,"enemies":"Jaw Worm Horde","floor":40,"turns":4},{"damage":0,"enemies":"Transient","floor":42,"turns":5},{"damage":20,"enemies":"Reptomancer","floor":45,"turns":5},{"damage":17,"enemies":"Nemesis","floor":48,"turns":3},{"damage":25,"enemies":"Maw","floor":49,"turns":7},{"damage":44,"enemies":"WA_ARCHETYPE_DIVINITY","floor":50,"turns":6},{"damage":72,"enemies":"downfall:CharBossMerchant","floor":52,"turns":7},{"damage":7,"enemies":"downfall:NeowBoss","floor":55,"turns":8},{"damage":100,"enemies":"downfall:NeowBossFinal","floor":56,"turns":11}],"seed_played":"8560312232728199130","potions_obtained":[{"floor":2,"key":"Strength Potion"},{"floor":9,"key":"Energy Potion"},{"floor":14,"key":"SteroidPotion"},{"floor":16,"key":"Energy Potion"},{"floor":19,"key":"sneckomod:OffclassReductionPotion"},{"floor":21,"key":"LiquidBronze"},{"floor":25,"key":"ColorlessPotion"},{"floor":33,"key":"BlessingOfTheForge"},{"floor":40,"key":"Slimebound:ThreeZeroPotion"},{"floor":42,"key":"SkillPotion"},{"floor":45,"key":"BlessingOfTheForge"},{"floor":52,"key":"Swift Potion"}],"is_trial":false,"path_per_floor":["R","M","?","M","?","R","T","M","E","$","?","T","R","M","M","B",null,"R","M","?","M","M","$","T","E","R","$","?","M","R","?","M","B",null,"R","M","$","MIM","M","M","T","M","?","R","E","$","?","E","M","B",null,"E","$","R","B","B",null],"character_chosen":"THE_SNECKO","items_purchased":["expansioncontent:DashGenerateEvil","sneckomod:CheapStock","PowerPotion","FossilizedHelix","sneckomod:SlitherStrike+1","HandDrill","FairyPotion","Toy Ornithopter"],"campfire_rested":0,"item_purchase_floors":[10,23,27,37,37,46,53,53],"current_hp_per_floor":[90,90,81,81,81,81,81,73,25,24,24,24,24,9,7,13,90,90,87,87,87,72,67,67,62,62,55,41,28,38,38,40,52,100,100,83,70,74,74,86,86,92,92,92,86,86,86,75,58,47,108,42,42,42,81,10],"gold":11,"neow_bonus":"BOSS_RELIC","is_daily":false,"chose_seed":false,"campfire_upgraded":7,"win_rate":0.0,"timestamp":1613805451,"path_taken":["R","M","?","M","?","R","T","M","E","$","?","?","R","M","M","BOSS","R","M","?","M","M","$","T","E","R","$","?","M","R","?","M","BOSS","R","M","$","?","M","M","T","M","?","R","E","$","?","E","M","BOSS","E","$","R","BOSS","BOSS"],"items_purchased_type":["Card","Card","Potion","Relic","Card","Relic","Potion","Relic"],"build_version":"2020-12-22","purchased_purges":2,"victory":true,"max_hp_per_floor":[90,90,90,90,90,90,90,90,90,90,90,90,90,90,90,90,90,90,90,90,90,90,90,90,90,90,90,90,90,100,100,100,100,100,100,100,100,100,100,108,108,108,108,108,108,108,108,108,108,108,108,108,108,108,108,108],"card_choices":[{"not_picked":["sneckomod:QuickBite","sneckomod:SoulCleanse"],"picked":"sneckomod:UnknownCommonSkill","floor":2},{"not_picked":["sneckomod:SoulRoll","sneckomod:RainOfDice"],"picked":"sneckomod:UnknownCommonAttack","floor":4},{"not_picked":["sneckomod:UnknownUncommonSkill","sneckomod:Nope"],"picked":"sneckomod:SnakeSap","floor":8},{"not_picked":["sneckomod:IronFang","sneckomod:DiceCrush","sneckomod:UnknownCommonAttack"],"picked":"SKIP","floor":9},{"not_picked":["sneckomod:DiceCrush","sneckomod:UnknownExhaust"],"picked":"sneckomod:SnakeSap","floor":10},{"not_picked":["sneckomod:SoulRoll","sneckomod:IronFang","sneckomod:UnknownWeak"],"picked":"SKIP","floor":14},{"not_picked":["sneckomod:WideSting","sneckomod:UnknownStrike"],"picked":"sneckomod:QuickBite","floor":15},{"not_picked":["sneckomod:Restock","sneckomod:UnknownBoss"],"picked":"sneckomod:SerpentMind","floor":16},{"not_picked":["sneckomod:Nope","sneckomod:DefensiveFlair","sneckomod:DiceBlock"],"picked":"SKIP","floor":19},{"not_picked":["sneckomod:SoulRoll","sneckomod:UnknownWeak"],"picked":"sneckomod:UnknownUncommonSkill","floor":21},{"not_picked":["sneckomod:UnknownClassDEFAULT_GRAY_COLOR","sneckomod:QuickMove"],"picked":"sneckomod:Unknown1Cost+1","floor":22},{"not_picked":["sneckomod:UnknownBlock","sneckomod:Mudshield","sneckomod:DiceCrush"],"picked":"SKIP","floor":23},{"not_picked":["sneckomod:UnknownDraw","sneckomod:DefensiveFlair"],"picked":"sneckomod:UnknownRareAttack+1","floor":25},{"not_picked":["sneckomod:DiceCrush+1","sneckomod:UnknownClassSLIMEBOUND"],"picked":"sneckomod:QuickBite+1","floor":27},{"not_picked":["sneckomod:UnknownCommonSkill","sneckomod:WideSting+1"],"picked":"sneckomod:UnknownWeak+1","floor":28},{"not_picked":["sneckomod:UnknownUncommonPower","sneckomod:UnknownColorless"],"picked":"sneckomod:UnknownClassDEFAULT_GRAY_COLOR+1","floor":29},{"not_picked":["sneckomod:UnknownCommonSkill","sneckomod:UnknownClassSLIMEBOUND"],"picked":"sneckomod:UnknownDraw+1","floor":32},{"not_picked":["sneckomod:UnlimitedRolls","sneckomod:MorePower"],"picked":"sneckomod:UnknownRareSkill","floor":33},{"not_picked":["sneckomod:DiceCrush+1","sneckomod:QuickMove+1"],"picked":"sneckomod:SnekBeam+1","floor":36},{"not_picked":["sneckomod:UnknownClassHEXA_GHOST_PURPLE","sneckomod:SoulCleanse+1"],"picked":"sneckomod:SerpentIdol","floor":36},{"not_picked":["sneckomod:DangerNoodle+1","sneckomod:Nope"],"picked":"sneckomod:UnknownStrike+1","floor":37},{"not_picked":["sneckomod:UnknownCommonAttack+1","sneckomod:UnknownExhaust"],"picked":"sneckomod:UnknownDraw+1","floor":38},{"not_picked":["sneckomod:Unknown1Cost+1","sneckomod:Nope+1"],"picked":"sneckomod:QuickBite+1","floor":39},{"not_picked":["sneckomod:SoulCleanse+1","sneckomod:QuickMove+1"],"picked":"sneckomod:UnknownRarePower","floor":40},{"not_picked":["sneckomod:UnendingSupply+1","sneckomod:UnknownUncommonAttack+1","sneckomod:UnknownCommonSkill+1"],"picked":"SKIP","floor":42},{"not_picked":["sneckomod:UnknownRareSkill","sneckomod:UnknownStrike+1"],"picked":"sneckomod:SlitherStrike+1","floor":45},{"not_picked":["sneckomod:Unknown1Cost+1","sneckomod:UnknownUncommonAttack+1"],"picked":"sneckomod:TrashToTreasure","floor":48},{"not_picked":["sneckomod:UnknownCommonSkill+1","sneckomod:SoulRoll","sneckomod:UnknownStrength+1"],"picked":"SKIP","floor":49},{"not_picked":["sneckomod:UnknownUncommonAttack+1","sneckomod:WideSting+1"],"picked":"sneckomod:SerpentIdol+1","floor":52}],"player_experience":673257,"relics_obtained":[{"floor":0,"key":"Tiny Chest"},{"floor":0,"key":"Pantograph"},{"floor":0,"key":"Bird Faced Urn"},{"floor":9,"key":"Art of War"},{"floor":12,"key":"Vajra"},{"floor":24,"key":"Sundial"},{"floor":25,"key":"Molten Egg 2"},{"floor":28,"key":"Peace Pipe"},{"floor":28,"key":"Letter Opener"},{"floor":38,"key":"WingedGreaves"},{"floor":41,"key":"Kunai"},{"floor":45,"key":"Bronze Scales"},{"floor":47,"key":"Potion Belt"},{"floor":48,"key":"Shuriken"},{"floor":52,"key":"Incense Burner"}],"event_choices":[],"is_beta":false,"boss_relics":[{"not_picked":["Cursed Key","Tiny House"],"picked":"Astrolabe"},{"not_picked":["Velvet Choker","sneckomod:SneckoBoss"],"picked":"Empty Cage"}],"items_purged_floors":[37,46],"is_endless":false,"potions_floor_spawned":[2,9,14,16,19,21,22,25,33,40,42,45,52],"ascension_level":0}}