{"host":"zq15pup7vna0uxo1","time":1613822094,"event":{"mods":["BaseMod","Bestiary","Colored Map","Downfall","Infinite Spire","Minty Spire (QoL Compilation)","Replay The Spire","Robot Space Explorer","StSLib"],"gold_per_floor":[110,120,120,120,48,83,93,93,145,145,160,160,176,187,187,288,288,299,353,313,313,329,356,356,556,627,627,627],"floor_reached":27,"language":"ENG","playtime":1219,"items_purged":[],"score":254,"play_id":"d01b9086-c399-4fa7-b2f1-c4cdb67c4e1c","local_time":"20210220125454","is_ascension_mode":true,"campfire_choices":[{"floor":8,"key":"REST"},{"floor":10,"key":"REST"},{"data":"Defragment","floor":12,"key":"SMITH"},{"data":"Capacitor","floor":15,"key":"SMITH"},{"floor":24,"key":"REST"}],"circlet_count":0,"master_deck":["Strike_B","Strike_B","Strike_B","Strike_B","Defend_B","Defend_B","Defend_B","Defend_B","Zap+1","Dualcast","Capacitor+1","Defragment+1","Self Repair","Leap","Machine Learning","Darkness","White Noise+1","Amplify","Loop","Chill","Capacitor","Cold Snap+1"],"relics":["Cracked Core","Tiny Chest","Bird Faced Urn","StrikeDummy","Regal Pillow","Nuclear Battery","Omamori","Carrot","infinitespire:Satchel","Chameleon Ring"],"acts_visited":["Exordium","TheCity"],"potions_floor_usage":[6,16,18,23],"damage_taken":[{"damage":0,"enemies":"2 Louse","floor":1,"turns":2},{"damage":0,"enemies":"Small Slimes","floor":2,"turns":2},{"damage":51,"enemies":"Gremlin Nob","floor":6,"turns":5},{"damage":9,"enemies":"Jaw Worm","floor":7,"turns":3},{"damage":10,"enemies":"2 Fungi Beasts","floor":11,"turns":4},{"damage":4,"enemies":"3 Louse","floor":13,"turns":4},{"damage":24,"enemies":"Lots of Slimes","floor":14,"turns":3},{"damage":55,"enemies":"Hexaghost","floor":16,"turns":10},{"damage":45,"enemies":"3 Byrds","floor":18,"turns":6},{"damage":0,"enemies":"Spheric Guardian","floor":22,"turns":3},{"damage":45,"enemies":"Slavers","floor":23,"turns":7},{"damage":78,"enemies":"Book of Stabbing","floor":27,"turns":8}],"seed_played":"-5251989890129467822","potions_obtained":[{"floor":2,"key":"EssenceOfSteel"},{"floor":11,"key":"bronze:BurnAndBuffPotion"},{"floor":14,"key":"Strength Potion"},{"floor":16,"key":"Weak Potion"},{"floor":19,"key":"FocusPotion"}],"is_trial":false,"path_per_floor":["M","M","?","?","$","E","M","R","T","R","M","R","M","M","R","B",null,"M","?","?","T","M","E","R","?","T","E"],"character_chosen":"DEFECT","items_purchased":["Defragment"],"campfire_rested":3,"item_purchase_floors":[5],"current_hp_per_floor":[75,75,57,57,57,8,10,32,32,69,72,72,74,62,62,15,75,43,43,43,43,47,25,62,62,62,0,0],"gold":627,"neow_bonus":"RANDOM_EVENT","is_daily":false,"chose_seed":false,"campfire_upgraded":2,"win_rate":0.0,"timestamp":1613822094,"path_taken":["M","M","?","?","$","E","M","R","T","R","M","R","M","M","R","BOSS","M","?","?","?","M","E","R","?","T","E"],"items_purchased_type":["Card"],"build_version":"2020-12-22","purchased_purges":0,"victory":false,"max_hp_per_floor":[75,75,75,75,75,75,75,75,75,75,75,75,75,75,75,75,75,75,75,75,75,75,75,75,75,75,75,75],"card_choices":[{"not_picked":["Time Bomb","ReplayTheSpireMod:System Scan","Turbo"],"picked":"SKIP","floor":1},{"not_picked":["Loop","Recycle"],"picked":"Capacitor","floor":2},{"not_picked":["Gash","Redo"],"picked":"Self Repair","floor":6},{"not_picked":["Sweeping Beam","Turbo"],"picked":"Leap","floor":7},{"not_picked":["Consume","ReplaySort"],"picked":"Machine Learning","floor":11},{"not_picked":["Blizzard","Go for the Eyes"],"picked":"Darkness","floor":13},{"not_picked":["Steam","Heatsinks"],"picked":"White Noise","floor":14},{"not_picked":["Meteor Strike","Hyperbeam"],"picked":"Amplify","floor":16},{"not_picked":["Streamline","Gash","Go for the Eyes"],"picked":"SKIP","floor":18},{"not_picked":["Panic Button+1","Turbo"],"picked":"Loop","floor":19},{"not_picked":["Gash+1","Barrage"],"picked":"Chill","floor":19},{"not_picked":["Time Bomb","Panic Button"],"picked":"Capacitor","floor":22},{"not_picked":["Barrage","Hologram+1"],"picked":"Cold Snap+1","floor":23}],"player_experience":1217761,"relics_obtained":[{"floor":4,"key":"Bird Faced Urn"},{"floor":6,"key":"StrikeDummy"},{"floor":9,"key":"Regal Pillow"},{"floor":19,"key":"Omamori"},{"floor":21,"key":"Carrot"},{"floor":23,"key":"infinitespire:Satchel"},{"floor":26,"key":"Chameleon Ring"}],"event_choices":[{"damage_healed":0,"gold_gain":0,"player_choice":"Success","damage_taken":18,"relics_obtained":["Tiny Chest"],"max_hp_gain":0,"max_hp_loss":0,"event_name":"Scrap Ooze","floor":3,"gold_loss":0},{"damage_healed":0,"gold_gain":0,"player_choice":"Upgrade","damage_taken":0,"max_hp_gain":0,"max_hp_loss":0,"event_name":"Designer","floor":20,"gold_loss":40,"cards_upgraded":["White Noise"]},{"damage_healed":0,"gold_gain":250,"player_choice":"Bet on Owner","damage_taken":0,"max_hp_gain":0,"max_hp_loss":0,"event_name":"The Joust","floor":25,"gold_loss":50}],"is_beta":false,"boss_relics":[{"not_picked":["ChewingGum","Replay:Ancient Bell"],"picked":"Nuclear Battery"}],"items_purged_floors":[],"is_endless":false,"potions_floor_spawned":[2,11,14,16],"killed_by":"Book of Stabbing","ascension_level":2}}