{"host":"9be782jbh3sa3sl1","time":1613792883,"event":{"mods":["AchievementEnabler","BaseMod","BetterRewards","Hubris","Minty Spire (QoL Compilation)","Robot Space Explorer","Shop Mod","StSLib","The Hierophant","The Marked","The Poker Player"],"gold_per_floor":[114,114,127,139,62,74,74,88,88,114,127,4,24,42,42,145,145,161,180,193,81,81,81,81,81,105,119,137,137,137,156,156,156,156],"floor_reached":33,"language":"ENG","playtime":2199,"items_purged":[],"score":266,"play_id":"884a8ea1-6063-4c45-8966-8f0ef822ad53","local_time":"20210219224803","is_ascension_mode":true,"campfire_choices":[{"data":"Riddle With Holes","floor":7,"key":"SMITH"},{"floor":15,"key":"REST"},{"data":"Phantasmal Killer","floor":23,"key":"SMITH"},{"data":"Backstab","floor":30,"key":"SMITH"},{"floor":32,"key":"REST"}],"circlet_count":0,"master_deck":["Strike_G","Strike_G","Defend_G","Defend_G","Defend_G","Defend_G","Survivor","Neutralize","Phantasmal Killer+1","Riddle With Holes+1","Underhanded Strike","Prepared","Caltrops","Backstab","Dagger Spray","Backflip","Dagger Spray","Slice","Dagger Spray","Unload","Venomology+1","Bane+1","PiercingWail+1","Deadly Poison","Blade Dance","Prepared","Backstab","Footwork","Terror+1","Backstab+1","Outmaneuver","Skewer"],"relics":["Ring of the Snake","Tiny Chest","Regal Pillow","The Courier","Blood Vial","Astrolabe","Boot","Ornamental Fan","Smiling Mask"],"acts_visited":["Exordium","TheCity"],"potions_floor_usage":[11,14,16,16,18,20,20,28,31,33,33],"damage_taken":[{"damage":2,"enemies":"Small Slimes","floor":1,"turns":5},{"damage":1,"enemies":"Cultist","floor":3,"turns":4},{"damage":0,"enemies":"2 Louse","floor":4,"turns":3},{"damage":3,"enemies":"Exordium Wildlife","floor":6,"turns":4},{"damage":0,"enemies":"3 Louse","floor":8,"turns":3},{"damage":17,"enemies":"3 Sentries","floor":10,"turns":5},{"damage":7,"enemies":"Lots of Slimes","floor":11,"turns":3},{"damage":4,"enemies":"Blue Slaver","floor":13,"turns":4},{"damage":0,"enemies":"Large Slime","floor":14,"turns":3},{"damage":15,"enemies":"The Guardian","floor":16,"turns":9},{"damage":9,"enemies":"2 Thieves","floor":18,"turns":4},{"damage":0,"enemies":"Chosen","floor":19,"turns":4},{"damage":18,"enemies":"Centurion and Healer","floor":20,"turns":6},{"damage":0,"enemies":"Snake Plant","floor":27,"turns":4},{"damage":0,"enemies":"Cultist and Chosen","floor":28,"turns":3},{"damage":9,"enemies":"Shelled Parasite and Fungi","floor":31,"turns":4},{"damage":77,"enemies":"Champ","floor":33,"turns":11}],"seed_played":"4777153498546368519","potions_obtained":[{"floor":1,"key":"DuplicationPotion"},{"floor":10,"key":"AttackPotion"},{"floor":11,"key":"Dexterity Potion"},{"floor":13,"key":"Fire Potion"},{"floor":14,"key":"CultistPotion"},{"floor":19,"key":"BlessingOfTheForge"},{"floor":27,"key":"Explosive Potion"},{"floor":31,"key":"SkillPotion"}],"is_trial":false,"path_per_floor":["M","?","M","M","$","M","R","M","T","E","M","$","M","M","R","B",null,"M","M","M","$","T","R","?","T","T","M","M","?","R","M","R","B"],"character_chosen":"THE_SILENT","items_purchased":["Caltrops","Blood Vial","Backstab","Footwork"],"campfire_rested":2,"item_purchase_floors":[5,12,21,21],"current_hp_per_floor":[68,68,67,67,67,64,64,64,64,47,40,40,38,40,70,55,70,61,63,47,47,47,47,47,47,47,49,51,51,51,44,70,0,0],"gold":156,"neow_bonus":"ONE_RANDOM_RARE_CARD","is_daily":false,"chose_seed":false,"campfire_upgraded":3,"win_rate":0.0,"timestamp":1613792883,"path_taken":["M","?","M","M","$","M","R","M","T","E","M","$","?","M","R","BOSS","M","M","M","$","?","R","?","?","T","?","M","?","R","M","R","BOSS"],"items_purchased_type":["Card","Relic","Card","Card"],"build_version":"2020-12-22","purchased_purges":0,"victory":false,"max_hp_per_floor":[70,70,70,70,70,70,70,70,70,70,70,70,70,70,70,70,70,70,70,70,70,70,70,70,70,70,70,70,70,70,70,70,70,70],"card_choices":[{"not_picked":["Heel Hook","Dagger Throw"],"picked":"Riddle With Holes","floor":1},{"not_picked":["hubris:SlightOfHand","Bouncing Flask"],"picked":"Underhanded Strike","floor":3},{"not_picked":["Noxious Fumes","Backflip"],"picked":"Prepared","floor":4},{"not_picked":["hubris:SlightOfHand","Deflect"],"picked":"Backstab","floor":6},{"not_picked":["Prepared","Deadly Poison"],"picked":"Dagger Spray","floor":8},{"not_picked":["Night Terror","Masterful Stab"],"picked":"Backflip","floor":10},{"not_picked":["All Out Attack","Prepared"],"picked":"Dagger Spray","floor":11},{"not_picked":["Endless Agony","Calculated Gamble"],"picked":"Slice","floor":13},{"not_picked":["PiercingWail","Wraith Form v2"],"picked":"Dagger Spray","floor":14},{"not_picked":["Storm of Steel","Glass Knife"],"picked":"Unload","floor":16},{"not_picked":["Catalyst","Concentrate"],"picked":"Deadly Poison","floor":18},{"not_picked":["Slice+1","Outmaneuver+1"],"picked":"Blade Dance","floor":19},{"not_picked":["Dagger Throw","hubris:SlightOfHand"],"picked":"Prepared","floor":20},{"not_picked":["Well Laid Plans","Choke"],"picked":"Terror+1","floor":27},{"not_picked":["Predator","Reflex"],"picked":"Backstab","floor":28},{"not_picked":["Sucker Punch","Dagger Spray"],"picked":"Skewer","floor":31}],"player_experience":372767,"relics_obtained":[{"floor":9,"key":"Regal Pillow"},{"floor":10,"key":"The Courier"},{"floor":22,"key":"Boot"},{"floor":25,"key":"Ornamental Fan"},{"floor":26,"key":"Smiling Mask"}],"event_choices":[{"damage_healed":0,"gold_gain":0,"player_choice":"Gave Potion","damage_taken":0,"relics_obtained":["Tiny Chest"],"max_hp_gain":0,"max_hp_loss":0,"event_name":"WeMeetAgain","floor":2,"gold_loss":0},{"damage_healed":0,"gold_gain":0,"cards_transformed":["Strike_G"],"player_choice":"Transformed","damage_taken":0,"max_hp_gain":0,"max_hp_loss":0,"event_name":"Transmorgrifier","floor":29,"gold_loss":0,"cards_obtained":["Outmaneuver"]}],"is_beta":false,"boss_relics":[{"not_picked":["SacredBark","Velvet Choker"],"picked":"Astrolabe"}],"items_purged_floors":[],"is_endless":false,"potions_floor_spawned":[1,10,11,13,14,19,27,31],"killed_by":"Champ","ascension_level":1}}