{"host":"e4wnmsyty9uvvtwf","time":1613805535,"event":{"mods":["Act Like it!","BaseMod","Colored Map","Colored Powertips","Gensokyo","Koishi","Minty Spire (QoL Compilation)","StSLib"],"gold_per_floor":[117,23,36,36,36,36,63,76,126,126,126,141,167,167,167,241,241,252,135,150,30,41,275,275,293,293,319,336,349,37,66,66,66,66],"floor_reached":33,"language":"ZHS","playtime":1725,"items_purged":[],"score":692,"play_id":"ecc0d5a1-5d7d-4cb2-b4b5-c68021306aca","local_time":"20210220151855","is_ascension_mode":true,"campfire_choices":[{"data":"Koishi:PredatoryInstincts","floor":6.0,"key":"SMITH"},{"data":"Koishi:HeartStoppingHorror","floor":10.0,"key":"SMITH"},{"data":"Koishi:PerfectMindControl","floor":15.0,"key":"SMITH"},{"data":"Koishi:GrowingPain","floor":24.0,"key":"SMITH"},{"data":"Koishi:Catatonia","floor":32.0,"key":"SMITH"}],"circlet_count":0,"master_deck":["AscendersBane","Koishi:BasicStrike","Koishi:BasicStrike","Koishi:BasicStrike","Koishi:BasicStrike","Koishi:BasicDefend","Koishi:BasicDefend","Koishi:BasicDefend","Koishi:BasicDefend","Koishi:Provoke","Koishi:HauntingSlash","Finesse","Koishi:RacingHeart","Koishi:ParalyzingFear","Koishi:PredatoryInstincts+1","Koishi:PerfectMindControl+1","Koishi:HeartStoppingHorror+1","Koishi:Untouchable","Koishi:TremblingHands+1","Koishi:GrowingPain+1","Koishi:ApparitionsStalkTheNight","Koishi:GeneticsOfTheUnconscious","Koishi:YoukaiPolygraph","Koishi:Catatonia+1","Koishi:Possession","Koishi:Whimsy"],"relics":["Koishi:ImaginaryFriend","Strawberry","Dream Catcher","PreservedInsect","Gambling Chip","Gensokyo:YoukaiFlower","Coffee Dripper","Gensokyo:MaskOfHope","Art of War","Bird Faced Urn","Kunai","Pantograph","Incense Burner","Sundial"],"acts_visited":["Exordium","Gensokyo:Gensokyo"],"potions_floor_usage":[],"damage_taken":[{"damage":0.0,"enemies":"Gensokyo:Python","floor":1.0,"turns":4.0},{"damage":19.0,"enemies":"Gensokyo:3_Fairies","floor":3.0,"turns":7.0},{"damage":27.0,"enemies":"Gensokyo:Cirno","floor":7.0,"turns":9.0},{"damage":2.0,"enemies":"Gensokyo:Gryphon","floor":8.0,"turns":6.0},{"damage":0.0,"enemies":"Gensokyo:LivingMonolith","floor":12.0,"turns":3.0},{"damage":0.0,"enemies":"Gensokyo:Mamizou","floor":13.0,"turns":7.0},{"damage":0.0,"enemies":"Gensokyo:Yukari","floor":16.0,"turns":9.0},{"damage":0.0,"enemies":"Gensokyo:CosmicMonolith","floor":18.0,"turns":5.0},{"damage":0.0,"enemies":"Gensokyo:2_Gloops","floor":20.0,"turns":5.0},{"damage":8.0,"enemies":"Gensokyo:Slime_Group","floor":22.0,"turns":6.0},{"damage":0.0,"enemies":"Gensokyo:Koishi","floor":23.0,"turns":6.0},{"damage":17.0,"enemies":"Gensokyo:Swordslinger","floor":25.0,"turns":5.0},{"damage":8.0,"enemies":"Gensokyo:Reisen","floor":27.0,"turns":6.0},{"damage":5.0,"enemies":"Gensokyo:Wraith","floor":28.0,"turns":4.0},{"damage":2.0,"enemies":"Gensokyo:Slime_Group","floor":29.0,"turns":6.0},{"damage":0.0,"enemies":"Gensokyo:Koishi","floor":31.0,"turns":6.0},{"damage":0,"enemies":"Gensokyo:Eiki","floor":33,"turns":1}],"seed_played":"-8936661824814837973","potions_obtained":[{"floor":3.0,"key":"BlessingOfTheForge"},{"floor":12.0,"key":"BlessingOfTheForge"},{"floor":13.0,"key":"Block Potion"},{"floor":16.0,"key":"ColorlessPotion"},{"floor":23.0,"key":"SneckoOil"},{"floor":28.0,"key":"FairyPotion"}],"is_trial":false,"path_per_floor":["M","COS","M","$","?","R","E","M","T","R","?","M","E","?","R","B",null,"M","COS","M","?","M","E","R","M","T","E","M","M","$","E","R","B"],"character_chosen":"KOISHI","items_purchased":["Incense Burner"],"campfire_rested":0,"item_purchase_floors":[30],"current_hp_per_floor":[53,53,35,35,35,35,42,50,50,50,50,59,64,64,64,64,64,64,64,64,64,64,64,64,60,60,64,64,64,64,64,64,64,64],"gold":66,"neow_bonus":"RANDOM_COLORLESS","is_daily":false,"chose_seed":false,"campfire_upgraded":5,"win_rate":0.0,"timestamp":1613805535,"path_taken":["M","COS","M","$","?","R","E","M","T","R","?","M","E","?","R","BOSS","M","COS","M","?","M","E","R","M","T","E","M","?","$","E","R","BOSS"],"items_purchased_type":["Relic"],"build_version":"2020-12-22","purchased_purges":0,"victory":false,"max_hp_per_floor":[57,57,57,57,57,57,64,64,64,64,64,64,64,64,64,64,64,64,64,64,64,64,64,64,64,64,64,64,64,64,64,64,64,64],"card_choices":[{"not_picked":["Enlightenment","Trip"],"picked":"Finesse","floor":0.0},{"not_picked":["Koishi:FreudianInstinct","Koishi:FidgetySnatcher"],"picked":"Koishi:RacingHeart","floor":1.0},{"not_picked":["Koishi:RacingHeart","Koishi:FleetingPhantom"],"picked":"Koishi:ParalyzingFear","floor":3.0},{"not_picked":["Koishi:GhostParty","Koishi:SprinkleStarAndHeart"],"picked":"Koishi:PredatoryInstincts","floor":5.0},{"not_picked":["Koishi:RorschachInDanmaku","Koishi:Prune"],"picked":"Koishi:PerfectMindControl","floor":5.0},{"not_picked":["Koishi:RoseHell","Koishi:ConfinedInnocent"],"picked":"Koishi:HeartStoppingHorror","floor":7.0},{"not_picked":["Koishi:ReleaseOfTheId","Koishi:JumpScare"],"picked":"Koishi:Untouchable","floor":7.0},{"not_picked":["Koishi:Jaunt","Koishi:SpiritedAway","Koishi:UnansweredLove"],"picked":"SKIP","floor":8.0},{"not_picked":["Koishi:ReflexRadar","Koishi:MassHysteria"],"picked":"Koishi:BloodcurdlingScream","floor":12.0},{"not_picked":["Koishi:Prune","Koishi:PhantomBarrier","Koishi:FleetingPhantom"],"picked":"SKIP","floor":13.0},{"not_picked":["Koishi:RoseHell","Koishi:ConfinedInnocent"],"picked":"Koishi:GrowingPain","floor":16.0},{"not_picked":["Koishi:IdleWhim","Koishi:BramblyRoseGarden","Koishi:PhantomStrike"],"picked":"SKIP","floor":18.0},{"not_picked":["Koishi:Jaunt+1","Koishi:DreadfulBlow","Koishi:SpiritedAway"],"picked":"SKIP","floor":20.0},{"not_picked":["Koishi:HeartfeltFancy+1","Koishi:Bloodlust"],"picked":"Koishi:ApparitionsStalkTheNight","floor":22.0},{"not_picked":["Koishi:Prune","Koishi:Jaunt"],"picked":"Koishi:GeneticsOfTheUnconscious","floor":23.0},{"not_picked":["Koishi:Prune","Koishi:Whimsy"],"picked":"Koishi:YoukaiPolygraph","floor":25.0},{"not_picked":["Koishi:EmbryosDream","Koishi:JumpScare+1"],"picked":"Koishi:Catatonia","floor":27.0},{"not_picked":["Koishi:UnansweredLove","Koishi:ReflexRadar"],"picked":"Koishi:Possession","floor":28.0},{"not_picked":["Koishi:JumpScare","Koishi:Prune+1"],"picked":"Koishi:Whimsy","floor":29.0},{"not_picked":["Koishi:FidgetySnatcher","Koishi:Vanish","Koishi:PhantomStrike"],"picked":"SKIP","floor":31.0}],"player_experience":571240,"relics_obtained":[{"floor":7.0,"key":"Strawberry"},{"floor":9.0,"key":"PreservedInsect"},{"floor":13.0,"key":"Gambling Chip"},{"floor":23.0,"key":"Art of War"},{"floor":26.0,"key":"Kunai"},{"floor":27.0,"key":"Pantograph"},{"floor":31.0,"key":"Sundial"}],"event_choices":[],"is_beta":false,"boss_relics":[{"not_picked":["Pandora\u0027s Box","Snecko Eye"],"picked":"Coffee Dripper"}],"items_purged_floors":[],"is_endless":false,"potions_floor_spawned":[3,12,13,16,22,23,25,28],"killed_by":"Gensokyo:Eiki","ascension_level":14}}