{"host":"ju1b3c4x8n2jtjm7","time":1613823251,"event":{"mods":["AchievementEnabler","BaseMod","Colored Map","Colored Powertips","DeckTracker","Highlight Path","Minty Spire (QoL Compilation)","Quick Restart","Rare Cards Sparkle","Relic Stats"],"gold_per_floor":[110,128,143,143,143,169,169,180,180,180,196,46,64,64,64,169,169,179,198,214,40,56,56,82,82,82,110,128,128,7,17,17,121,171,187,187,237,257,275,275,302,55,78,78,97,97,124,0,0,50],"floor_reached":51,"language":"ENG","playtime":4165,"items_purged":["Pain","Defend_P"],"score":1221,"play_id":"03d688a1-e432-4c9b-8b54-23fd9403e898","local_time":"20210220131411","is_ascension_mode":true,"campfire_choices":[{"data":"Eruption","floor":7.0,"key":"SMITH"},{"data":"CrushJoints","floor":10.0,"key":"SMITH"},{"data":"BattleHymn","floor":15.0,"key":"SMITH"},{"data":"MasterReality","floor":23.0,"key":"SMITH"},{"data":"DeusExMachina","floor":25.0,"key":"SMITH"},{"data":"Consecrate","floor":29.0,"key":"SMITH"},{"floor":32.0,"key":"REST"},{"data":"Study","floor":40,"key":"SMITH"},{"data":"Meditate","floor":44,"key":"SMITH"},{"data":"Evaluate","floor":49,"key":"SMITH"}],"circlet_count":0,"master_deck":["Defend_P+1","Defend_P","Eruption+1","Vigilance","Scrawl+1","BattleHymn+1","Consecrate+1","CrushJoints+1","ForeignInfluence","JustLucky","MasterReality+1","DeusExMachina+1","SashWhip+1","Ragnarok+1","DeceiveReality+1","Meditate+1","Prostrate+1","Evaluate+1","LikeWater+1","Wireheading+1","Study+1","Conclude","TalkToTheHand+1","Vault+1","Evaluate+1","ThirdEye+1","Wallop+1","LikeWater+1"],"relics":["PureWater","WarpedTongs","Ancient Tea Set","Shuriken","Astrolabe","Art of War","Toxic Egg 2","Ice Cream","Mummified Hand","Tiny House","FossilizedHelix","Pen Nib","Toolbox","Smiling Mask","Red Mask"],"acts_visited":["Exordium","TheCity","TheBeyond"],"potions_floor_usage":[41],"damage_taken":[{"damage":0.0,"enemies":"Small Slimes","floor":1.0,"turns":3.0},{"damage":2.0,"enemies":"Jaw Worm","floor":2.0,"turns":3.0},{"damage":0.0,"enemies":"Cultist","floor":3.0,"turns":4.0},{"damage":2.0,"enemies":"Gremlin Nob","floor":6.0,"turns":2.0},{"damage":17.0,"enemies":"Exordium Wildlife","floor":8.0,"turns":3.0},{"damage":8.0,"enemies":"Lots of Slimes","floor":11.0,"turns":3.0},{"damage":1.0,"enemies":"Looter","floor":13.0,"turns":2.0},{"damage":0.0,"enemies":"Slime Boss","floor":16.0,"turns":4.0},{"damage":0.0,"enemies":"3 Byrds","floor":18.0,"turns":2.0},{"damage":0.0,"enemies":"Spheric Guardian","floor":19.0,"turns":1.0},{"damage":10.0,"enemies":"Centurion and Healer","floor":20.0,"turns":3.0},{"damage":0.0,"enemies":"Snake Plant","floor":22.0,"turns":2.0},{"damage":1.0,"enemies":"Gremlin Leader","floor":24.0,"turns":3.0},{"damage":1.0,"enemies":"Book of Stabbing","floor":27.0,"turns":2.0},{"damage":0.0,"enemies":"Cultist and Chosen","floor":28.0,"turns":3.0},{"damage":23.0,"enemies":"Centurion and Healer","floor":31.0,"turns":3.0},{"damage":11.0,"enemies":"Collector","floor":33.0,"turns":5.0},{"damage":1.0,"enemies":"3 Shapes","floor":35.0,"turns":6.0},{"damage":0.0,"enemies":"Mind Bloom Boss Battle","floor":37.0,"turns":4.0},{"damage":0,"enemies":"Orb Walker","floor":38,"turns":3},{"damage":9,"enemies":"4 Shapes","floor":39,"turns":3},{"damage":0,"enemies":"Giant Head","floor":41,"turns":5},{"damage":0,"enemies":"3 Darklings","floor":45,"turns":3},{"damage":0,"enemies":"Reptomancer","floor":47,"turns":6},{"damage":0,"enemies":"Awakened One","floor":50,"turns":8}],"seed_played":"8379223426194347171","potions_obtained":[{"floor":3.0,"key":"Weak Potion"},{"floor":8.0,"key":"SpeedPotion"},{"floor":14.0,"key":"Energy Potion"},{"floor":14.0,"key":"Block Potion"},{"floor":16.0,"key":"Energy Potion"},{"floor":18.0,"key":"BottledMiracle"},{"floor":22.0,"key":"StancePotion"},{"floor":24.0,"key":"Dexterity Potion"},{"floor":27.0,"key":"AttackPotion"},{"floor":34.0,"key":"LiquidMemories"},{"floor":38,"key":"PowerPotion"},{"floor":39,"key":"Regen Potion"},{"floor":41,"key":"BlessingOfTheForge"}],"is_trial":false,"path_per_floor":["M","M","M","?","?","E","R","M","T","R","M","$","M","?","R","B",null,"M","M","M","$","M","R","E","R","T","E","M","R","$","M","R","B",null,"M","?","?","M","M","R","E","$","T","R","M","?","E","?","R","B",null],"character_chosen":"WATCHER","items_purchased":["DistilledChaos","Art of War","Evaluate","Study","Conclude","Toolbox"],"campfire_rested":1,"item_purchase_floors":[12,21,21,30,30,42],"current_hp_per_floor":[65,63,63,63,63,61,61,44,44,44,36,36,35,35,35,35,63,63,63,53,53,53,53,52,52,52,51,51,51,51,28,49,38,69,68,68,68,68,59,59,71,71,71,71,71,71,71,71,71,71],"gold":50,"neow_bonus":"TRANSFORM_CARD","is_daily":false,"chose_seed":false,"campfire_upgraded":9,"win_rate":0.0,"timestamp":1613823251,"path_taken":["M","M","M","?","?","E","R","M","T","R","M","$","?","?","R","BOSS","M","M","M","$","M","R","E","R","T","E","M","R","?","M","R","BOSS","M","?","?","M","M","R","E","?","T","R","M","?","E","?","R","BOSS"],"items_purchased_type":["Potion","Relic","Card","Card","Card","Relic"],"build_version":"2020-12-22","purchased_purges":2,"victory":true,"max_hp_per_floor":[72,72,72,72,72,72,72,72,72,72,72,72,72,72,72,72,72,72,72,72,72,72,72,72,72,72,72,72,72,72,72,72,72,77,77,77,77,77,77,77,77,77,77,77,77,73,73,73,73,73],"relic_stats":{"counters":[25,86],"Shuriken":[45],"Mummified Hand":[58],"Astrolabe":["SashWhip","Ragnarok","DeceiveReality"],"Pen Nib":[4],"Art of War":[5],"Smiling Mask":0,"obtain_stats":[{"Ice Cream":26,"Tiny House":34,"Astrolabe":17,"Pen Nib":41,"Ancient Tea Set":6,"Smiling Mask":47,"WarpedTongs":5,"Shuriken":9,"Mummified Hand":27,"Toolbox":42,"Art of War":21,"Red Mask":48,"PureWater":0,"Toxic Egg 2":24,"FossilizedHelix":37},{"Ice Cream":13,"Tiny House":17,"Astrolabe":8,"Pen Nib":22,"Ancient Tea Set":4,"Smiling Mask":24,"WarpedTongs":3,"Shuriken":5,"Mummified Hand":14,"Toolbox":22,"Art of War":11,"Red Mask":24,"PureWater":0,"Toxic Egg 2":13,"FossilizedHelix":19},{"Ice Cream":35,"Tiny House":48,"Astrolabe":24,"Pen Nib":69,"Ancient Tea Set":12,"Smiling Mask":78,"WarpedTongs":10,"Shuriken":15,"Mummified Hand":37,"Toolbox":69,"Art of War":30,"Red Mask":78,"PureWater":0,"Toxic Egg 2":35,"FossilizedHelix":58}],"WarpedTongs":[69]},"card_choices":[{"not_picked":["Prostrate","JustLucky"],"picked":"BattleHymn","floor":1.0},{"not_picked":["Protect","FlurryOfBlows"],"picked":"Consecrate","floor":2.0},{"not_picked":["FollowUp","Fasting2"],"picked":"CrushJoints","floor":3.0},{"not_picked":["ClearTheMind","FollowUp"],"picked":"ForeignInfluence","floor":6.0},{"not_picked":["PathToVictory","FlyingSleeves","FollowUp"],"picked":"SKIP","floor":8.0},{"not_picked":["CrushJoints","Wallop"],"picked":"JustLucky","floor":11.0},{"not_picked":["CrushJoints","ClearTheMind"],"picked":"MasterReality","floor":13.0},{"not_picked":["Wish","Devotion"],"picked":"DeusExMachina","floor":16.0},{"not_picked":["Sanctity","CutThroughFate"],"picked":"Meditate","floor":18.0},{"not_picked":["Weave","Protect"],"picked":"Prostrate+1","floor":19.0},{"not_picked":["Conclude","Protect+1","FlurryOfBlows"],"picked":"SKIP","floor":20.0},{"not_picked":["EmptyFist","ForeignInfluence"],"picked":"LikeWater+1","floor":22.0},{"not_picked":["PathToVictory+1","Indignation+1"],"picked":"Wireheading+1","floor":24.0},{"not_picked":["SignatureMove","SashWhip","FearNoEvil+1"],"picked":"SKIP","floor":27.0},{"not_picked":["Halt+1","Protect+1","Consecrate"],"picked":"SKIP","floor":28.0},{"not_picked":["EmptyFist","BowlingBash"],"picked":"TalkToTheHand+1","floor":31.0},{"not_picked":["ConjureBlade+1","Wish+1"],"picked":"Vault+1","floor":33.0},{"not_picked":["CrushJoints+1","Protect+1"],"picked":"Evaluate+1","floor":34.0},{"not_picked":["Study","FlurryOfBlows+1","PathToVictory+1"],"picked":"SKIP","floor":35.0},{"not_picked":["WaveOfTheHand+1","Brilliance"],"picked":"ThirdEye+1","floor":37},{"not_picked":["Collect+1","Crescendo+1","EmptyFist"],"picked":"SKIP","floor":38},{"not_picked":["EmptyFist","Protect+1"],"picked":"Wallop+1","floor":39},{"not_picked":["Meditate+1","ThirdEye+1","EmptyBody+1"],"picked":"SKIP","floor":41},{"not_picked":["ThirdEye+1","CutThroughFate"],"picked":"LikeWater+1","floor":45},{"not_picked":["BowlingBash","Protect+1","JustLucky+1"],"picked":"SKIP","floor":47}],"player_experience":416076,"relics_obtained":[{"floor":6.0,"key":"Ancient Tea Set"},{"floor":9.0,"key":"Shuriken"},{"floor":24.0,"key":"Toxic Egg 2"},{"floor":26.0,"key":"Ice Cream"},{"floor":27.0,"key":"Mummified Hand"},{"floor":37,"key":"FossilizedHelix"},{"floor":41,"key":"Pen Nib"},{"floor":47,"key":"Smiling Mask"}],"event_choices":[{"damage_healed":0.0,"max_hp_gain":0.0,"max_hp_loss":0.0,"gold_gain":0.0,"event_name":"Living Wall","player_choice":"Grow","floor":4.0,"gold_loss":0.0,"damage_taken":0.0,"cards_upgraded":["Scrawl"]},{"damage_healed":0.0,"max_hp_gain":0.0,"max_hp_loss":0.0,"gold_gain":0.0,"event_name":"Accursed Blacksmith","player_choice":"Rummage","floor":5.0,"gold_loss":0.0,"damage_taken":0.0,"relics_obtained":["WarpedTongs"],"cards_obtained":["Pain"]},{"damage_healed":0.0,"max_hp_gain":0.0,"max_hp_loss":0.0,"gold_gain":0.0,"event_name":"Lab","player_choice":"Got Potions","floor":14.0,"gold_loss":0.0,"damage_taken":0.0},{"cards_removed":["Defend_P"],"damage_healed":0.0,"max_hp_gain":0.0,"max_hp_loss":0.0,"gold_gain":0.0,"event_name":"Falling","player_choice":"Removed Skill","floor":36.0,"gold_loss":0.0,"damage_taken":0.0},{"damage_healed":0.0,"max_hp_gain":0.0,"max_hp_loss":0.0,"gold_gain":0.0,"event_name":"MindBloom","player_choice":"Fight","floor":37.0,"gold_loss":0.0,"damage_taken":0.0},{"damage_healed":0,"gold_gain":0,"player_choice":"Max HP","damage_taken":0,"max_hp_gain":0,"max_hp_loss":4,"event_name":"Winding Halls","floor":46,"gold_loss":0},{"damage_healed":0,"gold_gain":0,"player_choice":"Paid","damage_taken":0,"relics_obtained":["Red Mask"],"max_hp_gain":0,"max_hp_loss":0,"event_name":"Tomb of Lord Red Mask","floor":48,"gold_loss":124}],"is_beta":false,"boss_relics":[{"not_picked":["SacredBark","Runic Dome"],"picked":"Astrolabe"},{"not_picked":["Velvet Choker","Pandora\u0027s Box"],"picked":"Tiny House"}],"items_purged_floors":[12,42],"is_endless":false,"potions_floor_spawned":[3,8,16,18,22,24,27,38,39,41],"ascension_level":8}}