{"host":"siagz6a7l016lv9o","time":1613864036,"event":{"mods":["AchievementEnabler","BaseMod","Colored Map","Downfall","Minty Spire (QoL Compilation)","Quick Restart","StSLib"],"gold_per_floor":[111,54,54,69,69,96,111,121,145,156,156,231,231,231,231,331,331,348,361,276,293,321,353,149,159,159,159,176,193,193,45,45,143,143,153,165,75,88,99,99,49,49,94,94,104,120,137,148,148,148],"floor_reached":51,"language":"ENG","playtime":2984,"items_purged":["Strike_B","Strike_B"],"score":773,"play_id":"66363306-95a6-48a7-b186-71f9a4ca634f","local_time":"20210221003356","is_ascension_mode":false,"campfire_choices":[{"data":"All For One","floor":11.0,"key":"SMITH"},{"data":"White Noise","floor":13.0,"key":"SMITH"},{"data":"Leap","floor":15.0,"key":"SMITH"},{"data":"Defragment","floor":27.0,"key":"SMITH"},{"data":"Go for the Eyes","floor":32.0,"key":"SMITH"},{"data":"Coolheaded","floor":40.0,"key":"SMITH"},{"data":"Defragment","floor":49,"key":"SMITH"}],"circlet_count":0,"master_deck":["Strike_B","Defend_B","Defend_B","Defend_B+1","Zap","Dualcast","Coolheaded+1","White Noise+1","Cold Snap","All For One+1","Go for the Eyes","Go for the Eyes+1","Leap+1","FTL","Cold Snap","Beam Cell+1","All For One","Beam Cell","Leap+1","Defragment+1","Gash+1","Gash+1","Leap","Chill+1","Steam+1","Reboot","Gash+1","Skim","Gash+1","Coolheaded+1","Skim+1","BootSequence+1","Defragment+1"],"relics":["FrozenCore","NeowsBlessing","Prayer Wheel","InkBottle","Letter Opener","PreservedInsect","Coffee Dripper","Smiling Mask","Red Mask","Lantern","Tiny Chest","Potion Belt","Dream Catcher","Orrery","War Paint","Pear"],"acts_visited":["Exordium","TheCity","TheBeyond"],"potions_floor_usage":[50,50,50,50],"damage_taken":[{"damage":0.0,"enemies":"Small Slimes","floor":1.0,"turns":1.0},{"damage":0.0,"enemies":"Cultist","floor":4.0,"turns":1.0},{"damage":0.0,"enemies":"3 Sentries","floor":6.0,"turns":2.0},{"damage":9.0,"enemies":"Jaw Worm","floor":7.0,"turns":4.0},{"damage":4.0,"enemies":"3 Louse","floor":8.0,"turns":3.0},{"damage":0.0,"enemies":"Looter","floor":10.0,"turns":3.0},{"damage":0.0,"enemies":"Slime Boss","floor":16.0,"turns":5.0},{"damage":0.0,"enemies":"Shell Parasite","floor":18.0,"turns":3.0},{"damage":0.0,"enemies":"Spheric Guardian","floor":19.0,"turns":3.0},{"damage":11.0,"enemies":"Chosen and Byrds","floor":21.0,"turns":6.0},{"damage":0.0,"enemies":"Masked Bandits","floor":22.0,"turns":3.0},{"damage":0.0,"enemies":"Book of Stabbing","floor":23.0,"turns":4.0},{"damage":2.0,"enemies":"Shelled Parasite and Fungi","floor":25.0,"turns":5.0},{"damage":5.0,"enemies":"3 Cultists","floor":28.0,"turns":5.0},{"damage":0.0,"enemies":"Cultist and Chosen","floor":29.0,"turns":3.0},{"damage":35.0,"enemies":"Champ","floor":33.0,"turns":11.0},{"damage":5.0,"enemies":"3 Shapes","floor":35.0,"turns":4.0},{"damage":0.0,"enemies":"3 Darklings","floor":36.0,"turns":5.0},{"damage":6.0,"enemies":"Writhing Mass","floor":38.0,"turns":5.0},{"damage":0.0,"enemies":"Transient","floor":39.0,"turns":5.0},{"damage":2,"enemies":"3 Darklings","floor":45,"turns":4},{"damage":0,"enemies":"4 Shapes","floor":46,"turns":4},{"damage":0,"enemies":"Spire Growth","floor":47,"turns":4},{"damage":2,"enemies":"Sphere and 2 Shapes","floor":48,"turns":6},{"damage":12,"enemies":"Awakened One","floor":50,"turns":11}],"seed_played":"7881584471778816442","potions_obtained":[{"floor":6.0,"key":"Fire Potion"},{"floor":7.0,"key":"Strength Potion"},{"floor":10.0,"key":"ColorlessPotion"},{"floor":18.0,"key":"Block Potion"},{"floor":21.0,"key":"FearPotion"},{"floor":28.0,"key":"SteroidPotion"},{"floor":35.0,"key":"Ancient Potion"},{"floor":39.0,"key":"BlessingOfTheForge"},{"floor":47,"key":"BlessingOfTheForge"}],"is_trial":false,"path_per_floor":["M","?","$","M","T","E","M","M","T","M","R","?","R","?","R","B",null,"M","M","?","M","?","E","$","M","T","R","M","M","?","$","R","B",null,"M","M","?","M","M","R","$","$","T","T","M","M","M","M","R","B",null],"character_chosen":"DEFECT","items_purchased":["Tiny Chest","Orrery"],"campfire_rested":0,"item_purchase_floors":[24,31],"current_hp_per_floor":[75,75,75,75,75,75,66,62,62,62,62,51,51,44,44,44,75,75,75,75,64,64,64,64,62,62,62,57,57,57,57,57,22,75,70,70,70,64,64,64,64,64,64,74,72,72,72,70,70,58],"gold":148,"neow_bonus":"THREE_ENEMY_KILL","is_daily":false,"chose_seed":false,"campfire_upgraded":7,"win_rate":0.0,"timestamp":1613864036,"path_taken":["M","?","$","?","?","E","M","M","T","M","R","?","R","?","R","BOSS","M","M","?","M","?","E","$","M","T","R","M","M","?","$","R","BOSS","M","M","?","M","M","R","$","?","T","?","M","M","M","M","R","BOSS"],"items_purchased_type":["Relic","Relic"],"build_version":"2020-12-22","purchased_purges":2,"victory":true,"max_hp_per_floor":[75,75,75,75,75,75,75,75,75,75,75,75,75,75,75,75,75,75,75,75,75,75,75,75,75,75,75,75,75,75,75,75,75,75,75,75,75,75,75,75,75,75,75,85,85,85,85,85,85,85],"card_choices":[{"not_picked":["Steam","Lockon"],"picked":"Coolheaded","floor":1.0},{"not_picked":["Redo","Genetic Algorithm"],"picked":"White Noise","floor":4.0},{"not_picked":["Gash","Scrape"],"picked":"Cold Snap","floor":4.0},{"not_picked":["Conserve Battery","Barrage"],"picked":"All For One","floor":6.0},{"not_picked":["Aggregate","Chaos"],"picked":"Go for the Eyes","floor":7.0},{"not_picked":["Cold Snap","Streamline"],"picked":"Go for the Eyes","floor":7.0},{"not_picked":["Fission","Rebound"],"picked":"Leap","floor":8.0},{"not_picked":["Barrage","Compile Driver"],"picked":"FTL","floor":8.0},{"not_picked":["Barrage","Go for the Eyes"],"picked":"Cold Snap","floor":10.0},{"not_picked":["Stack","Reprogram"],"picked":"Beam Cell","floor":10.0},{"not_picked":["Multi-Cast","Reboot"],"picked":"All For One","floor":16.0},{"not_picked":["Rip and Tear+1","Melter"],"picked":"Beam Cell","floor":18.0},{"not_picked":["Hologram+1","Leap+1","Rebound"],"picked":"SKIP","floor":18.0},{"not_picked":["Hologram+1","Rebound"],"picked":"Leap+1","floor":18.0},{"not_picked":["Self Repair+1","Sweeping Beam","Stack"],"picked":"SKIP","floor":19.0},{"not_picked":["Go for the Eyes","Rebound+1","Tempest"],"picked":"SKIP","floor":19.0},{"not_picked":["Sweeping Beam","Barrage","Storm"],"picked":"SKIP","floor":21.0},{"not_picked":["Sweeping Beam+1","Conserve Battery","Fission"],"picked":"SKIP","floor":21.0},{"not_picked":["Static Discharge","Lockon"],"picked":"Defragment","floor":23.0},{"not_picked":["Leap","Go for the Eyes","Rebound"],"picked":"SKIP","floor":25.0},{"not_picked":["Storm","Streamline","Barrage"],"picked":"SKIP","floor":25.0},{"not_picked":["Sweeping Beam","Hologram","Barrage"],"picked":"SKIP","floor":28.0},{"not_picked":["Tempest","Fission","Beam Cell"],"picked":"SKIP","floor":28.0},{"not_picked":["Go for the Eyes","Streamline+1","Force Field"],"picked":"SKIP","floor":29.0},{"not_picked":["Chaos+1","Rebound","Leap"],"picked":"SKIP","floor":29.0},{"not_picked":["Ball Lightning","Auto Shields"],"picked":"Gash+1","floor":31.0},{"not_picked":["Ball Lightning","Compile Driver"],"picked":"Gash+1","floor":31.0},{"not_picked":["Electrodynamics","Heatsinks+1"],"picked":"Leap","floor":31.0},{"not_picked":["Go for the Eyes","Compile Driver"],"picked":"Chill","floor":31.0},{"not_picked":["Stack","Redo"],"picked":"Steam+1","floor":31.0},{"not_picked":["Biased Cognition","Multi-Cast"],"picked":"Reboot","floor":33.0},{"not_picked":["Steam+1","Leap","Rip and Tear"],"picked":"SKIP","floor":35.0},{"not_picked":["Go for the Eyes","Compile Driver+1","Streamline"],"picked":"SKIP","floor":35.0},{"not_picked":["Sweeping Beam+1","Hello World+1"],"picked":"Gash+1","floor":36.0},{"not_picked":["Ball Lightning","Stack","Sweeping Beam"],"picked":"SKIP","floor":36.0},{"not_picked":["Steam Power","Chill"],"picked":"Skim","floor":38.0},{"not_picked":["Buffer","Reprogram","Stack+1"],"picked":"SKIP","floor":38.0},{"not_picked":["Stack","Ball Lightning+1"],"picked":"Gash+1","floor":39.0},{"not_picked":["Machine Learning","Genetic Algorithm+1"],"picked":"Coolheaded+1","floor":39.0},{"not_picked":["Steam+1","Beam Cell+1"],"picked":"Skim+1","floor":45},{"not_picked":["Stack","Streamline+1","Go for the Eyes"],"picked":"SKIP","floor":45},{"not_picked":["Redo","Storm+1"],"picked":"BootSequence+1","floor":46},{"not_picked":["Fusion+1","Melter+1","Self Repair"],"picked":"SKIP","floor":46},{"not_picked":["Rebound+1","Genetic Algorithm+1","Barrage+1"],"picked":"SKIP","floor":47},{"not_picked":["Sweeping Beam+1","Double Energy","Go for the Eyes"],"picked":"SKIP","floor":47},{"not_picked":["Rebound","Chill+1"],"picked":"Defragment","floor":48},{"not_picked":["Chill+1","Beam Cell+1","Hologram"],"picked":"SKIP","floor":48}],"player_experience":11696,"relics_obtained":[{"floor":5.0,"key":"InkBottle"},{"floor":6.0,"key":"Letter Opener"},{"floor":9.0,"key":"PreservedInsect"},{"floor":22.0,"key":"Red Mask"},{"floor":23.0,"key":"Lantern"},{"floor":26.0,"key":"Potion Belt"},{"floor":43,"key":"War Paint"},{"floor":44,"key":"Pear"}],"event_choices":[{"damage_healed":0.0,"max_hp_gain":0.0,"max_hp_loss":0.0,"gold_gain":0.0,"event_name":"WeMeetAgain","player_choice":"Paid Gold","floor":2.0,"gold_loss":57.0,"damage_taken":0.0,"relics_obtained":["Prayer Wheel"]},{"damage_healed":0.0,"max_hp_gain":0.0,"max_hp_loss":0.0,"gold_gain":75.0,"event_name":"World of Goop","player_choice":"Gather Gold","floor":12.0,"gold_loss":0.0,"damage_taken":11.0},{"cards_removed":["Strike_B"],"damage_healed":0.0,"max_hp_gain":0.0,"max_hp_loss":0.0,"gold_gain":0.0,"event_name":"Golden Wing","player_choice":"Card Removal","floor":14.0,"gold_loss":0.0,"damage_taken":7.0},{"damage_healed":0.0,"max_hp_gain":0.0,"max_hp_loss":0.0,"gold_gain":0.0,"event_name":"Addict","player_choice":"Obtained Relic","floor":20.0,"gold_loss":85.0,"damage_taken":0.0,"relics_obtained":["Smiling Mask"]},{"damage_healed":0.0,"max_hp_gain":0.0,"max_hp_loss":0.0,"gold_gain":0.0,"event_name":"Masked Bandits","player_choice":"Fought Bandits","floor":22.0,"gold_loss":0.0,"damage_taken":0.0},{"damage_healed":0.0,"max_hp_gain":0.0,"max_hp_loss":0.0,"gold_gain":0.0,"event_name":"The Mausoleum","player_choice":"Opened","floor":30.0,"gold_loss":0.0,"damage_taken":0.0,"relics_obtained":["Dream Catcher"]},{"cards_removed":["Defend_B"],"damage_healed":0.0,"max_hp_gain":0.0,"max_hp_loss":0.0,"gold_gain":0.0,"event_name":"Designer","player_choice":"Upgrade and Remove","floor":37.0,"gold_loss":90.0,"damage_taken":0.0,"cards_upgraded":["Beam Cell"]}],"is_beta":false,"boss_relics":[{"not_picked":["SacredBark","SlaversCollar"],"picked":"Coffee Dripper"},{"not_picked":["Cursed Key","Calling Bell"],"picked":"FrozenCore"}],"items_purged_floors":[24,41],"is_endless":false,"potions_floor_spawned":[6,7,10,18,21,22,28,35,39,47],"ascension_level":0}}