{"host":"w14xfy17z3c5mpoi","time":1613843140,"event":{"mods":["AchievementEnabler","BaseMod","Minty Spire (QoL Compilation)","Relic Stats"],"gold_per_floor":[15,34,50,0,12,12,39,39,65,240,255,180,180,29,29,133,133,143,143,158,158,168,168,168,200,200,200,211,225,225,260,260,260,260],"floor_reached":33,"language":"ENG","playtime":3477,"items_purged":["Doubt"],"score":465,"play_id":"944672b5-a46a-4d91-ae73-e4c27730d47c","local_time":"20210220124540","is_ascension_mode":true,"campfire_choices":[{"data":"Cloak And Dagger","floor":6,"key":"SMITH"},{"floor":8,"key":"REST"},{"data":"Terror","floor":13,"key":"SMITH"},{"data":"Footwork","floor":15,"key":"SMITH"},{"data":"Adrenaline","floor":23,"key":"SMITH"},{"data":"Blade Dance","floor":27,"key":"SMITH"},{"floor":32,"key":"REST"}],"circlet_count":0,"master_deck":["AscendersBane","Strike_G+1","Strike_G+1","Strike_G+1","Strike_G+1","Defend_G+1","Defend_G+1","Defend_G+1","Defend_G+1","Defend_G+1","Survivor","Neutralize","Adrenaline+1","Poisoned Stab","Terror+1","Cloak And Dagger+1","Choke","Footwork+1","Burst","Backflip","Blade Dance+1","Dagger Spray+1","Slice","Outmaneuver+1","Accuracy","Dagger Throw+1"],"relics":["Ring of the Snake","Vajra","Regal Pillow","Nunchaku","Cursed Key","Bag of Preparation","MutagenicStrength","Meat on the Bone"],"acts_visited":["Exordium","TheCity"],"potions_floor_usage":[11,16,22,25,31,33],"damage_taken":[{"damage":4.0,"enemies":"Jaw Worm","floor":1.0,"turns":4.0},{"damage":5.0,"enemies":"2 Louse","floor":2.0,"turns":4.0},{"damage":2,"enemies":"Small Slimes","floor":3,"turns":3},{"damage":4,"enemies":"2 Fungi Beasts","floor":5,"turns":4},{"damage":31,"enemies":"3 Sentries","floor":7,"turns":11},{"damage":6,"enemies":"Looter","floor":11,"turns":2},{"damage":30,"enemies":"The Guardian","floor":16,"turns":13},{"damage":10,"enemies":"3 Byrds","floor":18,"turns":6},{"damage":4,"enemies":"Shell Parasite","floor":20,"turns":3},{"damage":3,"enemies":"Shelled Parasite and Fungi","floor":22,"turns":3},{"damage":10,"enemies":"Slavers","floor":25,"turns":4},{"damage":0,"enemies":"Centurion and Healer","floor":28,"turns":5},{"damage":2,"enemies":"Snake Plant","floor":29,"turns":4},{"damage":0,"enemies":"Gremlin Leader","floor":31,"turns":5},{"damage":72,"enemies":"Automaton","floor":33,"turns":8}],"seed_played":"-7514843659389288031","potions_obtained":[{"floor":1.0,"key":"Fruit Juice"},{"floor":2,"key":"Poison Potion"},{"floor":3,"key":"SteroidPotion"},{"floor":11,"key":"PowerPotion"},{"floor":20,"key":"SneckoOil"},{"floor":22,"key":"SkillPotion"},{"floor":31,"key":"LiquidBronze"}],"is_trial":false,"path_per_floor":["M","M","M","?","M","R","E","R","T","?","M","$","R","$","R","B",null,"M","?","M","?","M","R","?","E","T","R","M","M","?","E","R","B"],"character_chosen":"THE_SILENT","items_purchased":["Nunchaku"],"campfire_rested":2,"item_purchase_floors":[14],"current_hp_per_floor":[59,54,52,52,48,48,17,38,38,38,37,37,37,37,37,7,58,48,48,44,44,41,41,41,31,31,31,31,29,29,29,66,0,0],"gold":260,"neow_bonus":"THREE_RARE_CARDS","is_daily":false,"chose_seed":false,"campfire_upgraded":5,"win_rate":0.0,"timestamp":1613843140,"path_taken":["M","M","M","?","M","R","E","R","T","?","M","?","R","$","R","BOSS","M","?","M","?","M","R","?","E","T","R","M","M","?","E","R","BOSS"],"items_purchased_type":["Relic"],"build_version":"2020-12-22","purchased_purges":1,"victory":false,"max_hp_per_floor":[70,70,70,70,70,70,70,70,70,70,75,75,75,75,75,75,75,75,75,75,75,75,75,75,75,75,75,75,75,75,75,75,75,75],"relic_stats":{"Regal Pillow":15,"Nunchaku":[17],"counters":[15,79],"Bag of Preparation":[8],"Cursed Key":0,"obtain_stats":[{"Regal Pillow":9,"Nunchaku":14,"MutagenicStrength":30,"Vajra":7,"Bag of Preparation":25,"Cursed Key":17,"Ring of the Snake":0,"Meat on the Bone":31},{"Regal Pillow":5,"Nunchaku":6,"MutagenicStrength":13,"Vajra":5,"Bag of Preparation":11,"Cursed Key":7,"Ring of the Snake":0,"Meat on the Bone":14},{"Regal Pillow":26,"Nunchaku":28,"MutagenicStrength":66,"Vajra":26,"Bag of Preparation":57,"Cursed Key":41,"Ring of the Snake":0,"Meat on the Bone":71}],"Ring of the Snake":[30],"Meat on the Bone":0},"card_choices":[{"not_picked":["Burst","Die Die Die"],"picked":"Adrenaline","floor":0.0},{"not_picked":["Reflex","Dagger Throw"],"picked":"Poisoned Stab","floor":1.0},{"not_picked":["Blur","Caltrops"],"picked":"Terror","floor":2},{"not_picked":["Well Laid Plans","Bouncing Flask"],"picked":"Cloak And Dagger","floor":3},{"not_picked":["Infinite Blades","PiercingWail"],"picked":"Choke","floor":5},{"not_picked":["Flying Knee","Prepared"],"picked":"Footwork","floor":7},{"not_picked":["Outmaneuver","Deadly Poison","Bane"],"picked":"SKIP","floor":11},{"not_picked":["Bullet Time","Doppelganger"],"picked":"Burst","floor":16},{"not_picked":["Sucker Punch","Quick Slash+1"],"picked":"Backflip","floor":18},{"not_picked":["Escape Plan","Heel Hook+1"],"picked":"Dagger Spray+1","floor":20},{"not_picked":["Terror","Masterful Stab"],"picked":"Slice","floor":22},{"not_picked":["Bane+1","PiercingWail"],"picked":"Outmaneuver+1","floor":25},{"not_picked":["Eviscerate+1","Dagger Throw","Poisoned Stab"],"picked":"SKIP","floor":28},{"not_picked":["Deadly Poison+1","Slice"],"picked":"Accuracy","floor":29},{"not_picked":["Choke+1","Grand Finale"],"picked":"Dagger Throw+1","floor":31}],"player_experience":725565,"relics_obtained":[{"floor":7,"key":"Vajra"},{"floor":9,"key":"Regal Pillow"},{"floor":25,"key":"Bag of Preparation"},{"floor":31,"key":"Meat on the Bone"}],"event_choices":[{"cards_removed":["Strike_G"],"damage_healed":0,"gold_gain":0,"player_choice":"Card Removal","damage_taken":0,"max_hp_gain":0,"max_hp_loss":0,"event_name":"The Cleric","floor":4,"gold_loss":50},{"damage_healed":0,"gold_gain":175,"player_choice":"AGREE","damage_taken":0,"max_hp_gain":0,"max_hp_loss":0,"event_name":"Liars Game","floor":10,"gold_loss":0,"cards_obtained":["Doubt"]},{"damage_healed":0,"gold_gain":0,"player_choice":"Read","damage_taken":0,"max_hp_gain":0,"max_hp_loss":0,"event_name":"The Library","floor":19,"gold_loss":0,"cards_obtained":["Blade Dance"]},{"damage_healed":0,"gold_gain":0,"player_choice":"Simplicity","damage_taken":0,"max_hp_gain":0,"max_hp_loss":0,"event_name":"Back to Basics","floor":21,"gold_loss":0,"cards_upgraded":["Strike_G","Strike_G","Strike_G","Strike_G","Defend_G","Defend_G","Defend_G","Defend_G","Defend_G"]},{"damage_healed":0,"gold_gain":0,"player_choice":"Ignored","damage_taken":0,"max_hp_gain":0,"max_hp_loss":0,"event_name":"Ghosts","floor":24,"gold_loss":0},{"damage_healed":0,"gold_gain":0,"player_choice":"Inject Mutagens","damage_taken":0,"relics_obtained":["MutagenicStrength"],"max_hp_gain":0,"max_hp_loss":0,"event_name":"Drug Dealer","floor":30,"gold_loss":0}],"is_beta":false,"boss_relics":[{"not_picked":["Ring of the Serpent","HoveringKite"],"picked":"Cursed Key"}],"items_purged_floors":[12],"is_endless":false,"potions_floor_spawned":[1,2,3,11,20,22,31],"killed_by":"Automaton","ascension_level":10}}