{"host":"6q94iy5iz6612v89","time":1613796277,"event":{"mods":["2.2 Compatiblity","AchievementEnabler","BaseMod","Colored Map","DeckTracker","Keyboard Shortcuts","Minty Spire (QoL Compilation)","Permanent Neow","StSLib","SuperFastMode"],"gold_per_floor":[18,18,30,45,56,56,82,82,82,96,116,141,66,81,81,81,81],"floor_reached":16,"language":"KOR","playtime":368,"items_purged":["Strike_R"],"score":208,"play_id":"43fabf6e-96a0-4cd1-9d51-aebdf98dbd05","local_time":"20210220134437","is_ascension_mode":true,"campfire_choices":[{"data":"Carnage","floor":6,"key":"SMITH"},{"data":"Body Slam","floor":15,"key":"SMITH"}],"circlet_count":0,"master_deck":["AscendersBane","Strike_R","Defend_R","Defend_R","Defend_R","Defend_R","Bash","Pummel","Power Through","Body Slam+1","Reckless Charge","Carnage+1","Pommel Strike","True Grit"],"relics":["Burning Blood","Turnip","Odd Mushroom"],"acts_visited":["Exordium"],"potions_floor_usage":[16],"damage_taken":[{"damage":0,"enemies":"Small Slimes","floor":1,"turns":4},{"damage":1,"enemies":"2 Louse","floor":3,"turns":4},{"damage":6,"enemies":"Jaw Worm","floor":4,"turns":6},{"damage":20,"enemies":"Lots of Slimes","floor":5,"turns":7},{"damage":50,"enemies":"3 Sentries","floor":7,"turns":13},{"damage":4,"enemies":"2 Fungi Beasts","floor":10,"turns":2},{"damage":0,"enemies":"Looter","floor":11,"turns":2},{"damage":0,"enemies":"The Mushroom Lair","floor":12,"turns":3},{"damage":16,"enemies":"Red Slaver","floor":14,"turns":5},{"damage":33,"enemies":"Slime Boss","floor":16,"turns":6}],"seed_played":"6508616428736487757","potions_obtained":[{"floor":1,"key":"ElixirPotion"},{"floor":12,"key":"Weak Potion"}],"is_trial":false,"path_per_floor":["M","?","M","M","M","R","E","?","T","M","M","?","$","M","R","B"],"character_chosen":"IRONCLAD","items_purchased":[],"campfire_rested":0,"item_purchase_floors":[],"current_hp_per_floor":[74,74,75,75,61,61,17,17,17,19,25,31,31,21,21,0,0],"gold":81,"neow_bonus":"TRANSFORM_TWO_CARDS","is_daily":false,"chose_seed":false,"campfire_upgraded":2,"win_rate":0.0,"timestamp":1613796277,"path_taken":["M","?","M","M","M","R","E","?","T","M","M","?","?","M","R","BOSS"],"items_purchased_type":[],"build_version":"2020-12-22","purchased_purges":1,"victory":false,"max_hp_per_floor":[75,75,75,75,75,75,75,75,75,75,75,75,75,75,75,75,75],"card_choices":[{"not_picked":["Shockwave","Perfected Strike","Thunderclap"],"picked":"SKIP","floor":1},{"not_picked":["Warcry","Intimidate"],"picked":"Body Slam","floor":3},{"not_picked":["Disarm","Perfected Strike"],"picked":"Reckless Charge","floor":4},{"not_picked":["Dark Embrace","Whirlwind"],"picked":"Carnage","floor":5},{"not_picked":["Shockwave","Reckless Charge"],"picked":"Pommel Strike","floor":7},{"not_picked":["Headbutt","Hemokinesis","Twin Strike"],"picked":"SKIP","floor":10},{"not_picked":["Warcry","Rampage"],"picked":"True Grit","floor":11},{"not_picked":["Disarm","Body Slam","Rupture"],"picked":"SKIP","floor":14}],"player_experience":1493317,"relics_obtained":[{"floor":7,"key":"Turnip"},{"floor":12,"key":"Odd Mushroom"}],"event_choices":[{"cards_removed":["Strike_R"],"damage_healed":0,"gold_gain":0,"player_choice":"Forget","damage_taken":0,"max_hp_gain":0,"max_hp_loss":0,"event_name":"Living Wall","floor":2,"gold_loss":0},{"damage_healed":0,"gold_gain":0,"player_choice":"Fled","damage_taken":0,"max_hp_gain":0,"max_hp_loss":0,"event_name":"Scrap Ooze","floor":8,"gold_loss":0},{"damage_healed":0,"gold_gain":0,"player_choice":"Fought Mushrooms","damage_taken":0,"max_hp_gain":0,"max_hp_loss":0,"event_name":"Mushrooms","floor":12,"gold_loss":0}],"is_beta":false,"boss_relics":[],"items_purged_floors":[13],"is_endless":false,"potions_floor_spawned":[1,12,14],"killed_by":"Slime Boss","ascension_level":20}}