{"host":"12piqfhmdln9x2la","time":1613810033,"event":{"mods":["2.2 Compatiblity","AchievementEnabler","BaseMod","BetterRewards","Colored Powertips","Minty Spire (QoL Compilation)","Quick Restart","SuperFastMode"],"gold_per_floor":[110,110,125,136,151,169,169,180,180,191,222,222,232,247,247,247,247],"floor_reached":16,"language":"KOR","playtime":387,"items_purged":[],"score":108,"play_id":"dcd4979e-8b15-4338-84ed-fb9293092e59","local_time":"20210220173353","is_ascension_mode":false,"campfire_choices":[{"floor":12,"key":"RECALL"},{"data":"Limit Break","floor":15,"key":"SMITH"}],"circlet_count":0,"master_deck":["Strike_R","Strike_R","Strike_R","Strike_R","Defend_R","Defend_R","Defend_R","Defend_R","Bash","Infernal Blade","Rampage","Bloodletting","Pommel Strike","Flex","Limit Break+1","Flex","Armaments"],"relics":["Burning Blood","Membership Card","Singing Bowl","Lizard Tail","Unceasing Top","Question Card","Anchor","Champion Belt"],"acts_visited":["Exordium"],"potions_floor_usage":[11,14,14,14,16],"damage_taken":[{"damage":5,"enemies":"2 Louse","floor":1,"turns":2},{"damage":0,"enemies":"Cultist","floor":3,"turns":2},{"damage":6,"enemies":"Jaw Worm","floor":4,"turns":2},{"damage":11,"enemies":"Large Slime","floor":5,"turns":5},{"damage":6,"enemies":"Exordium Wildlife","floor":6,"turns":3},{"damage":9,"enemies":"2 Fungi Beasts","floor":8,"turns":3},{"damage":6,"enemies":"Large Slime","floor":10,"turns":3},{"damage":34,"enemies":"Lagavulin","floor":11,"turns":4},{"damage":0,"enemies":"Looter","floor":13,"turns":1},{"damage":0,"enemies":"Exordium Thugs","floor":14,"turns":3},{"damage":88,"enemies":"Slime Boss","floor":16,"turns":10}],"seed_played":"-5915880510702434414","potions_obtained":[{"floor":3,"key":"Weak Potion"},{"floor":5,"key":"Fire Potion"},{"floor":8,"key":"CultistPotion"},{"floor":11,"key":"DistilledChaos"},{"floor":14,"key":"ColorlessPotion"}],"is_trial":false,"path_per_floor":["M","?","M","M","M","M","?","M","T","M","E","R","M","M","R","B"],"character_chosen":"IRONCLAD","items_purchased":["Membership Card","Singing Bowl","Infernal Blade","Question Card","Rampage"],"campfire_rested":0,"item_purchase_floors":[0,0,0,0,0],"current_hp_per_floor":[47,40,48,48,43,43,43,40,40,40,12,12,18,26,26,0,0],"gold":247,"neow_bonus":"","is_daily":false,"chose_seed":false,"campfire_upgraded":1,"win_rate":0.0,"timestamp":1613810033,"path_taken":["M","?","M","M","M","M","?","M","T","M","E","R","M","M","R","BOSS"],"items_purchased_type":["Relic","Relic","Card","Relic","Card"],"build_version":"2020-12-22","purchased_purges":0,"victory":false,"max_hp_per_floor":[82,82,84,84,84,84,84,84,84,84,84,84,84,86,86,86,86],"card_choices":[{"not_picked":["Sword Boomerang","Sentinel","Intimidate","Twin Strike"],"picked":"Singing Bowl","floor":1},{"not_picked":["Havoc","Sword Boomerang","Dark Embrace","Battle Trance"],"picked":"Singing Bowl","floor":3},{"not_picked":["Twin Strike","Headbutt","Anger"],"picked":"Thunderclap","floor":4},{"not_picked":["Rampage","Perfected Strike","Entrench"],"picked":"Bloodletting","floor":5},{"not_picked":["Wild Strike","Immolate","Thunderclap"],"picked":"Pommel Strike","floor":6},{"not_picked":["Warcry","Havoc","Rupture"],"picked":"Flex","floor":8},{"not_picked":["Perfected Strike","Pommel Strike","Armaments"],"picked":"Limit Break","floor":10},{"not_picked":["Shrug It Off","Perfected Strike","Entrench"],"picked":"Flex","floor":11},{"not_picked":["Pummel","Sword Boomerang","Havoc"],"picked":"Armaments","floor":13},{"not_picked":["True Grit","Fiend Fire","Pommel Strike","Dark Embrace"],"picked":"Singing Bowl","floor":14}],"player_experience":131301,"relics_obtained":[{"floor":11,"key":"Champion Belt"}],"event_choices":[{"cards_removed":["Strike_R"],"damage_healed":0,"gold_gain":0,"player_choice":"Card Removal","damage_taken":7,"max_hp_gain":0,"max_hp_loss":0,"event_name":"Golden Wing","floor":2,"gold_loss":0},{"cards_removed":["Thunderclap"],"damage_healed":0,"gold_gain":0,"player_choice":"Gave Card","damage_taken":0,"relics_obtained":["Anchor"],"max_hp_gain":0,"max_hp_loss":0,"event_name":"WeMeetAgain","floor":7,"gold_loss":0}],"is_beta":false,"boss_relics":[],"items_purged_floors":[],"is_endless":false,"potions_floor_spawned":[3,5,8,11,14],"killed_by":"Slime Boss","ascension_level":0}}