{"host":"udyc8f81k2jocuhg","time":1613828322,"event":{"mods":["2.2 Compatiblity","BaseMod","Better Third Choice","Colored Powertips","Conspire","Custom Start","GifTheSpireLib","Hermit","Minty Spire (QoL Compilation)","Permanent Neow","Quick Restart","Relic Filter","Relic Stats","Replay The Spire","Shop Mod","Spikes Relics","StSLib","Stuff the Spire"],"gold_per_floor":[110,120,138,157,157,192,192,220,220,237,250,267,58,58,58,135,135,146,70,90,100,113,113,113],"floor_reached":23,"language":"ENG","playtime":1203,"items_purged":[],"score":383,"play_id":"8809f7e0-e7e8-45bf-a41b-a7bb6a480fc3","local_time":"20210220143842","is_ascension_mode":true,"campfire_choices":[{"data":"Glass Knife","floor":7.0,"key":"SMITH"},{"data":"Reforge","floor":15.0,"key":"SMITH"}],"circlet_count":0,"master_deck":["AscendersBane","Strike_G","Strike_G","Strike_G","Strike_G","Strike_G","Defend_G","Defend_G","Defend_G","Defend_G","Defend_G","Survivor","Neutralize","Catalyst","Cloak And Dagger","PiercingWail","Backflip","Neutralize","Glass Knife+1","ReplayTheSpireMod:Speed Training","Cloak And Dagger","Malaise","StuffTheSpire:ReptileScales","Reforge+1","Caltrops","A Thousand Cuts","Footwork","Cloak And Dagger","Deflect"],"relics":["conspire:SpecialSausage","Pantograph","Mirror","Bottled Lightning","Sozu"],"acts_visited":["Exordium","TheCity"],"potions_floor_usage":[],"damage_taken":[{"damage":2.0,"enemies":"Jaw Worm","floor":1.0,"turns":8.0},{"damage":0.0,"enemies":"Cultist","floor":2.0,"turns":6.0},{"damage":0.0,"enemies":"2 Louse","floor":3.0,"turns":3.0},{"damage":10.0,"enemies":"Exordium Wildlife","floor":4.0,"turns":6.0},{"damage":20.0,"enemies":"3 Sentries","floor":6.0,"turns":13.0},{"damage":11.0,"enemies":"Lagavulin","floor":8.0,"turns":4.0},{"damage":0.0,"enemies":"2 Fungi Beasts","floor":10.0,"turns":4.0},{"damage":0.0,"enemies":"Blue Slaver","floor":11.0,"turns":5.0},{"damage":0.0,"enemies":"3 Louse","floor":12.0,"turns":4.0},{"damage":10.0,"enemies":"The Guardian","floor":16.0,"turns":20.0},{"damage":6.0,"enemies":"3 Byrds","floor":18.0,"turns":12.0},{"damage":6.0,"enemies":"Chosen","floor":20.0,"turns":7.0},{"damage":24.0,"enemies":"Snake Plant","floor":21.0,"turns":5.0},{"damage":9.0,"enemies":"Snecko","floor":22.0,"turns":9.0},{"damage":16,"enemies":"Gremlin Leader","floor":23,"turns":4}],"seed_played":"-992289245551257729","potions_obtained":[{"floor":2.0,"key":"Strength Potion"},{"floor":3.0,"key":"Strength Potion"},{"floor":10.0,"key":"SkillPotion"},{"floor":12.0,"key":"Poison Potion"},{"floor":16.0,"key":"FearPotion"}],"is_trial":false,"path_per_floor":["M","M","M","M","?","E","R","E","T","M","M","M","$","?","R","B",null,"M","$","M","M","M","E"],"character_chosen":"THE_SILENT","items_purchased":["Reforge","A Thousand Cuts"],"campfire_rested":0,"item_purchase_floors":[13,19],"current_hp_per_floor":[57,57,57,47,47,27,27,16,16,16,16,16,16,12,12,27,56,50,50,44,20,11,0,0],"gold":113,"neow_bonus":"BOSS_RELIC","is_daily":false,"chose_seed":false,"campfire_upgraded":2,"win_rate":0.0,"timestamp":1613828322,"path_taken":["M","M","M","M","?","E","R","E","T","M","M","?","$","?","R","BOSS","M","$","M","M","M","E"],"items_purchased_type":["Card","Card"],"build_version":"2020-12-22","purchased_purges":0,"victory":false,"max_hp_per_floor":[66,66,66,66,66,66,66,66,66,66,66,66,66,66,66,66,66,66,66,66,66,66,66,66],"relic_stats":{"Sozu":3,"counters":[15,110],"Pantograph":25,"obtain_stats":[{"Sozu":17,"Pantograph":6,"conspire:SpecialSausage":0,"Bottled Lightning":9,"Mirror":8,"Ring of the Snake":0},{"Sozu":10,"Pantograph":5,"conspire:SpecialSausage":0,"Bottled Lightning":6,"Mirror":6,"Ring of the Snake":0},{"Sozu":73,"Pantograph":36,"conspire:SpecialSausage":0,"Bottled Lightning":40,"Mirror":40,"Ring of the Snake":0}]},"card_choices":[{"not_picked":["Dagger Throw","InfectiousVector"],"picked":"Catalyst","floor":1.0},{"not_picked":["Calculated Gamble","StuffTheSpire:Repulse"],"picked":"Cloak And Dagger","floor":2.0},{"not_picked":["Prepared","Slice"],"picked":"PiercingWail","floor":3.0},{"not_picked":["StuffTheSpire:Injection","Choke"],"picked":"Backflip","floor":4.0},{"not_picked":["Tools of the Trade","Calculated Gamble","StuffTheSpire:Python"],"picked":"SKIP","floor":6.0},{"not_picked":["Prepared","PiercingWail"],"picked":"ReplayTheSpireMod:Speed Training","floor":8.0},{"not_picked":["Dash","Underhanded Strike"],"picked":"Cloak And Dagger","floor":10.0},{"not_picked":["Sucker Punch","Cloak And Dagger"],"picked":"Malaise","floor":11.0},{"not_picked":["Poisoned Stab","Setup"],"picked":"StuffTheSpire:ReptileScales","floor":12.0},{"not_picked":["Deadly Poison","Prepared"],"picked":"Caltrops","floor":18.0},{"not_picked":["Eviscerate","Cloak And Dagger"],"picked":"Footwork","floor":20.0},{"not_picked":["Unload","PiercingWail"],"picked":"Cloak And Dagger","floor":21.0},{"not_picked":["Escape Plan","Terror"],"picked":"Deflect","floor":22.0}],"player_experience":2042588,"relics_obtained":[{"floor":6.0,"key":"Pantograph"},{"floor":8.0,"key":"Mirror"},{"floor":9.0,"key":"Bottled Lightning"}],"event_choices":[{"damage_healed":0.0,"max_hp_gain":0.0,"max_hp_loss":0.0,"gold_gain":0.0,"event_name":"Match and Keep!","player_choice":"2 cards matched","floor":5.0,"gold_loss":0.0,"damage_taken":0.0,"cards_obtained":["Neutralize","Glass Knife"]},{"damage_healed":0.0,"max_hp_gain":0.0,"max_hp_loss":0.0,"gold_gain":0.0,"event_name":"conspire:Investor","player_choice":"Leave","floor":14.0,"gold_loss":0.0,"damage_taken":0.0}],"is_beta":false,"boss_relics":[{"not_picked":["Replay:Bronze Core","Velvet Choker"],"picked":"Sozu"}],"items_purged_floors":[],"is_endless":false,"potions_floor_spawned":[2,3,10,12,16,20,21,22],"killed_by":"Gremlin Leader","ascension_level":17}}