{"host":"2lvuisjyit3p3u01","time":1613824657,"event":{"mods":["Act Like it!","BaseMod","Bestiary","Better Synergies","Bossed Relics","CapriCore","Colored Map","Colored Powertips","GifTheSpireLib","Minty Spire (QoL Compilation)","Quick Restart","Replay The Spire","StSLib","The Dragonkin"],"gold_per_floor":[119,73,87,98,29,60,60,103,103,103,203,246,23,56,56,183,183,117,117,154,200,43,43,43,43,43,43,79,128,154,211,211,243,243],"floor_reached":33,"language":"ENG","playtime":1575,"items_purged":[],"score":348,"play_id":"3d7c53f5-c152-45e9-8d30-e1d6bf1c3132","local_time":"20210220143737","is_ascension_mode":true,"campfire_choices":[{"data":"Spot Weakness","floor":7,"key":"SMITH"},{"floor":15,"key":"REST"},{"data":"Offering","floor":23,"key":"SMITH"},{"data":"Shrug It Off","floor":25,"key":"SMITH"},{"data":"Flex","floor":27,"key":"SMITH"},{"data":"Replay:Undeath\u0027s Touch","floor":32,"key":"SMITH"}],"circlet_count":0,"master_deck":["Strike_R","Strike_R","Strike_R","Strike_R","Strike_R","Defend_R","Defend_R","Defend_R","Defend_R","Bash","Flex+1","Sword Boomerang+1","Shrug It Off+1","Spot Weakness+1","Sword Boomerang","Twin Strike","Flex+1","Cleave","Iron Wave","Battle Trance","Offering+1","Sword Boomerang","Spot Weakness+1","Cleave","Thunderclap","Replay:Undeath\u0027s Touch+1","Anger+1"],"relics":["Burning Blood","NeowsBlessing","Replay:Bandana","TungstenRod","Garlic","Red Skull","Replay:Wax Seal","Guide Book","Pandora\u0027s Box","Question Card","Omamori","Pen Nib","Frozen Egg 2","The Courier"],"acts_visited":["Exordium","TheCity"],"potions_floor_usage":[8,8,16,21,31],"damage_taken":[{"damage":0,"enemies":"Cultist","floor":1,"turns":1},{"damage":0,"enemies":"Small Slimes","floor":3,"turns":1},{"damage":0,"enemies":"2 Louse","floor":4,"turns":1},{"damage":13,"enemies":"Replay:BlueRogue","floor":6,"turns":5},{"damage":49,"enemies":"Lagavulin","floor":8,"turns":6},{"damage":28,"enemies":"3 Sentries","floor":12,"turns":7},{"damage":0,"enemies":"Red Slaver","floor":14,"turns":1},{"damage":64,"enemies":"Fading Forest","floor":16,"turns":11},{"damage":5,"enemies":"Shell Parasite","floor":18,"turns":2},{"damage":14,"enemies":"2 Thieves","floor":20,"turns":2},{"damage":17,"enemies":"Shelled Parasite and Fungi","floor":21,"turns":3},{"damage":5,"enemies":"Cultist and Chosen","floor":28,"turns":2},{"damage":19,"enemies":"Book of Stabbing","floor":29,"turns":3},{"damage":8,"enemies":"Snake Plant","floor":30,"turns":2},{"damage":9,"enemies":"Slavers","floor":31,"turns":2},{"damage":61,"enemies":"Champ","floor":33,"turns":6}],"seed_played":"1652716630603144983","potions_obtained":[{"floor":4,"key":"PowerPotion"},{"floor":6,"key":"LiquidBronze"},{"floor":8,"key":"SpeedPotion"},{"floor":20,"key":"Fire Potion"},{"floor":29,"key":"Elixir"},{"floor":30,"key":"Fire Potion"}],"is_trial":false,"path_per_floor":["M","$","M","M","$","E","R","E","T","?","?","E","$","M","R","B",null,"M","T","M","M","$","R","?","R","T","R","M","E","M","E","R","B"],"character_chosen":"IRONCLAD","items_purchased":["Sword Boomerang","Spot Weakness","Replay:Wax Seal","Flex","Cleave","Iron Wave","Guide Book","Omamori"],"campfire_rested":1,"item_purchase_floors":[2,5,13,13,13,13,13,22],"current_hp_per_floor":[80,80,80,80,80,73,73,30,30,56,56,34,34,40,64,14,80,80,80,72,61,61,61,61,61,61,61,62,49,47,44,44,0,0],"gold":243,"neow_bonus":"THREE_ENEMY_KILL","is_daily":false,"chose_seed":false,"campfire_upgraded":5,"win_rate":0.0,"timestamp":1613824657,"path_taken":["M","?","M","?","$","E","R","E","T","?","?","E","$","M","R","BOSS","M","?","?","M","?","R","?","R","T","R","?","E","M","E","R","BOSS"],"items_purchased_type":["Card","Card","Relic","Card","Card","Card","Relic","Relic"],"build_version":"2020-12-22","purchased_purges":0,"victory":false,"max_hp_per_floor":[80,80,80,80,80,80,80,80,80,80,80,80,80,80,80,80,80,80,80,80,80,80,80,80,80,80,80,80,80,80,80,80,80,80],"card_choices":[{"not_picked":["Body Slam","Headbutt"],"picked":"Flex","floor":1},{"not_picked":["Infernal Blade","Feel No Pain"],"picked":"Shrug It Off","floor":3},{"not_picked":["Evolve","Headbutt","ReplayTheSpireMod:Limb From Limb"],"picked":"SKIP","floor":4},{"not_picked":["Warcry","Fiend Fire","Ghostly Armor"],"picked":"SKIP","floor":6},{"not_picked":["Uppercut","Perfected Strike"],"picked":"Sword Boomerang","floor":8},{"not_picked":["True Grit","Barricade"],"picked":"Twin Strike","floor":12},{"not_picked":["Body Slam","ReplayTheSpireMod:Limb From Limb"],"picked":"Battle Trance","floor":14},{"not_picked":["Hemogenesis","Eclipse"],"picked":"Offering","floor":16},{"not_picked":["ReplayTheSpireMod:Limb From Limb","Perfected Strike","True Grit"],"picked":"SKIP","floor":18},{"not_picked":["Sever Soul","Defy Death","Dual Wield"],"picked":"Sword Boomerang","floor":20},{"not_picked":["Intimidate+1","Sword Boomerang","Iron Wave"],"picked":"Spot Weakness+1","floor":21},{"not_picked":["Spot Weakness+1","Abandon","Shrug It Off+1"],"picked":"Thunderclap","floor":28},{"not_picked":["ReplayTheSpireMod:LeadingStrike+1","Clash+1","Perfected Strike"],"picked":"Replay:Undeath\u0027s Touch","floor":29},{"not_picked":["Rupture+1","Sword Boomerang","Barricade+1"],"picked":"Anger+1","floor":30},{"not_picked":["Run Through","Evolve+1","Perfected Strike","Havoc"],"picked":"SKIP","floor":31}],"player_experience":206418,"relics_obtained":[{"floor":6,"key":"Replay:Bandana"},{"floor":8,"key":"TungstenRod"},{"floor":9,"key":"Garlic"},{"floor":12,"key":"Red Skull"},{"floor":19,"key":"Question Card"},{"floor":26,"key":"Pen Nib"},{"floor":29,"key":"Frozen Egg 2"},{"floor":31,"key":"The Courier"}],"event_choices":[{"damage_healed":26,"gold_gain":0,"player_choice":"Banana","damage_taken":0,"max_hp_gain":0,"max_hp_loss":0,"event_name":"Big Fish","floor":10,"gold_loss":0},{"damage_healed":0,"gold_gain":100,"player_choice":"Pray","damage_taken":0,"max_hp_gain":0,"max_hp_loss":0,"event_name":"Golden Shrine","floor":11,"gold_loss":0},{"damage_healed":0,"gold_gain":0,"player_choice":"Copied","damage_taken":0,"max_hp_gain":0,"max_hp_loss":0,"event_name":"Duplicator","floor":24,"gold_loss":0,"cards_obtained":["Cleave"]}],"is_beta":false,"boss_relics":[{"not_picked":["Ring of Chaos","Runic Cube"],"picked":"Pandora\u0027s Box"}],"items_purged_floors":[],"is_endless":false,"potions_floor_spawned":[4,6,8,20,29,30],"killed_by":"Champ","ascension_level":3}}