{"host":"x4954lblgztusody","time":1613813031,"event":{"mods":["BaseMod","Clockwork Mod","Colored Map","Curses Come First","Minty Spire (QoL Compilation)","Rare Cards Sparkle","Shop Mod","StSLib","The Animator","WarShipGirlsR/战舰少女R mod"],"gold_per_floor":[119,137,137,137,137,177,177,202,227,252,202,218,218,242,242,366,366,390,390,403,403,417,417,431,431,431,456,472,472,507,530,530,649,649,664,664,680,680,696,696,759,759,786,804,824,1157,1157,1171,1171,1171,1171,1171,465,492,492],"floor_reached":56,"language":"ENG","playtime":3597,"items_purged":["Poisoned Stab"],"score":1274,"play_id":"55729cd2-fa79-4cfa-8d2f-feaa01345e1c","local_time":"20210220012351","is_ascension_mode":true,"campfire_choices":[{"floor":7,"key":"DIG"},{"floor":13,"key":"DIG"},{"data":"Caltrops","floor":15,"key":"SMITH"},{"data":"Malaise","floor":23,"key":"SMITH"},{"floor":25,"key":"DIG"},{"floor":29,"key":"DIG"},{"data":"Blade Dance","floor":32,"key":"SMITH"},{"data":"Footwork","floor":40,"key":"SMITH"},{"data":"Wraith Form v2","floor":42,"key":"SMITH"},{"floor":47,"key":"DIG"},{"floor":49,"key":"RECALL"},{"floor":52,"key":"DIG"}],"circlet_count":0,"master_deck":["Defend_G","Defend_G","Defend_G","Defend_G","Survivor","Neutralize","All Out Attack","Die Die Die","Caltrops+1","Blade Dance+1","Infinite Blades","Malaise+1","Skewer+1","Crippling Poison","Envenom","Masterful Stab","Backflip+1","PiercingWail","Footwork+1","Blur","Blade Dance+1","Wraith Form v2+1","Backflip+1","A Thousand Cuts","Footwork+1","Noxious Fumes","Adrenaline","Finisher","Blur","Backflip","Infinite Blades","Dark Shackles"],"relics":["Ring of the Snake","Bag of Marbles","Snake Skull","Boot","Nunchaku","Anchor","Sozu","Nilry\u0027s Codex","HornCleat","Ornamental Fan","Mummified Hand","Happy Flower","StoneCalendar","Letter Opener","Chemical X","Mercury Hourglass","Blood Vial","MerchantsRug","Ninja Scroll"],"acts_visited":["Exordium","TheCity","TheBeyond","TheEnding"],"potions_floor_usage":[33,50],"damage_taken":[{"damage":0,"enemies":"2 Louse","floor":1,"turns":2},{"damage":0,"enemies":"Small Slimes","floor":2,"turns":3},{"damage":11,"enemies":"3 Sentries","floor":6,"turns":6},{"damage":0,"enemies":"Jaw Worm","floor":8,"turns":3},{"damage":0,"enemies":"3 Louse","floor":10,"turns":3},{"damage":0,"enemies":"Looter","floor":12,"turns":2},{"damage":0,"enemies":"Exordium Thugs","floor":14,"turns":2},{"damage":20,"enemies":"Hexaghost","floor":16,"turns":9},{"damage":0,"enemies":"Chosen","floor":18,"turns":4},{"damage":0,"enemies":"Shell Parasite","floor":20,"turns":3},{"damage":0,"enemies":"Centurion and Healer","floor":22,"turns":4},{"damage":0,"enemies":"Chosen and Byrds","floor":24,"turns":4},{"damage":0,"enemies":"Shelled Parasite and Fungi","floor":27,"turns":4},{"damage":0,"enemies":"Snake Plant","floor":28,"turns":3},{"damage":0,"enemies":"Gremlin Leader","floor":30,"turns":5},{"damage":0,"enemies":"3 Cultists","floor":31,"turns":3},{"damage":5,"enemies":"Collector","floor":33,"turns":9},{"damage":0,"enemies":"Orb Walker","floor":35,"turns":4},{"damage":0,"enemies":"3 Darklings","floor":37,"turns":3},{"damage":0,"enemies":"Sphere and 2 Shapes","floor":39,"turns":4},{"damage":0,"enemies":"Mind Bloom Boss Battle","floor":41,"turns":3},{"damage":23,"enemies":"Maw","floor":44,"turns":8},{"damage":0,"enemies":"Jaw Worm Horde","floor":45,"turns":4},{"damage":22,"enemies":"Reptomancer","floor":46,"turns":6},{"damage":0,"enemies":"Sphere and 2 Shapes","floor":48,"turns":3},{"damage":4,"enemies":"Donu and Deca","floor":50,"turns":8},{"damage":23,"enemies":"Shield and Spear","floor":54,"turns":6},{"damage":26,"enemies":"The Heart","floor":55,"turns":8}],"seed_played":"4089921622770758614","potions_obtained":[{"floor":1,"key":"LiquidBronze"},{"floor":2,"key":"EssenceOfSteel"},{"floor":16,"key":"Block Potion"}],"is_trial":false,"path_per_floor":["M","M","?","?","?","E","R","M","T","M","?","M","R","M","R","B",null,"M","?","M","?","M","R","M","R","T","M","M","R","E","M","R","B",null,"M","?","M","?","M","R","?","R","T","M","M","E","R","M","R","B",null,"R","$","E","B",null],"character_chosen":"THE_SILENT","items_purchased":["Chemical X","Backflip","Infinite Blades","Dark Shackles","Mercury Hourglass","Blood Vial","MerchantsRug"],"campfire_rested":0,"item_purchase_floors":[53,53,53,53,53,53,53],"current_hp_per_floor":[63,63,58,58,40,29,29,29,29,29,29,29,29,29,29,9,58,58,42,42,42,42,42,42,42,42,42,42,42,42,42,42,37,58,58,58,58,58,58,58,58,58,58,35,35,13,13,13,13,9,58,58,58,35,11],"gold":492,"neow_bonus":"ONE_RARE_RELIC","is_daily":false,"chose_seed":false,"campfire_upgraded":5,"win_rate":0.0,"timestamp":1613813031,"path_taken":["M","M","?","?","?","E","R","M","T","M","?","M","R","M","R","BOSS","M","?","M","?","M","R","M","R","T","M","M","R","E","M","R","BOSS","M","?","M","?","?","R","?","R","T","M","M","E","R","M","R","BOSS","R","$","E","BOSS"],"items_purchased_type":["Relic","Card","Card","Card","Relic","Relic","Relic"],"build_version":"2020-12-22","purchased_purges":1,"victory":true,"max_hp_per_floor":[63,63,58,58,58,58,58,58,58,58,58,58,58,58,58,58,58,58,58,58,58,58,58,58,58,58,58,58,58,58,58,58,58,58,58,58,58,58,58,58,58,58,58,58,58,58,58,58,58,58,58,58,58,58,58],"card_choices":[{"not_picked":["Caltrops","Riddle With Holes"],"picked":"All Out Attack","floor":1},{"not_picked":["Acrobatics","Expertise","Underhanded Strike"],"picked":"SKIP","floor":2},{"not_picked":[],"picked":"Die Die Die","floor":4},{"not_picked":["Terror","Choke"],"picked":"Poisoned Stab","floor":6},{"not_picked":["Blur","Poisoned Stab"],"picked":"Caltrops","floor":8},{"not_picked":["Bane","Backflip"],"picked":"Blade Dance","floor":10},{"not_picked":["Riddle With Holes","Sucker Punch","Bane"],"picked":"SKIP","floor":12},{"not_picked":["Outmaneuver","Reflex"],"picked":"Infinite Blades","floor":14},{"not_picked":["Unload","Phantasmal Killer"],"picked":"Malaise","floor":16},{"not_picked":["Prepared","Dagger Throw"],"picked":"Skewer+1","floor":18},{"not_picked":["Heel Hook+1","Caltrops"],"picked":"Crippling Poison","floor":20},{"not_picked":["Poisoned Stab","Deflect"],"picked":"Backflip+1","floor":22},{"not_picked":["Backstab","Quick Slash+1","Dash"],"picked":"SKIP","floor":24},{"not_picked":["Underhanded Strike","Deflect"],"picked":"PiercingWail","floor":27},{"not_picked":["A Thousand Cuts","Quick Slash"],"picked":"Footwork+1","floor":28},{"not_picked":["Choke","Distraction"],"picked":"Blur","floor":30},{"not_picked":["Deflect+1","Dodge and Roll+1"],"picked":"Blade Dance+1","floor":31},{"not_picked":["After Image","Envenom"],"picked":"Wraith Form v2","floor":33},{"not_picked":["Heel Hook+1","Flying Knee+1","Prepared"],"picked":"SKIP","floor":35},{"not_picked":["Outmaneuver","Dagger Throw+1"],"picked":"Backflip+1","floor":37},{"not_picked":["Backflip","Quick Slash"],"picked":"Noxious Fumes","floor":39},{"not_picked":["Outmaneuver+1","Dash"],"picked":"Adrenaline","floor":41},{"not_picked":["Underhanded Strike","Flying Knee+1"],"picked":"Finisher","floor":44},{"not_picked":["PiercingWail+1","All Out Attack","Endless Agony+1"],"picked":"SKIP","floor":45},{"not_picked":["Underhanded Strike","Finisher+1"],"picked":"Blur","floor":46},{"not_picked":["Bane+1","Deflect+1","Outmaneuver+1"],"picked":"SKIP","floor":48},{"not_picked":["Dash+1","Deadly Poison","Calculated Gamble"],"picked":"SKIP","floor":54}],"player_experience":106751,"relics_obtained":[{"floor":6,"key":"Snake Skull"},{"floor":7,"key":"Boot"},{"floor":9,"key":"Nunchaku"},{"floor":13,"key":"Anchor"},{"floor":19,"key":"Nilry\u0027s Codex"},{"floor":25,"key":"HornCleat"},{"floor":26,"key":"Ornamental Fan"},{"floor":29,"key":"Mummified Hand"},{"floor":30,"key":"Happy Flower"},{"floor":41,"key":"The Specimen"},{"floor":46,"key":"Old Coin"},{"floor":47,"key":"StoneCalendar"},{"floor":52,"key":"Letter Opener"},{"floor":54,"key":"Ninja Scroll"}],"event_choices":[{"damage_healed":0,"gold_gain":0,"player_choice":"Lose Max HP","damage_taken":0,"relics_obtained":["Golden Idol"],"max_hp_gain":0,"max_hp_loss":5,"event_name":"Golden Idol","floor":3,"gold_loss":0},{"damage_healed":0,"gold_gain":0,"player_choice":"Success","damage_taken":18,"relics_obtained":["Bag of Marbles"],"max_hp_gain":0,"max_hp_loss":0,"event_name":"Scrap Ooze","floor":5,"gold_loss":0},{"cards_removed":["Strike_G"],"damage_healed":0,"gold_gain":0,"player_choice":"Card Removal","damage_taken":0,"max_hp_gain":0,"max_hp_loss":0,"event_name":"The Cleric","floor":11,"gold_loss":50},{"damage_healed":0,"gold_gain":0,"player_choice":"Obtained Book","damage_taken":16,"max_hp_gain":0,"max_hp_loss":0,"event_name":"Cursed Tome","floor":19,"gold_loss":0},{"damage_healed":0,"gold_gain":0,"cards_transformed":["Strike_G","Strike_G"],"player_choice":"Became Test Subject","damage_taken":0,"max_hp_gain":0,"max_hp_loss":0,"event_name":"Drug Dealer","floor":21,"gold_loss":0,"cards_obtained":["Envenom","Masterful Stab"]},{"cards_removed":["Strike_G"],"damage_healed":0,"gold_gain":0,"player_choice":"Removed Attack","damage_taken":0,"max_hp_gain":0,"max_hp_loss":0,"event_name":"Falling","floor":36,"gold_loss":0},{"damage_healed":0,"gold_gain":0,"player_choice":"2 cards matched","damage_taken":0,"max_hp_gain":0,"max_hp_loss":0,"event_name":"Match and Keep!","floor":38,"gold_loss":0,"cards_obtained":["A Thousand Cuts","Footwork"]},{"damage_healed":0,"gold_gain":0,"player_choice":"Fight","damage_taken":0,"max_hp_gain":0,"max_hp_loss":0,"event_name":"MindBloom","floor":41,"gold_loss":0}],"is_beta":false,"boss_relics":[{"not_picked":["Ectoplasm","SlaversCollar"],"picked":"Sozu"},{"not_picked":["Coffee Dripper","Runic Dome"],"picked":"Empty Cage"}],"items_purged_floors":[53],"is_endless":false,"potions_floor_spawned":[1,2,16,20,24,30,31,35,41,45],"ascension_level":1}}