{"host":"wxz7488rqrwl2v46","time":1613818576,"event":{"mods":["BaseMod","Minty Spire (QoL Compilation)","Quick Restart","Replay The Spire","StSLib"],"gold_per_floor":[217,392,49,60,60,60,89,89,115,115,149,166,177,197,197,301,301,314,52,151,162,178,178,178,178],"floor_reached":24,"language":"ZHS","playtime":1151,"items_purged":["Strike_B"],"score":226,"play_id":"35639afc-9b31-45e8-bab4-766417ac8a7a","local_time":"20210220185616","is_ascension_mode":false,"campfire_choices":[{"data":"The Bomb","floor":6,"key":"SMITH"},{"data":"White Noise","floor":8,"key":"SMITH"},{"data":"Zap","floor":10,"key":"SMITH"},{"floor":15,"key":"REST"}],"circlet_count":0,"master_deck":["Strike_B","Strike_B","Strike_B","Defend_B","Defend_B","Defend_B","Defend_B","Zap+1","Dualcast","Time Bomb","Doubt","The Bomb+1","White Noise+1","Loop","Tempest","Storm","Redo","Ball Lightning","FIFO Queue","Beam Cell","Thunder Strike","Barrage","Amplify","Rebound+1","Panic Button+1","All For One","Steam+1"],"relics":["FrozenCore","Ring of Panic","Tiny Chest","Ancient Tea Set","Prayer Wheel","Carrot","BargainBundle","Prayer Wheel"],"acts_visited":["Exordium","TheCity"],"potions_floor_usage":[13,16,23],"damage_taken":[{"damage":1,"enemies":"Jaw Worm","floor":1,"turns":4},{"damage":0,"enemies":"Small Slimes","floor":4,"turns":3},{"damage":31,"enemies":"Lagavulin","floor":7,"turns":5},{"damage":27,"enemies":"3 Sentries","floor":11,"turns":5},{"damage":7,"enemies":"2 Louse","floor":12,"turns":2},{"damage":0,"enemies":"Looter","floor":13,"turns":1},{"damage":0,"enemies":"Exordium Wildlife","floor":14,"turns":2},{"damage":11,"enemies":"Fading Forest","floor":16,"turns":11},{"damage":19,"enemies":"2 Thieves","floor":18,"turns":4},{"damage":2,"enemies":"Chosen","floor":21,"turns":5},{"damage":35,"enemies":"Shelled Parasite and Fungi","floor":22,"turns":4},{"damage":0,"enemies":"Gremlin Leader","floor":23,"turns":1},{"damage":26,"enemies":"Sentry and Sphere","floor":24,"turns":5}],"seed_played":"7197318924654965368","potions_obtained":[{"floor":4,"key":"DistilledChaos"},{"floor":7,"key":"FocusPotion"},{"floor":13,"key":"SmokeBomb"},{"floor":14,"key":"PowerPotion"},{"floor":18,"key":"PotionOfCapacity"}],"is_trial":false,"path_per_floor":["M","?","$","M","?","R","E","R","T","R","E","M","M","M","R","B",null,"M","$","?","M","M","E","M"],"character_chosen":"DEFECT","items_purchased":["The Bomb","White Noise","Loop","BargainBundle","All For One"],"campfire_rested":1,"item_purchase_floors":[3,3,3,19,19],"current_hp_per_floor":[74,74,74,74,74,74,43,43,43,43,16,9,9,9,31,30,75,56,56,56,54,19,19,0,0],"gold":178,"neow_bonus":"HUNDRED_GOLD","is_daily":false,"chose_seed":false,"campfire_upgraded":3,"win_rate":0.0,"timestamp":1613818576,"path_taken":["M","?","$","M","?","R","E","R","T","R","E","M","M","M","R","BOSS","M","$","?","M","M","E","M"],"items_purchased_type":["Card","Card","Card","Relic","Card"],"build_version":"2020-12-22","purchased_purges":1,"victory":false,"max_hp_per_floor":[75,75,75,75,75,75,75,75,75,75,75,75,75,75,75,75,75,75,75,75,75,75,75,75,75],"card_choices":[{"not_picked":["Ball Lightning","Tempest"],"picked":"Time Bomb","floor":1},{"not_picked":["Streamline","Beam Cell"],"picked":"Tempest","floor":4},{"not_picked":["Beam Cell","Doom and Gloom"],"picked":"ReplayTheSpireMod:Fabricate Wheel","floor":7},{"not_picked":["ReplayGash","Steam"],"picked":"Storm","floor":11},{"not_picked":["Ball Lightning","Steam"],"picked":"Redo","floor":12},{"not_picked":["Rebound","Leap"],"picked":"Ball Lightning","floor":12},{"not_picked":["Tempest","Sweeping Beam"],"picked":"FIFO Queue","floor":13},{"not_picked":["Leap","Lockon"],"picked":"Beam Cell","floor":13},{"not_picked":["Darkness","Gash"],"picked":"Thunder Strike","floor":14},{"not_picked":["Steam Power","Defragment"],"picked":"Barrage","floor":14},{"not_picked":["ReplayRNGCard","Multi-Cast"],"picked":"Amplify","floor":16},{"not_picked":["Streamline","Cold Snap"],"picked":"Rebound+1","floor":18},{"not_picked":["ReplayTheSpireMod:Repulse","Conserve Battery"],"picked":"Panic Button+1","floor":18},{"not_picked":["FTL","Conserve Battery"],"picked":"Steam+1","floor":21},{"not_picked":["Panic Button","Coolheaded","Go for the Eyes"],"picked":"SKIP","floor":21},{"not_picked":["Panic Button+1","Leap"],"picked":"ReplayTheSpireMod:Fabricate Wheel","floor":22},{"not_picked":["Conserve Battery","Go for the Eyes","Ball Lightning"],"picked":"SKIP","floor":22}],"player_experience":67059,"relics_obtained":[{"floor":5,"key":"Ring of Panic"},{"floor":7,"key":"Tiny Chest"},{"floor":9,"key":"Ancient Tea Set"},{"floor":11,"key":"Carrot"}],"event_choices":[{"damage_healed":0,"gold_gain":175,"player_choice":"AGREE","damage_taken":0,"max_hp_gain":0,"max_hp_loss":0,"event_name":"Liars Game","floor":2,"gold_loss":0,"cards_obtained":["Doubt"]},{"damage_healed":0,"gold_gain":99,"player_choice":"Stole From Cult","damage_taken":0,"max_hp_gain":0,"max_hp_loss":0,"event_name":"Nest","floor":20,"gold_loss":0}],"is_beta":false,"boss_relics":[{"not_picked":["Ring of Chaos","Replay:Bronze Core"],"picked":"FrozenCore"}],"items_purged_floors":[19],"is_endless":false,"potions_floor_spawned":[4,7,13,14,18,23],"killed_by":"Sentry and Sphere","ascension_level":0}}