{"host":"yajbwjoofeeg2olc","time":1613824021,"event":{"mods":["A Magickal Journey","AchievementEnabler","Aspiration","Bard","BaseMod","Beaked The Cultist","Better Altar","Better Match","Better Note","Better Sensory Stone","Better Skull","Better Third Choice","BetterRewards","CCEM2","Clockwork Mod","Colored Map","Colored Powertips","Conspire","GifTheSpireLib","Gremlin Mod","GungeonMod","Halation","Hermit","Highlight Path","Hubris","Hunter ??","Jedi Mod","Jorbs\u0027s Wanderer Trilogy","Mad Scientist","Magitek Elite","Marisa????????","Mimic Mod","Minty Spire (QoL Compilation)","Permanent Neow","Replay The Spire","Robot Space Explorer","Shade Mod","Shapeshifter Mod","Shop Mod","Spicy Shops","StSLib","Stuff the Spire","The Administrix","The Animator","The Blackbeard","The Bug Knight","The Construct","The Cursed","The Death Knight","The Disciple","The Exalted","The Forsaken","The Marked","The Mystic","The Necromancer","The Problem Sleuth","The Runesmith","The Servant 0.9.4","The Spell Scribe","The Witch","TheHero"],"gold_per_floor":[111,37,52,65,65,75,75,75,75,75,108,120,120,120,120],"floor_reached":14,"language":"ENG","playtime":1796,"items_purged":[],"score":90,"play_id":"0f9e4cc9-e4fb-4afe-9b59-a7d884fd1f14","local_time":"20210220122701","is_ascension_mode":false,"campfire_choices":[{"data":"Clockwork:ChargingBlade","floor":8,"key":"SMITH"},{"data":"Clockwork:Efficiency","floor":10,"key":"SMITH"}],"circlet_count":0,"master_deck":["Clockwork:Strike","Clockwork:Strike","Clockwork:Strike","Clockwork:Strike","Clockwork:Shield","Clockwork:Shield","Clockwork:Shield","Clockwork:Shield","Clockwork:Tinker","Clockwork:WarmUp","jedi:forcepush","Clockwork:ChargingBlade+1","Clockwork:Efficiency+1","Clockwork:ForgeStrike","Clockwork:Enhance","Clockwork:AdaptiveCannon","Sickly"],"relics":["Clockwork:MomentumEngine","Chemical X","Ring of Searing","ReplayTheSpireMod:Ring of Addiction","Potion Belt","Toy Ornithopter","CCEMRelics:Apple"],"acts_visited":["Exordium"],"potions_floor_usage":[11,11,11,12],"damage_taken":[{"damage":4.0,"enemies":"Jaw Worm","floor":1.0,"turns":8.0},{"damage":2.0,"enemies":"Small Slimes","floor":3.0,"turns":6.0},{"damage":3.0,"enemies":"Cultist","floor":4.0,"turns":6.0},{"damage":15,"enemies":"3 Louse","floor":6,"turns":4},{"damage":28,"enemies":"Lagavulin","floor":11,"turns":5},{"damage":13,"enemies":"Large Slime","floor":12,"turns":5},{"damage":43,"enemies":"3 Sentries","floor":14,"turns":4}],"seed_played":"-2555843009204250646","potions_obtained":[{"floor":3.0,"key":"DeathKnight:RimePotion"},{"floor":5.0,"key":"DemoMod:LeadSkinPotion"},{"floor":5.0,"key":"Swift Potion"},{"floor":5.0,"key":"jedi:wingpotion"},{"floor":6,"key":"AttackPotion"}],"is_trial":false,"path_per_floor":["M","$","M","M","?","M","?","R","T","R","E","M","?","E"],"character_chosen":"CLOCKWORK","items_purchased":["Chemical X"],"campfire_rested":0,"item_purchase_floors":[2],"current_hp_per_floor":[81,81,79,76,76,61,61,61,61,61,48,43,43,0,0],"gold":120,"neow_bonus":"RANDOM_COLORLESS","is_daily":false,"chose_seed":false,"campfire_upgraded":2,"win_rate":0.0,"timestamp":1613824021,"path_taken":["M","$","M","M","?","M","?","R","T","R","E","?","?","E"],"items_purchased_type":["Relic"],"build_version":"2020-12-22","purchased_purges":0,"victory":false,"max_hp_per_floor":[85,85,85,85,85,85,85,85,83,83,83,86,86,86,86],"card_choices":[{"not_picked":["Dark Shackles","Good Instincts"],"picked":"jedi:forcepush","floor":0.0},{"not_picked":["Clockwork:Scour","Clockwork:TiltAWhirl"],"picked":"Clockwork:ChargingBlade","floor":1.0},{"not_picked":["Clockwork:Friction","Clockwork:SystemHardening"],"picked":"Clockwork:Efficiency","floor":3.0},{"not_picked":["Clockwork:Pluck","Clockwork:SnapKeep"],"picked":"Clockwork:ForgeStrike","floor":4.0},{"not_picked":["Clockwork:AdaptiveShield","Clockwork:Efficiency","Clockwork:Halt"],"picked":"SKIP","floor":6},{"not_picked":["Clockwork:KaliMa","Clockwork:RampUp"],"picked":"Clockwork:Enhance","floor":11},{"not_picked":["Clockwork:PerfectedStrike","Clockwork:ChargingBlade"],"picked":"Clockwork:AdaptiveCannon","floor":12}],"player_experience":285967,"relics_obtained":[{"floor":5.0,"key":"Ring of Searing"},{"floor":5.0,"key":"ReplayTheSpireMod:Ring of Addiction"},{"floor":5.0,"key":"Potion Belt"},{"floor":5.0,"key":"Toy Ornithopter"},{"floor":11,"key":"CCEMRelics:Apple"}],"event_choices":[{"damage_healed":0,"gold_gain":0,"player_choice":"Bought 0 Potions","damage_taken":0,"max_hp_gain":0,"max_hp_loss":0,"event_name":"The Woman in Blue","floor":7,"gold_loss":0}],"is_beta":false,"boss_relics":[],"items_purged_floors":[],"is_endless":false,"potions_floor_spawned":[3,6],"killed_by":"3 Sentries","ascension_level":0}}