{"host":"jvd5k9mqzerszifx","time":1613842904,"event":{"mods":["AchievementEnabler","Act Like it!","BaseMod","Bestiary","Better Note","Better Third Choice","Colored Map","Colored Powertips","Conspire","DeckTracker","Gensokyo","GungeonMod","Hallownest","Hermit","Hubris","Infinite Spire","Jorbs\u0027s Wanderer Trilogy","Koishi","KomeijiMod","Marisa（F雨　魔理沙）","Minty Spire (QoL Compilation)","MostiFishMod","Relic Stats","Replay The Spire","Reworked Bosses","Shop Mod","Spicy Shops","StSLib","The Administrix","The Bug Knight","The Cursed","The Hierophant","The Jungle","The Servant 0.9.4","Youmu（魂魄妖梦）","【功能Mod】聪明的最终Boss"],"gold_per_floor":[126,126,56,92,92,92,122,180,180,240,290,290,3,53,53,201,201,231,81,151,151,151,151,151,171,223,249,110,178,206,274,274,284,284],"floor_reached":33,"language":"ZHS","playtime":2610,"items_purged":[],"score":659,"play_id":"ca5cacc6-bcde-42bc-8fe0-2ea1375a9ab1","local_time":"20210221014144","is_ascension_mode":true,"campfire_choices":[{"data":"TheCursedMod:Strike_TheCursed","floor":6,"key":"PURGE"},{"data":"TheCursedMod:Strike_TheCursed","floor":6,"key":"PURGE"},{"data":"TheCursedMod:Strike_TheCursed","floor":6,"key":"PURGE"},{"data":"TheCursedMod:Defend_TheCursed","floor":6,"key":"PURGE"},{"data":"TheCursedMod:Defend_TheCursed","floor":6,"key":"PURGE"},{"data":"TheCursedMod:Defend_TheCursed","floor":6,"key":"PURGE"},{"data":"TheCursedMod:Strike_TheCursed","floor":6,"key":"SMITH"},{"data":"TheCursedMod:Defend_TheCursed","floor":6,"key":"SMITH"},{"data":"TheCursedMod:CursedWand","floor":6,"key":"SMITH"},{"data":"TheCursedMod:CleanUpWorkshop","floor":6,"key":"SMITH"},{"data":"TheCursedMod:SpitefulPray","floor":6,"key":"SMITH"},{"data":"TheCursedMod:SpitefulPlan","floor":6,"key":"SMITH"},{"floor":6,"key":"REST"},{"data":"TheCursedMod:TroublousMinions","floor":12,"key":"SMITH"},{"data":"TheCursedMod:CircleOfFlame","floor":12,"key":"SMITH"},{"data":"TheCursedMod:Neurasthenia","floor":12,"key":"SMITH"},{"data":"TheCursedMod:Hemoplague","floor":12,"key":"SMITH"},{"data":"TheCursedMod:VitalStrike","floor":12,"key":"SMITH"},{"floor":12,"key":"REST"},{"data":"TheCursedMod:Evocation","floor":15,"key":"SMITH"},{"data":"TheCursedMod:Stigma","floor":15,"key":"SMITH"},{"data":"TheCursedMod:CursedShiv","floor":15,"key":"SMITH"},{"floor":15,"key":"RECALL"},{"data":"TheCursedMod:CursedRelics","floor":23,"key":"SMITH"},{"data":"TheCursedMod:CircleOfBlood","floor":23,"key":"SMITH"},{"data":"TheCursedMod:FleshFromBone","floor":23,"key":"SMITH"},{"data":"TheCursedMod:Torture","floor":23,"key":"SMITH"},{"floor":23,"key":"REST"},{"data":"TheCursedMod:ReleasedStrength","floor":32,"key":"SMITH"},{"data":"TheCursedMod:BloodBarrier","floor":32,"key":"SMITH"},{"data":"TheCursedMod:FleshFromBone","floor":32,"key":"SMITH"},{"data":"TheCursedMod:Wield","floor":32,"key":"SMITH"},{"data":"TheCursedMod:ReleasedKnowledge","floor":32,"key":"SMITH"},{"data":"TheCursedMod:Obscuration","floor":32,"key":"SMITH"},{"floor":32,"key":"REST"}],"circlet_count":0,"master_deck":["TheCursedMod:CursedWand+1","TheCursedMod:CleanUpWorkshop+1","TheCursedMod:Dregs","TheCursedMod:SpitefulPray+1","TheCursedMod:SpitefulPlan+1","TheCursedMod:TroublousMinions+1","TheCursedMod:CircleOfFlame+1","TheCursedMod:Neurasthenia+1","TheCursedMod:Hemoplague+1","TheCursedMod:VitalStrike+1","TheCursedMod:Evocation+1","TheCursedMod:Stigma+1","TheCursedMod:CursedShiv+1","TheCursedMod:CursedRelics+1","TheCursedMod:ManaBullet+1","TheCursedMod:CircleOfBlood+1","TheCursedMod:FleshFromBone+1","TheCursedMod:Torture+1","TheCursedMod:ReleasedStrength+1","TheCursedMod:BloodBarrier+1","TheCursedMod:FleshFromBone+1","TheCursedMod:Wield+1","TheCursedMod:ReleasedKnowledge+1","TheCursedMod:Obscuration+1","TheCursedMod:BlessingInDisguise+1","TheCursedMod:FleshFromBone"],"relics":["TheCursedMod:BlackMagic101","Peace Pipe","Ginger","Turnip","Unceasing Top","Omamori","Ice Cream","The Courier","Medical Kit","WingedGreaves","HandDrill","Frozen Eye","Blue Candle","DemoMod:SerJunkan","DaveBox","Dream Catcher","SynthV:C4","DemoMod:Junk","conspire:TopHat","Eternal Feather","Bag of Marbles","Garlic","Toolbox","MerchantsRug","Replay:Bottled Flurry","Bronze Scales","DemoMod:WhiteGuonStone","MutagenicStrength","hubris:Reverence","infinitespire:PuzzleCube","Regal Pillow","Red Mask"],"acts_visited":["Gensokyo:Gensokyo","TheCity"],"potions_floor_usage":[8,13,16,25,25,29,33],"damage_taken":[{"damage":7,"enemies":"Gensokyo:Python","floor":1,"turns":4},{"damage":7,"enemies":"Gensokyo:Gryphon","floor":4,"turns":4},{"damage":1,"enemies":"Gensokyo:3_Fairies","floor":7,"turns":3},{"damage":1,"enemies":"Gensokyo:Aya","floor":8,"turns":7},{"damage":18,"enemies":"conspire:MimicChest","floor":10,"turns":6},{"damage":8,"enemies":"Gensokyo:Mamizou","floor":11,"turns":9},{"damage":0,"enemies":"Gensokyo:Aya","floor":14,"turns":2},{"damage":40,"enemies":"Gensokyo:Yukari","floor":16,"turns":5},{"damage":0,"enemies":"Spheric Guardian","floor":18,"turns":1},{"damage":0,"enemies":"2 Thieves","floor":20,"turns":2},{"damage":0,"enemies":"Centurion and Healer","floor":25,"turns":2},{"damage":0,"enemies":"Shelled Parasite and Fungi","floor":27,"turns":2},{"damage":0,"enemies":"Slavers","floor":29,"turns":2},{"damage":0,"enemies":"3 Cultists","floor":30,"turns":3},{"damage":0,"enemies":"Masked Bandits","floor":31,"turns":3},{"damage":117,"enemies":"Automaton","floor":33,"turns":12}],"seed_played":"2617811895452716922","potions_obtained":[{"floor":7,"key":"DuplicationPotion"},{"floor":10,"key":"Fruit Juice"},{"floor":11,"key":"AttackPotion"},{"floor":18,"key":"Block Potion"},{"floor":20,"key":"EssenceOfSteel"},{"floor":27,"key":"LiquidBronze"},{"floor":31,"key":"Strength Potion"}],"is_trial":false,"path_per_floor":["M","?","?","M","?","R","M","E","T","?","E","R","$","E","R","B",null,"M","$","M","?","AVR","R","?","M","T","M","$","E","M","?","R","B"],"character_chosen":"THE_CURSED","items_purchased":["Toolbox","MerchantsRug","TheCursedMod:Stigma","TheCursedMod:FleshFromBone","Bronze Scales","DemoMod:WhiteGuonStone","Regal Pillow","TheCursedMod:Wield"],"campfire_rested":4,"item_purchase_floors":[13,13,13,19,19,19,28,28],"current_hp_per_floor":[61,68,68,61,61,82,81,80,80,62,54,82,87,87,87,47,77,77,77,81,81,81,87,87,87,87,87,87,87,87,87,87,0,0],"gold":284,"neow_bonus":"RANDOM_COMMON_RELIC","is_daily":false,"chose_seed":false,"campfire_upgraded":24,"win_rate":0.0,"timestamp":1613842904,"path_taken":["M","?","?","M","?","R","?","E","T","?","E","R","?","E","R","BOSS","M","$","?","?","AVR","R","?","M","T","M","?","E","?","?","R","BOSS"],"items_purchased_type":["Relic","Relic","Card","Card","Relic","Relic","Relic","Card"],"build_version":"2020-12-22","purchased_purges":0,"victory":false,"max_hp_per_floor":[75,82,82,82,82,82,82,82,82,82,82,82,87,87,87,87,87,87,87,87,87,87,87,87,87,87,87,87,87,87,87,87,87,87],"relic_stats":{"Regal Pillow":0,"counters":[16,67],"Blue Candle":[2],"Eternal Feather":12,"Ginger":[8],"Medical Kit":[4],"Peace Pipe":8,"Dream Catcher":4,"Bronze Scales":[78],"Turnip":[4],"HandDrill":[34],"obtain_stats":[{"Ice Cream":0,"Regal Pillow":28,"DaveBox":0,"DemoMod:GlassGuonStoneRelic":4,"Ginger":0,"DemoMod:WhiteGuonStone":19,"Empty Cage":17,"SynthV:C4":0,"conspire:TopHat":3,"Frozen Eye":0,"Dream Catcher":0,"Toolbox":13,"WingedGreaves":0,"HandDrill":0,"Replay:Bottled Flurry":14,"Red Mask":31,"DemoMod:Junk":1,"TheCursedMod:BlackMagic101":0,"MerchantsRug":13,"Blue Candle":0,"Eternal Feather":9,"The Courier":0,"Omamori":0,"Medical Kit":0,"Peace Pipe":0,"Bronze Scales":19,"MutagenicStrength":21,"Turnip":0,"DemoMod:SerJunkan":0,"Bag of Marbles":10,"Garlic":11,"Unceasing Top":0,"infinitespire:PuzzleCube":26,"hubris:Reverence":22},{"Ice Cream":0,"Regal Pillow":12,"DaveBox":0,"DemoMod:GlassGuonStoneRelic":2,"Ginger":0,"DemoMod:WhiteGuonStone":9,"Empty Cage":8,"SynthV:C4":0,"conspire:TopHat":1,"Frozen Eye":0,"Dream Catcher":0,"Toolbox":6,"WingedGreaves":0,"HandDrill":0,"Replay:Bottled Flurry":7,"Red Mask":15,"DemoMod:Junk":1,"TheCursedMod:BlackMagic101":0,"MerchantsRug":6,"Blue Candle":0,"Eternal Feather":4,"The Courier":0,"Omamori":0,"Medical Kit":0,"Peace Pipe":0,"Bronze Scales":9,"MutagenicStrength":10,"Turnip":0,"DemoMod:SerJunkan":0,"Bag of Marbles":5,"Garlic":6,"Unceasing Top":0,"infinitespire:PuzzleCube":11,"hubris:Reverence":10},{"Ice Cream":0,"Regal Pillow":47,"DaveBox":0,"DemoMod:GlassGuonStoneRelic":8,"Ginger":0,"DemoMod:WhiteGuonStone":41,"Empty Cage":40,"SynthV:C4":0,"conspire:TopHat":4,"Frozen Eye":0,"Dream Catcher":0,"Toolbox":33,"WingedGreaves":0,"HandDrill":0,"Replay:Bottled Flurry":35,"Red Mask":55,"DemoMod:Junk":4,"TheCursedMod:BlackMagic101":0,"MerchantsRug":33,"Blue Candle":0,"Eternal Feather":18,"The Courier":0,"Omamori":0,"Medical Kit":0,"Peace Pipe":0,"Bronze Scales":41,"MutagenicStrength":43,"Turnip":0,"DemoMod:SerJunkan":0,"Bag of Marbles":24,"Garlic":33,"Unceasing Top":0,"infinitespire:PuzzleCube":45,"hubris:Reverence":43}],"Unceasing Top":[3]},"card_choices":[{"not_picked":["TheCursedMod:CursedShiv","TheCursedMod:CircleOfCorruption"],"picked":"TheCursedMod:SpitefulPray","floor":1},{"not_picked":["TheCursedMod:SurpriseAttack","TheCursedMod:FleshFromBone"],"picked":"TheCursedMod:SpitefulPlan","floor":4},{"not_picked":["TheCursedMod:RavingStaff","TheCursedMod:CursedAmulet"],"picked":"TheCursedMod:TroublousMinions","floor":6},{"not_picked":["TheCursedMod:SpitefulStrike","TheCursedMod:SoulReap"],"picked":"TheCursedMod:CircleOfFlame","floor":7},{"not_picked":["TheCursedMod:RavingStaff","TheCursedMod:Stretching"],"picked":"TheCursedMod:Neurasthenia","floor":8},{"not_picked":["TheCursedMod:SpitefulStrike","TheCursedMod:SurpriseAttack"],"picked":"TheCursedMod:Hemoplague","floor":10},{"not_picked":["TheCursedMod:CursedBlade","TheCursedMod:RavingStaff"],"picked":"TheCursedMod:VitalStrike","floor":11},{"not_picked":["TheCursedMod:TacticalStrike","TheCursedMod:WearCloak"],"picked":"TheCursedMod:Evocation","floor":12},{"not_picked":["TheCursedMod:ShockAndAwe","TheCursedMod:RavingStaff"],"picked":"TheCursedMod:CursedShiv","floor":14},{"not_picked":["TheCursedMod:ForbiddenAlchemy","TheCursedMod:OutForBlood"],"picked":"TheCursedMod:CursedRelics","floor":16},{"not_picked":["TheCursedMod:CursedBlade","TheCursedMod:Stigma"],"picked":"TheCursedMod:ManaBullet+1","floor":18},{"not_picked":["TheCursedMod:WearCloak","TheCursedMod:VitalStrike"],"picked":"TheCursedMod:Torture","floor":20},{"not_picked":["TheCursedMod:CircleOfAmplification","TheCursedMod:SpitefulStrike"],"picked":"TheCursedMod:ReleasedStrength","floor":23},{"not_picked":["TheCursedMod:CircleOfAmplification","TheCursedMod:VitalStrike"],"picked":"TheCursedMod:BloodBarrier","floor":25},{"not_picked":["TheCursedMod:Stretching","TheCursedMod:Torture"],"picked":"TheCursedMod:FleshFromBone","floor":27},{"not_picked":["TheCursedMod:NeowsMight","TheCursedMod:CircleOfCorruption"],"picked":"TheCursedMod:ReleasedKnowledge","floor":29},{"not_picked":["TheCursedMod:SpitefulPlan","TheCursedMod:VitalStrike+1"],"picked":"TheCursedMod:Obscuration","floor":30},{"not_picked":["TheCursedMod:RavingStaff","TheCursedMod:CursedShiv"],"picked":"TheCursedMod:BlessingInDisguise+1","floor":31},{"not_picked":["TheCursedMod:BloodBarrier","TheCursedMod:CircleOfFlame"],"picked":"TheCursedMod:FleshFromBone","floor":32}],"player_experience":354278,"relics_obtained":[{"floor":1,"key":"DemoMod:Junk"},{"floor":8,"key":"DemoMod:Junk"},{"floor":9,"key":"Eternal Feather"},{"floor":10,"key":"Bag of Marbles"},{"floor":11,"key":"Garlic"},{"floor":14,"key":"Replay:Bottled Flurry"},{"floor":26,"key":"infinitespire:PuzzleCube"},{"floor":29,"key":"DemoMod:Junk"},{"floor":31,"key":"Red Mask"}],"event_choices":[{"damage_healed":0,"gold_gain":0,"player_choice":"Inject Mutagens","damage_taken":0,"relics_obtained":["MutagenicStrength"],"max_hp_gain":0,"max_hp_loss":0,"event_name":"Drug Dealer","floor":21,"gold_loss":0},{"damage_healed":0,"gold_gain":0,"player_choice":"Leave","damage_taken":0,"max_hp_gain":0,"max_hp_loss":0,"event_name":"conspire:Investor","floor":24,"gold_loss":0},{"damage_healed":0,"gold_gain":0,"player_choice":"Fought Bandits","damage_taken":0,"max_hp_gain":0,"max_hp_loss":0,"event_name":"Masked Bandits","floor":31,"gold_loss":0}],"is_beta":false,"boss_relics":[{"not_picked":["Velvet Choker","ChiXiaoBlade"],"picked":"Empty Cage"}],"items_purged_floors":[],"is_endless":false,"potions_floor_spawned":[7,10,11,18,20,27,31],"killed_by":"Automaton","ascension_level":13}}