{"host":"vumwfieg2b2mnrfl","time":1613796320,"event":{"mods":["AchievementEnabler","BaseMod","Minty Spire (QoL Compilation)","Rare Cards Sparkle","Relic Stats"],"gold_per_floor":[118,136,136,149,168,168,185,218,218,218,218,92,107,140,140,215,215,231,247,247,259,98,98,113,142,165,165,202,211,56,65,74,74,74],"floor_reached":33,"language":"ENG","playtime":981,"items_purged":["Defend_G","Writhe"],"score":790,"play_id":"58ed7cf3-f07f-4352-b8c3-97b0d832b969","local_time":"20210219224520","is_ascension_mode":true,"campfire_choices":[{"data":"Dagger Throw","floor":6,"key":"SMITH"},{"floor":10,"key":"REST"},{"data":"Well Laid Plans","floor":15,"key":"SMITH"},{"floor":23,"key":"REST"},{"floor":27,"key":"REST"},{"floor":32,"key":"REST"}],"circlet_count":0,"master_deck":["AscendersBane","Strike_G","Strike_G","Strike_G","Strike_G","Defend_G","Defend_G","Defend_G","Survivor","Neutralize","Dagger Throw+1","Well Laid Plans+1","All Out Attack","Backflip","Deadly Poison","Masterful Stab","Phantasmal Killer","Terror","Blade Dance+1","Predator","Finisher","Unload","Dash+1","Backflip","After Image","Dash","Blade Dance","Shame","Deflect"],"relics":["Ring of the Snake","NeowsBlessing","Blood Vial","Ninja Scroll","PreservedInsect","Fusion Hammer","Membership Card","StoneCalendar","CeramicFish","Bag of Marbles","Calipers","Dream Catcher","HornCleat"],"acts_visited":["Exordium","TheCity"],"potions_floor_usage":[8,14],"damage_taken":[{"damage":0,"enemies":"Cultist","floor":1,"turns":1},{"damage":0,"enemies":"2 Louse","floor":2,"turns":1},{"damage":0,"enemies":"Small Slimes","floor":4,"turns":1},{"damage":11,"enemies":"3 Louse","floor":5,"turns":4},{"damage":6,"enemies":"Looter","floor":7,"turns":3},{"damage":17,"enemies":"3 Sentries","floor":8,"turns":8},{"damage":12,"enemies":"Large Slime","floor":13,"turns":3},{"damage":0,"enemies":"Gremlin Nob","floor":14,"turns":2},{"damage":0,"enemies":"Slime Boss","floor":16,"turns":4},{"damage":16,"enemies":"Shell Parasite","floor":18,"turns":2},{"damage":11,"enemies":"2 Thieves","floor":19,"turns":2},{"damage":13,"enemies":"3 Cultists","floor":21,"turns":4},{"damage":7,"enemies":"Centurion and Healer","floor":24,"turns":5},{"damage":0,"enemies":"Gremlin Leader","floor":25,"turns":3},{"damage":36,"enemies":"Slavers","floor":28,"turns":4},{"damage":60,"enemies":"Collector","floor":33,"turns":7}],"seed_played":"-6142409731540168334","potions_obtained":[{"floor":2,"key":"Ancient Potion"},{"floor":4,"key":"Explosive Potion"},{"floor":7,"key":"DuplicationPotion"},{"floor":8,"key":"LiquidMemories"},{"floor":16,"key":"SmokeBomb"}],"is_trial":false,"path_per_floor":["M","M","?","M","M","R","M","E","T","R","?","$","M","E","R","B",null,"M","M","?","M","$","R","M","E","T","R","E","?","$","?","R","B"],"character_chosen":"THE_SILENT","items_purchased":["Blade Dance","Membership Card","Blade Dance","Dream Catcher"],"campfire_rested":4,"item_purchase_floors":[12,22,30,30],"current_hp_per_floor":[59,59,59,59,48,48,42,25,25,44,44,44,34,36,36,38,59,45,36,36,25,25,44,39,41,41,60,26,26,26,26,45,0,0],"gold":74,"neow_bonus":"THREE_ENEMY_KILL","is_daily":false,"chose_seed":false,"campfire_upgraded":2,"win_rate":0.0,"timestamp":1613796320,"path_taken":["M","M","?","M","M","R","M","E","T","R","?","$","M","E","R","BOSS","M","M","?","M","$","R","?","E","T","R","E","?","$","?","R","BOSS"],"items_purchased_type":["Card","Relic","Card","Relic"],"build_version":"2020-12-22","purchased_purges":2,"victory":false,"max_hp_per_floor":[66,66,66,66,66,66,66,66,66,66,66,66,66,66,66,66,66,66,66,66,66,66,66,66,66,66,66,66,66,66,66,66,66,66],"relic_stats":{"Blood Vial":20,"Dream Catcher":1,"counters":[16,54],"CeramicFish":45,"StoneCalendar":[52],"PreservedInsect":91,"obtain_stats":[{"Calipers":29,"NeowsBlessing":0,"CeramicFish":26,"StoneCalendar":25,"PreservedInsect":14,"Blood Vial":8,"Dream Catcher":30,"HornCleat":31,"Ninja Scroll":9,"Fusion Hammer":17,"Bag of Marbles":28,"Membership Card":22,"Ring of the Snake":0},{"Calipers":15,"NeowsBlessing":0,"CeramicFish":14,"StoneCalendar":14,"PreservedInsect":8,"Blood Vial":6,"Dream Catcher":15,"HornCleat":15,"Ninja Scroll":6,"Fusion Hammer":9,"Bag of Marbles":15,"Membership Card":12,"Ring of the Snake":0},{"Calipers":47,"NeowsBlessing":0,"CeramicFish":43,"StoneCalendar":43,"PreservedInsect":23,"Blood Vial":18,"Dream Catcher":47,"HornCleat":47,"Ninja Scroll":18,"Fusion Hammer":27,"Bag of Marbles":47,"Membership Card":35,"Ring of the Snake":0}],"Ring of the Snake":[32]},"card_choices":[{"not_picked":["Deadly Poison","Setup"],"picked":"Dagger Throw","floor":1},{"not_picked":["Deflect","Quick Slash"],"picked":"Well Laid Plans","floor":2},{"not_picked":["Quick Slash","Cloak And Dagger"],"picked":"Backflip","floor":4},{"not_picked":["Cloak And Dagger","Distraction"],"picked":"Deadly Poison","floor":5},{"not_picked":["Tactician","Blur"],"picked":"Masterful Stab","floor":7},{"not_picked":["Blur","Dodge and Roll"],"picked":"Phantasmal Killer","floor":8},{"not_picked":["Escape Plan","Dodge and Roll"],"picked":"Predator","floor":13},{"not_picked":["Eviscerate","Prepared"],"picked":"Finisher","floor":14},{"not_picked":["Wraith Form v2","Doppelganger"],"picked":"Unload","floor":16},{"not_picked":["Poisoned Stab","Dagger Throw","Deflect"],"picked":"SKIP","floor":18},{"not_picked":["Poisoned Stab","Underhanded Strike"],"picked":"Dash+1","floor":19},{"not_picked":["Bane+1","Caltrops","Masterful Stab"],"picked":"SKIP","floor":21},{"not_picked":["Expertise","Poisoned Stab"],"picked":"Backflip","floor":24},{"not_picked":["Predator","Endless Agony"],"picked":"After Image","floor":25},{"not_picked":["Heel Hook","Bouncing Flask"],"picked":"Dash","floor":28},{"not_picked":["Underhanded Strike","Eviscerate"],"picked":"Deflect","floor":32}],"player_experience":572457,"relics_obtained":[{"floor":8,"key":"Blood Vial"},{"floor":9,"key":"Ninja Scroll"},{"floor":14,"key":"PreservedInsect"},{"floor":25,"key":"StoneCalendar"},{"floor":26,"key":"CeramicFish"},{"floor":28,"key":"Bag of Marbles"}],"event_choices":[{"damage_healed":0,"gold_gain":0,"cards_transformed":["Strike_G"],"player_choice":"Change","damage_taken":0,"max_hp_gain":0,"max_hp_loss":0,"event_name":"Living Wall","floor":3,"gold_loss":0,"cards_obtained":["All Out Attack"]},{"damage_healed":0,"gold_gain":0,"cards_transformed":["Defend_G"],"player_choice":"Transformed","damage_taken":0,"max_hp_gain":0,"max_hp_loss":0,"event_name":"Transmorgrifier","floor":11,"gold_loss":0,"cards_obtained":["Terror"]},{"damage_healed":0,"gold_gain":0,"player_choice":"Upgraded","damage_taken":0,"max_hp_gain":0,"max_hp_loss":0,"event_name":"Upgrade Shrine","floor":20,"gold_loss":0,"cards_upgraded":["Blade Dance"]},{"damage_healed":0,"gold_gain":0,"player_choice":"Opened","damage_taken":0,"relics_obtained":["Calipers"],"max_hp_gain":0,"max_hp_loss":0,"event_name":"The Mausoleum","floor":29,"gold_loss":0,"cards_obtained":["Writhe"]},{"damage_healed":0,"gold_gain":0,"player_choice":"Stole Relic","damage_taken":0,"relics_obtained":["HornCleat"],"max_hp_gain":0,"max_hp_loss":0,"event_name":"Addict","floor":31,"gold_loss":0,"cards_obtained":["Shame"]}],"is_beta":false,"boss_relics":[{"not_picked":["Tiny House","Runic Dome"],"picked":"Fusion Hammer"}],"items_purged_floors":[12,30],"is_endless":false,"potions_floor_spawned":[2,4,7,8,16,19,21,25],"killed_by":"Collector","ascension_level":20}}