{"host":"8ztb9kwpjc2zof9s","time":1613823317,"event":{"mods":["BaseMod","Block Reminder","Curses Come First","Minty Spire (QoL Compilation)","Relic Stats","StSLib"],"gold_per_floor":[112,126,126,146,321,354,354,354,354],"floor_reached":8,"language":"ENG","playtime":423,"items_purged":[],"score":92,"play_id":"ebb90924-abff-4d15-ab64-82380eb0c07a","local_time":"20210220041517","is_ascension_mode":true,"campfire_choices":[{"floor":7,"key":"REST"}],"circlet_count":0,"master_deck":["AscendersBane","Strike_G","Strike_G","Strike_G","Strike_G","Strike_G","Defend_G","Defend_G","Defend_G","Defend_G","Defend_G","Survivor","Neutralize","After Image","Deadly Poison","Cloak And Dagger","Doubt","Noxious Fumes"],"relics":["Ring of the Snake","MealTicket","Ninja Scroll"],"acts_visited":["Exordium"],"potions_floor_usage":[8],"damage_taken":[{"damage":0,"enemies":"Jaw Worm","floor":1,"turns":5},{"damage":7,"enemies":"2 Louse","floor":2,"turns":5},{"damage":0,"enemies":"Cultist","floor":4,"turns":4},{"damage":41,"enemies":"3 Sentries","floor":6,"turns":17},{"damage":46,"enemies":"Gremlin Nob","floor":8,"turns":5}],"seed_played":"4472942373105396656","potions_obtained":[{"floor":2,"key":"FairyPotion"},{"floor":6,"key":"Regen Potion"}],"is_trial":false,"path_per_floor":["M","M","?","M","?","E","R","E"],"character_chosen":"THE_SILENT","items_purchased":[],"campfire_rested":1,"item_purchase_floors":[],"current_hp_per_floor":[45,38,20,20,20,4,25,0,0],"gold":354,"neow_bonus":"THREE_RARE_CARDS","is_daily":false,"chose_seed":false,"campfire_upgraded":0,"win_rate":0.0,"timestamp":1613823317,"path_taken":["M","M","?","M","?","E","R","E"],"items_purchased_type":[],"build_version":"2020-12-22","purchased_purges":0,"victory":false,"max_hp_per_floor":[70,70,70,70,70,70,70,70,70],"relic_stats":{"counters":[5,36],"MealTicket":0,"obtain_stats":[{"Ninja Scroll":6,"MealTicket":3,"Ring of the Snake":0},{"Ninja Scroll":4,"MealTicket":2,"Ring of the Snake":0},{"Ninja Scroll":31,"MealTicket":10,"Ring of the Snake":0}],"Ring of the Snake":[10]},"card_choices":[{"not_picked":["Die Die Die","Glass Knife"],"picked":"After Image","floor":0},{"not_picked":["Quick Slash","Flying Knee","All Out Attack"],"picked":"SKIP","floor":1},{"not_picked":["Prepared","Bane"],"picked":"Deadly Poison","floor":2},{"not_picked":["Acrobatics","Blade Dance"],"picked":"Cloak And Dagger","floor":4},{"not_picked":["Dagger Spray","Dash"],"picked":"Noxious Fumes","floor":6}],"player_experience":358937,"relics_obtained":[{"floor":6,"key":"Ninja Scroll"}],"event_choices":[{"damage_healed":0,"gold_gain":0,"player_choice":"Success","damage_taken":18,"relics_obtained":["MealTicket"],"max_hp_gain":0,"max_hp_loss":0,"event_name":"Scrap Ooze","floor":3,"gold_loss":0},{"damage_healed":0,"gold_gain":175,"player_choice":"AGREE","damage_taken":0,"max_hp_gain":0,"max_hp_loss":0,"event_name":"Liars Game","floor":5,"gold_loss":0,"cards_obtained":["Doubt"]}],"is_beta":false,"boss_relics":[],"items_purged_floors":[],"is_endless":false,"potions_floor_spawned":[2,6],"killed_by":"Gremlin Nob","ascension_level":13}}