{"host":"leop","time":1613815209,"event":{"mods":["ATMod(阿瑾Mod)","Act Like it!","BaseMod","Conspire","Downfall","GifTheSpireLib","Minty Spire (QoL Compilation)","Pale of the Ancients","Quick Restart","Reliquary","StSLib","TestMod","noobMod","【遗物卡牌】REMEMod"],"gold_per_floor":[99,116,135,535,562,462,462,480,508,519,519,551,551,461,472,571,571,371,384,424,639,639,666,689,703,320,348,348,399,103,115,130,233,233,233,247,261,277,277,291,291,323,339,400,489,489,602,740,829,944,944,1119,737,737,837,864],"floor_reached":57,"language":"ZHS","playtime":5329,"items_purged":["sneckomod:Strike","sneckomod:Strike","sneckomod:Strike","sneckomod:Defend","sneckomod:Defend"],"score":1750,"play_id":"65839d07-74c5-47fe-9a98-0393d07e1af1","local_time":"20210220180009","daily_mods":["Heirloom"],"is_ascension_mode":true,"campfire_choices":[{"floor":1.0,"key":"RECALL"},{"data":"sneckomod:WideSting","floor":6.0,"key":"SMITH"},{"data":"sneckomod:PureSnecko","floor":18.0,"key":"SMITH"},{"data":"sneckomod:Restock","floor":28.0,"key":"SMITH"}],"circlet_count":0,"master_deck":["sneckomod:Defend","sneckomod:TailWhip","sneckomod:SnekBite","sneckomod:Unknown","sneckomod:Unknown","testmod-RepeatForm","AT_PowerWithin","sneckomod:UnknownUncommonSkill","sneckomod:WideSting+1","sneckomod:PureSnecko+1","sneckomod:SerpentIdol","sneckomod:UnknownColorless","sneckomod:UnknownColorless","sneckomod:UnknownUncommonPower","sneckomod:Rotation+1","sneckomod:Restock+1","sneckomod:UnendingSupply+1","Corruption","sneckomod:MorePower","sneckomod:UnknownUncommonSkill+1","sneckomod:UnknownUncommonSkill+1","sneckomod:Unknown3Cost+1","sneckomod:UnknownDraw+1","Corruption","sneckomod:UnknownRareSkill+1","sneckomod:UnknownRarePower+1","sneckomod:SnakeSap+1","sneckomod:UnknownVulnerable+1","sneckomod:UnknownBlock+1","sneckomod:UnknownUncommonPower+1","sneckomod:UnknownRarePower+1","sneckomod:UnknownColorless+1","sneckomod:UnknownClassPURPLE+1","sneckomod:SerpentIdol+1","sneckomod:UnknownUncommonSkill+1","sneckomod:UnknownRareSkill+1","sneckomod:UnknownUncommonSkill+1","sneckomod:Unknown3Cost+1","sneckomod:UnknownClassPALE_SHOWMAN_PURPLE_COLOR+1","sneckomod:UnknownClassPURPLE+1","sneckomod:PureSnecko+1","sneckomod:UnendingSupply+1","sneckomod:UnknownRarePower+1","sneckomod:UnknownUncommonPower+1","sneckomod:Unknown3Cost+1","sneckomod:UnknownExhaust+1","sneckomod:UnknownClassPURPLE+1","Barricade+1"],"relics":["sneckomod:SneckoSoul","AT_ATBox","ice","Dead Branch","downfall:HeartBlessingRed","Pear","AT_DeathDance","Blue Candle","Pantograph","testmod-NegativeEmotionEnhancer","downfall:HeartBlessingBlue","downfall:HeartBlessingGreen","Boot","Potion Belt","reliquary:IridiumChain","reliquary:RoseTintedGlasses","reliquary:Knoch","Bag of Preparation","REME_LowDesire","testmod-AssaultLearning","Bronze Scales","champ:DuelingGlove","AT_ArcaneBoots","AT_MibuBalloonWealth","Juzu Bracelet","reliquary:RosewoodLute","Happy Flower"],"acts_visited":["Exordium","TheCity","TheBeyond","TheEnding"],"potions_floor_usage":[56],"damage_taken":[{"damage":8.0,"enemies":"Small Slimes","floor":2.0,"turns":3.0},{"damage":11.0,"enemies":"Jaw Worm","floor":3.0,"turns":2.0},{"damage":1.0,"enemies":"Cultist","floor":8.0,"turns":3.0},{"damage":18.0,"enemies":"Lagavulin","floor":9.0,"turns":4.0},{"damage":15.0,"enemies":"Exordium Wildlife","floor":10.0,"turns":4.0},{"damage":15.0,"enemies":"Gremlin Nob","floor":12.0,"turns":3.0},{"damage":10.0,"enemies":"downfall:FleeingMerchant","floor":14.0,"turns":2.0},{"damage":0.0,"enemies":"2 Fungi Beasts","floor":15.0,"turns":1.0},{"damage":0.0,"enemies":"DF_ARCHETYPE_STREAMLINE","floor":16.0,"turns":3.0},{"damage":18.0,"enemies":"downfall:LooterAlt2","floor":19.0,"turns":4.0},{"damage":0.0,"enemies":"conspire:FuzzyDice","floor":20.0,"turns":4.0},{"damage":10.0,"enemies":"downfall:FleeingMerchant","floor":21.0,"turns":4.0},{"damage":14.0,"enemies":"Slavers","floor":23.0,"turns":3.0},{"damage":11.0,"enemies":"Centurion and Healer","floor":25.0,"turns":4.0},{"damage":5.0,"enemies":"conspire:SneckoGhost","floor":27.0,"turns":5.0},{"damage":31.0,"enemies":"Gremlin Leader","floor":29.0,"turns":6.0},{"damage":0.0,"enemies":"conspire:HollyBat","floor":31.0,"turns":4.0},{"damage":0.0,"enemies":"Snecko","floor":32.0,"turns":2.0},{"damage":5.0,"enemies":"SI_MIRROR_ARCHETYPE","floor":33.0,"turns":2.0},{"damage":11.0,"enemies":"3 Darklings","floor":36.0,"turns":3.0},{"damage":0.0,"enemies":"3 Shapes","floor":37.0,"turns":2.0},{"damage":9.0,"enemies":"Jaw Worm Horde","floor":38.0,"turns":4.0},{"damage":1,"enemies":"4 Shapes","floor":40,"turns":2},{"damage":4,"enemies":"Giant Head","floor":42,"turns":5},{"damage":0,"enemies":"Spire Growth","floor":43,"turns":1},{"damage":0,"enemies":"Nemesis","floor":44,"turns":1},{"damage":13,"enemies":"Jaw Worm Horde","floor":45,"turns":3},{"damage":10,"enemies":"4 Shapes","floor":47,"turns":2},{"damage":16,"enemies":"3 Darklings","floor":48,"turns":4},{"damage":13,"enemies":"Sphere and 2 Shapes","floor":49,"turns":3},{"damage":3,"enemies":"WA_ARCHETYPE_DIVINITY","floor":50,"turns":2},{"damage":1,"enemies":"downfall:CharBossMerchant","floor":52,"turns":4},{"damage":1,"enemies":"downfall:NeowBoss","floor":55,"turns":9},{"damage":8,"enemies":"downfall:NeowBossFinal","floor":56,"turns":6}],"seed_played":"9186500498214308304","potions_obtained":[{"floor":8.0,"key":"BlessingOfTheForge"},{"floor":12.0,"key":"Energy Potion"},{"floor":13.0,"key":"AttackPotion"},{"floor":23.0,"key":"SteroidPotion"},{"floor":27.0,"key":"ColorlessPotion"},{"floor":31.0,"key":"ColorlessPotion"},{"floor":36.0,"key":"Fire Potion"}],"is_trial":true,"path_per_floor":["R","M","M","?","T","R","T","M","E","M","?","E","?","$","M","B",null,"R","M","M","$","?","E","T","M","$","E","R","E","$","M","M","B",null,"R","M","M","M","$","M","T","E","M","E","M","?","M","M","M","B",null,"E","$","R","B","B",null],"character_chosen":"THE_SNECKO","items_purchased":["reliquary:IridiumChain","Bag of Preparation","Happy Flower","Swift Potion"],"campfire_rested":0,"item_purchase_floors":[26,30,53,53],"current_hp_per_floor":[90,82,71,71,71,71,81,80,62,47,42,27,27,17,17,42,100,110,95,98,90,90,80,80,75,75,74,74,50,50,52,54,81,122,122,118,122,117,117,121,121,122,124,126,117,117,112,105,96,122,139,140,140,140,141,135],"gold":864,"neow_bonus":"","is_daily":false,"chose_seed":false,"campfire_upgraded":3,"win_rate":0.0,"timestamp":1613815209,"path_taken":["R","M","M","?","?","R","T","?","E","M","?","E","?","$","M","BOSS","R","M","M","?","?","E","T","?","?","E","R","E","$","M","M","BOSS","R","M","M","M","$","M","T","E","M","E","?","?","M","M","M","BOSS","E","$","R","BOSS","BOSS"],"items_purchased_type":["Relic","Relic","Relic","Potion"],"build_version":"2020-12-18","purchased_purges":5,"victory":true,"max_hp_per_floor":[90,90,90,90,90,90,100,100,100,100,100,100,100,100,100,100,100,110,111,112,113,113,114,114,115,115,118,118,119,119,120,121,122,122,122,123,124,125,125,126,126,130,131,132,133,133,134,135,136,139,139,140,140,140,141,142],"card_choices":[{"not_picked":["sneckomod:QuickMove","sneckomod:UnknownCommonAttack"],"picked":"sneckomod:UnknownUncommonSkill","floor":2.0},{"not_picked":["sneckomod:RainOfDice","sneckomod:Unknown1Cost"],"picked":"sneckomod:WideSting","floor":3.0},{"not_picked":["sneckomod:UnknownDexterity","sneckomod:DiceCrush"],"picked":"sneckomod:PureSnecko","floor":8.0},{"not_picked":["sneckomod:UnknownX","sneckomod:ImprovisedGuard","sneckomod:RainOfDice"],"picked":"SKIP","floor":9.0},{"not_picked":["sneckomod:UnknownStrike","sneckomod:UnknownCommonAttack","sneckomod:SoulRoll"],"picked":"SKIP","floor":10.0},{"not_picked":["sneckomod:WideSting","sneckomod:Nope"],"picked":"sneckomod:SerpentIdol","floor":12.0},{"not_picked":["sneckomod:DefensiveFlair","sneckomod:PureSnecko"],"picked":"sneckomod:UnknownColorless","floor":14.0},{"not_picked":["sneckomod:Mudshield","sneckomod:QuickMove"],"picked":"sneckomod:UnknownColorless","floor":15.0},{"not_picked":["sneckomod:UnknownBoss","sneckomod:GlitteringGambit"],"picked":"sneckomod:Unknown3Cost","floor":16.0},{"not_picked":["sneckomod:Unknown2Cost+1","sneckomod:UnknownClassPALE_SHOWMAN_PURPLE_COLOR","sneckomod:UnknownCommonAttack+1"],"picked":"SKIP","floor":19.0},{"not_picked":["sneckomod:UnknownClassPURPLE","sneckomod:Nope+1","sneckomod:IronFang"],"picked":"SKIP","floor":20.0},{"not_picked":["sneckomod:UnknownClassPALE_SHOWMAN_PURPLE_COLOR+1","sneckomod:SoulRoll"],"picked":"sneckomod:UnknownUncommonPower","floor":21.0},{"not_picked":["sneckomod:SoulRoll","sneckomod:UnknownCommonAttack","sneckomod:Rotation+1"],"picked":"SKIP","floor":23.0},{"not_picked":["sneckomod:SoulRoll","sneckomod:UnknownCommonAttack"],"picked":"sneckomod:Rotation+1","floor":23.0},{"not_picked":["sneckomod:DiceBlock+1","sneckomod:MixItUp"],"picked":"sneckomod:Restock","floor":25.0},{"not_picked":["sneckomod:IronFang","sneckomod:ImprovisedAttack"],"picked":"sneckomod:Memorize+1","floor":27.0},{"not_picked":["sneckomod:DiceBlock+1","sneckomod:UnknownUncommonSkill+1"],"picked":"sneckomod:UnendingSupply+1","floor":29.0},{"not_picked":["sneckomod:Unknown1Cost","sneckomod:UnknownCommonAttack"],"picked":"sneckomod:MorePower","floor":31.0},{"not_picked":["sneckomod:DiceCrush","sneckomod:RainOfDice","sneckomod:UnknownUncommonSkill+1"],"picked":"SKIP","floor":32.0},{"not_picked":["sneckomod:DiceCrush","sneckomod:RainOfDice"],"picked":"sneckomod:UnknownUncommonSkill+1","floor":32.0},{"not_picked":["sneckomod:UnknownStrike+1","sneckomod:UnknownWeak+1"],"picked":"sneckomod:UnknownUncommonSkill+1","floor":32.0},{"not_picked":["sneckomod:Unknown0Cost+1","sneckomod:UnknownWeak+1"],"picked":"sneckomod:Unknown3Cost+1","floor":33.0},{"not_picked":["sneckomod:UnknownDexterity+1","sneckomod:UnknownRareAttack+1"],"picked":"sneckomod:UnknownDraw+1","floor":33.0},{"not_picked":["sneckomod:Restock","sneckomod:SoulExchange"],"picked":"sneckomod:Unknown3Cost","floor":33.0},{"not_picked":["sneckomod:Unknown1Cost+1","sneckomod:UnknownBoss+1"],"picked":"sneckomod:UnknownRareSkill+1","floor":36.0},{"not_picked":["sneckomod:UnknownDexterity+1","sneckomod:UnknownBlock+1"],"picked":"sneckomod:UnknownRarePower+1","floor":36.0},{"not_picked":["sneckomod:UnknownExhaust","sneckomod:UnknownCommonAttack+1","testmod-TradeIn"],"picked":"sneckomod:Memorize+1","floor":36.0},{"not_picked":["sneckomod:Memorize+1","sneckomod:SoulDraw","testmod-Provocation+1"],"picked":"sneckomod:SnakeSap+1","floor":37.0},{"not_picked":["sneckomod:UnknownUncommonAttack+1","sneckomod:UnknownStrength+1"],"picked":"sneckomod:UnknownVulnerable+1","floor":38.0},{"not_picked":["sneckomod:UnknownUncommonSkill+1","sneckomod:UnknownClassPALE_SHOWMAN_PURPLE_COLOR+1"],"picked":"sneckomod:UnknownBlock+1","floor":38.0},{"not_picked":["sneckomod:UnknownUncommonSkill+1","sneckomod:UnknownCommonSkill+1"],"picked":"sneckomod:UnknownUncommonPower+1","floor":38.0},{"not_picked":["sneckomod:UnknownX+1","sneckomod:UnknownExhaust+1"],"picked":"sneckomod:UnknownRarePower+1","floor":38.0},{"not_picked":["sneckomod:UnknownVulnerable","sneckomod:Nope+1","sneckomod:DiceBlock+1","testmod-ConditionedReflex"],"picked":"SKIP","floor":38.0},{"not_picked":["sneckomod:UnknownUncommonAttack+1","sneckomod:UnknownStrike+1"],"picked":"sneckomod:UnknownRarePower+1","floor":40},{"not_picked":["sneckomod:UnknownStrength+1","sneckomod:UnknownDexterity+1"],"picked":"sneckomod:UnknownColorless+1","floor":40},{"not_picked":["sneckomod:UnknownUncommonAttack+1","sneckomod:Unknown1Cost+1"],"picked":"sneckomod:UnknownClassPURPLE+1","floor":40},{"not_picked":["sneckomod:UnknownCommonAttack+1","sneckomod:UnknownVulnerable+1","testmod-BackupPower"],"picked":"sneckomod:SerpentIdol","floor":40},{"not_picked":["sneckomod:UnknownWeak+1","sneckomod:UnknownBoss+1"],"picked":"sneckomod:UnknownUncommonSkill+1","floor":42},{"not_picked":["sneckomod:UnknownCommonAttack+1","sneckomod:Unknown0Cost+1"],"picked":"sneckomod:UnknownRareSkill+1","floor":42},{"not_picked":["sneckomod:Unknown2Cost+1","sneckomod:UnknownBlock+1"],"picked":"sneckomod:UnknownUncommonSkill+1","floor":42},{"not_picked":["sneckomod:UnknownClassRED+1","sneckomod:UnknownCommonAttack+1"],"picked":"sneckomod:Unknown3Cost+1","floor":42},{"not_picked":["sneckomod:UnknownBoss+1","sneckomod:UnknownColorless+1"],"picked":"sneckomod:UnknownClassPALE_SHOWMAN_PURPLE_COLOR+1","floor":42},{"not_picked":["sneckomod:SerpentIdol+1","sneckomod:UnknownUncommonSkill","Chrysalis"],"picked":"sneckomod:UnknownClassPURPLE+1","floor":42},{"not_picked":["sneckomod:Nope","sneckomod:SoulRoll","Chrysalis"],"picked":"sneckomod:PureSnecko+1","floor":43},{"not_picked":["sneckomod:QuickMove+1","sneckomod:Nope","AT_Homeward+1"],"picked":"sneckomod:UnendingSupply+1","floor":44},{"not_picked":["sneckomod:Unknown1Cost+1","sneckomod:UnknownVulnerable","sneckomod:QuickMove","Dark Shackles"],"picked":"SKIP","floor":45},{"not_picked":["sneckomod:UnknownVulnerable+1","sneckomod:UnknownRareSkill+1"],"picked":"sneckomod:UnknownRarePower+1","floor":47},{"not_picked":["sneckomod:Unknown1Cost+1","sneckomod:SlitherStrike+1","sneckomod:UnendingSupply","testmod-PulseDistributor"],"picked":"SKIP","floor":47},{"not_picked":["sneckomod:UnknownDraw+1","sneckomod:UnknownWeak+1"],"picked":"sneckomod:UnknownUncommonPower+1","floor":48},{"not_picked":["sneckomod:UnknownUncommonPower+1","sneckomod:Unknown0Cost+1"],"picked":"sneckomod:Unknown3Cost+1","floor":48},{"not_picked":["sneckomod:UnknownUncommonSkill","sneckomod:UnknownVulnerable","sneckomod:UnknownClassRED","testmod-TreasureHunter"],"picked":"SKIP","floor":48},{"not_picked":["sneckomod:RainOfDice","sneckomod:Nope","Bandage Up+1"],"picked":"sneckomod:UnknownExhaust+1","floor":49},{"not_picked":["sneckomod:Transmogrify","sneckomod:UnknownStrength","testmod-PerfectCombo"],"picked":"sneckomod:UnknownClassPURPLE+1","floor":52}],"player_experience":1058918,"relics_obtained":[{"floor":7.0,"key":"Pear"},{"floor":9.0,"key":"AT_DeathDance"},{"floor":12.0,"key":"Pantograph"},{"floor":23.0,"key":"Boot"},{"floor":24.0,"key":"Potion Belt"},{"floor":27.0,"key":"reliquary:RoseTintedGlasses"},{"floor":29.0,"key":"reliquary:Knoch"},{"floor":34.0,"key":"testmod-AssaultLearning"},{"floor":34.0,"key":"Bronze Scales"},{"floor":41,"key":"champ:DuelingGlove"},{"floor":42,"key":"AT_SpeedBoots"},{"floor":44,"key":"AT_MibuBalloonWealth"},{"floor":52,"key":"reliquary:RosewoodLute"}],"event_choices":[{"damage_healed":0.0,"max_hp_gain":0.0,"max_hp_loss":0.0,"gold_gain":400.0,"event_name":"恩洛斯的盘子","player_choice":"Sell","floor":4.0,"relics_lost":["testmod-TestBox"],"gold_loss":0.0,"damage_taken":0.0},{"damage_healed":0.0,"max_hp_gain":0.0,"max_hp_loss":0.0,"gold_gain":0.0,"event_name":"Lab","player_choice":"Got Potions","floor":13.0,"gold_loss":0.0,"damage_taken":0.0},{"damage_healed":0.0,"max_hp_gain":0.0,"max_hp_loss":0.0,"gold_gain":0.0,"event_name":"FaceTrader","player_choice":"Leave","floor":22.0,"gold_loss":0.0,"damage_taken":0.0},{"damage_healed":0,"gold_gain":0,"player_choice":"Swap Relic","damage_taken":0,"relics_obtained":["Juzu Bracelet"],"max_hp_gain":0,"max_hp_loss":0,"event_name":"给自己的盒子","floor":46,"relics_lost":["REME_ComplimentaryCards"],"gold_loss":0}],"is_beta":true,"boss_relics":[{"not_picked":["REME_DemonsWealth","testmod-Temperance"],"picked":"testmod-NegativeEmotionEnhancer"},{"not_picked":["testmod-Nine","Velvet Choker"],"picked":"REME_LowDesire"}],"items_purged_floors":[14,21,26,30,53],"is_endless":false,"potions_floor_spawned":[8,12,15,16,23,27,31,32,36,43,45,47,48,49,52],"ascension_level":1}}