{"host":"6vtgmkkqqeew181q","time":1613793812,"event":{"mods":["BaseMod","Better Skull","Better Third Choice","BetterRewards","Colored Powertips","Downfall","Faster Ascension Climbing","Highlight Path","Minty Spire (QoL Compilation)","Reliquary","Replay The Spire","Spire Birthday Party","StSLib","The Cursed","The IronCluck","The Jungle","The Servant 0.9.4"],"gold_per_floor":[116,166,186,186,204,239,239,267,267,267,43,43,57,57,57,176,176,162,162,180,180,111,152,152,173,173,189,208,208,229,9,9,128,128,147,161,494,512,40,40,58,86,86,86,86,103,117,27,27,27],"floor_reached":51,"language":"ENG","playtime":3868,"items_purged":["downfall:Bewildered"],"score":1057,"play_id":"a2a2c29f-1a37-4122-8c19-a3e2b2d730d8","local_time":"20210219200332","is_ascension_mode":false,"campfire_choices":[{"data":"TheCursedMod:CursedWand","floor":7,"key":"SMITH"},{"data":"TheCursedMod:ReleasedStrength","floor":10,"key":"SMITH"},{"data":"TheCursedMod:SpitefulStrike","floor":15,"key":"SMITH"},{"data":"TheCursedMod:Evocation","floor":24,"key":"SMITH"},{"data":"TheCursedMod:CursedMace","floor":29,"key":"SMITH"},{"floor":32,"key":"REST"},{"data":"TheCursedMod:SmokeScreen","floor":40,"key":"SMITH"},{"floor":44,"key":"REST"},{"floor":49,"key":"REST"}],"circlet_count":0,"master_deck":["TheCursedMod:CursedWand+1","TheCursedMod:CleanUpWorkshop+1","TheCursedMod:Dregs","TheCursedMod:SpitefulStrike+1","TheCursedMod:WearCloak","TheCursedMod:SmokeScreen+1","TheCursedMod:Neurasthenia+1","downfall:Icky","TheCursedMod:ReleasedStrength+1","TheCursedMod:HellfireBreathing+1","Injury","TheCursedMod:CursedAmulet+1","Demon Form+1","TheCursedMod:DemonicPact+1","downfall:Icky","TheCursedMod:WearCloak+1","TheCursedMod:Evocation+1","TheCursedMod:HellfireBreathing+1","TheCursedMod:BlessingInDisguise+1","TheCursedMod:CursedMace+1","TheCursedMod:Wield+1","TheCursedMod:Hemoplague+1","downfall:Aged","TheCursedMod:NeowsMight+1","AbeCurse","TheCursedMod:EmpowerCircles","TheCursedMod:AbyssShockwave+1","TheCursedMod:CursedSpellbook","TheCursedMod:ManaCirculation+1","TheCursedMod:Wield+1","TheCursedMod:EmpowerCircles","TheCursedMod:FuryStrike","TheCursedMod:Neurasthenia+1","TheCursedMod:CircleOfCorruption+1","TheCursedMod:CircleOfFlame+1","Shame","Writhe","TheCursedMod:SurpriseAttack+1","TheCursedMod:VitalStrike+1","TheCursedMod:CursedRelics+1"],"relics":["TheCursedMod:BlackMagic101","Ring of Greed","Golden Egg","MealTicket","reliquary:Buckler","Lizard Tail","hexamod:CandleOfCauterizing","Chemical X","Toy Ornithopter","sneckomod:SneckoTalon","Kunai","StoneCalendar","Replay:WaspNest","Bag of Preparation","Replay:Grab Bag","Abe\u0027s Treasure","Philosopher\u0027s Stone","Pandora\u0027s Box","hexamod:BolsterEngine","reliquary:PrincelyHelmet","Whetstone","Replay:Kaleidoscope"],"acts_visited":["Exordium","TheCity","TheBeyond"],"potions_floor_usage":[3,16,16,16,30,33,33,46,46,47,47,50,50],"damage_taken":[{"damage":0,"enemies":"2 Louse","floor":1,"turns":4},{"damage":0,"enemies":"Jaw Worm","floor":3,"turns":3},{"damage":5,"enemies":"Small Slimes","floor":5,"turns":4},{"damage":0,"enemies":"Replay:BlueRogue","floor":6,"turns":8},{"damage":18,"enemies":"3 Sentries","floor":8,"turns":12},{"damage":0,"enemies":"Exordium Wildlife","floor":13,"turns":2},{"damage":22,"enemies":"The Guardian","floor":16,"turns":8},{"damage":4,"enemies":"2 Thieves","floor":18,"turns":4},{"damage":3,"enemies":"3 Byrds","floor":20,"turns":4},{"damage":44,"enemies":"Slavers","floor":23,"turns":6},{"damage":1,"enemies":"Snecko","floor":25,"turns":6},{"damage":2,"enemies":"Cultist and Chosen","floor":27,"turns":5},{"damage":7,"enemies":"Sentry and Sphere","floor":28,"turns":5},{"damage":2,"enemies":"Centurion and Healer","floor":30,"turns":5},{"damage":13,"enemies":"Pondfish","floor":33,"turns":7},{"damage":1,"enemies":"Orb Walker","floor":35,"turns":3},{"damage":32,"enemies":"3 Darklings","floor":36,"turns":4},{"damage":0,"enemies":"Jaw Worm Horde","floor":38,"turns":3},{"damage":10,"enemies":"Transient","floor":41,"turns":5},{"damage":36,"enemies":"Reptomancer","floor":42,"turns":5},{"damage":15,"enemies":"Sphere and 2 Shapes","floor":46,"turns":4},{"damage":0,"enemies":"4 Shapes","floor":47,"turns":6},{"damage":46,"enemies":"Awakened One","floor":50,"turns":7}],"seed_played":"-5468164144974783941","potions_obtained":[{"floor":0,"key":"bronze:BurnAndBuffPotion"},{"floor":0,"key":"LiquidMemories"},{"floor":0,"key":"Swift Potion"},{"floor":1,"key":"champ:CounterPotion"},{"floor":5,"key":"hexamod:SoulburnPotion"},{"floor":13,"key":"hexamod:SoulburnPotion"},{"floor":23,"key":"Ancient Potion"},{"floor":25,"key":"Swift Potion"},{"floor":30,"key":"Block Potion"},{"floor":35,"key":"sneckomod:MuddlingPotion"},{"floor":42,"key":"EntropicBrew"},{"floor":47,"key":"AttackPotion"}],"is_trial":false,"path_per_floor":["M","?","M","?","M","E","R","E","T","R","$","?","M","?","R","B",null,"M","?","M","?","$","E","R","M","T","M","M","R","M","$","R","B",null,"M","M","?","M","$","R","M","E","T","R","?","M","M","?","R","B",null],"character_chosen":"THE_CURSED","items_purchased":["Chemical X","TheCursedMod:HellfireBreathing","TheCursedMod:HellfireBreathing","TheCursedMod:Hemoplague","Bag of Preparation","hexamod:BolsterEngine","reliquary:PrincelyHelmet"],"campfire_rested":3,"item_purchase_floors":[11,11,22,31,31,39,39],"current_hp_per_floor":[75,75,75,68,63,63,63,45,45,45,60,60,60,33,33,26,75,71,71,68,68,75,31,31,30,30,28,21,21,24,39,61,58,75,74,42,42,42,57,57,47,11,11,33,37,32,42,42,64,28],"gold":27,"neow_bonus":"THREE_SMALL_POTIONS","is_daily":false,"chose_seed":false,"campfire_upgraded":6,"win_rate":0.0,"timestamp":1613793812,"path_taken":["M","?","M","?","M","E","R","E","T","R","?","?","M","?","R","BOSS","M","?","M","?","$","E","R","M","T","?","M","R","M","?","R","BOSS","M","M","?","M","$","R","M","E","T","R","?","M","?","?","R","BOSS"],"items_purchased_type":["Relic","Card","Card","Card","Relic","Relic","Relic"],"build_version":"2020-12-22","purchased_purges":1,"victory":true,"max_hp_per_floor":[75,75,75,75,75,75,75,75,75,75,75,75,75,75,75,75,75,75,75,75,75,75,75,75,75,75,75,75,75,75,75,75,75,75,75,75,75,75,75,75,75,75,75,75,75,75,75,75,75,75],"card_choices":[{"not_picked":["TheCursedMod:CursedArmor","TheCursedMod:Wield"],"picked":"TheCursedMod:SpitefulStrike","floor":1},{"not_picked":["TheCursedMod:CursedBlade","TheCursedMod:SpitefulStrike"],"picked":"TheCursedMod:WearCloak","floor":3},{"not_picked":["TheCursedMod:Stretching","TheCursedMod:SurpriseAttack"],"picked":"TheCursedMod:SmokeScreen","floor":5},{"not_picked":["TheCursedMod:CursedBlade","TheCursedMod:SpitefulPlan"],"picked":"TheCursedMod:Neurasthenia","floor":6},{"not_picked":["TheCursedMod:Stigma","TheCursedMod:SpitefulPray"],"picked":"TheCursedMod:ReleasedStrength","floor":8},{"not_picked":["TheCursedMod:WearCloak","TheCursedMod:TroublousMinions"],"picked":"TheCursedMod:CursedAmulet","floor":13},{"not_picked":["TheCursedMod:CircleOfAbyss","TheCursedMod:UltimatePain"],"picked":"TheCursedMod:DemonicPact","floor":16},{"not_picked":["TheCursedMod:TroublousMinions","TheCursedMod:Torture"],"picked":"TheCursedMod:WearCloak+1","floor":18},{"not_picked":["TheCursedMod:CircleOfBlood","TheCursedMod:Wield"],"picked":"TheCursedMod:Evocation","floor":20},{"not_picked":["TheCursedMod:Mangle","TheCursedMod:EmpowerCircles"],"picked":"TheCursedMod:BlessingInDisguise+1","floor":23},{"not_picked":["TheCursedMod:ManaCirculation","TheCursedMod:SaltUponWound","TheCursedMod:CursedBlade"],"picked":"SKIP","floor":25},{"not_picked":["TheCursedMod:CursedBlade","TheCursedMod:FleshFromBone","TheCursedMod:WearCloak"],"picked":"SKIP","floor":27},{"not_picked":["TheCursedMod:EmpowerCircles","TheCursedMod:BlessingInDisguise"],"picked":"TheCursedMod:CursedMace","floor":28},{"not_picked":["TheCursedMod:TacticalStrike","TheCursedMod:RapidMovement"],"picked":"TheCursedMod:Wield+1","floor":30},{"not_picked":["TheCursedMod:AntiAging","TheCursedMod:ShockAndAwe"],"picked":"TheCursedMod:NeowsMight","floor":33},{"not_picked":["TheCursedMod:SpitefulStrike+1","TheCursedMod:Wield+1"],"picked":"TheCursedMod:CircleOfCorruption+1","floor":35},{"not_picked":["TheCursedMod:FleshFromBone+1","TheCursedMod:Wield+1"],"picked":"TheCursedMod:CircleOfFlame+1","floor":36},{"not_picked":["TheCursedMod:Obscuration","TheCursedMod:CircleOfAmplification"],"picked":"TheCursedMod:SurpriseAttack+1","floor":38},{"not_picked":["TheCursedMod:Stigma+1","TheCursedMod:CursedArmor"],"picked":"TheCursedMod:VitalStrike+1","floor":41},{"not_picked":["TheCursedMod:HellsGateOpen","TheCursedMod:Obscuration+1"],"picked":"TheCursedMod:CursedRelics","floor":42},{"not_picked":["TheCursedMod:Grudge","TheCursedMod:HellfireBreathing","TheCursedMod:SurpriseAttack+1"],"picked":"SKIP","floor":46},{"not_picked":["TheCursedMod:CircleOfAmplification+1","TheCursedMod:CursedMace","TheCursedMod:Stretching"],"picked":"SKIP","floor":47}],"player_experience":682962,"relics_obtained":[{"floor":2,"key":"Ring of Greed"},{"floor":2,"key":"Golden Egg"},{"floor":2,"key":"MealTicket"},{"floor":6,"key":"reliquary:Buckler"},{"floor":8,"key":"Lizard Tail"},{"floor":9,"key":"hexamod:CandleOfCauterizing"},{"floor":23,"key":"StoneCalendar"},{"floor":26,"key":"Replay:WaspNest"},{"floor":42,"key":"Whetstone"},{"floor":43,"key":"Replay:Kaleidoscope"}],"event_choices":[{"cards_removed":["Shame"],"damage_healed":0,"gold_gain":0,"player_choice":"Card Removal","damage_taken":7,"max_hp_gain":0,"max_hp_loss":0,"event_name":"Golden Wing","floor":4,"gold_loss":0},{"damage_healed":0,"gold_gain":0,"player_choice":"Take Wound","damage_taken":0,"relics_obtained":["Golden Idol"],"max_hp_gain":0,"max_hp_loss":0,"event_name":"Golden Idol","floor":12,"gold_loss":0,"cards_obtained":["Injury"]},{"damage_healed":0,"gold_gain":1,"player_choice":"Card Relic ","damage_taken":27,"max_hp_gain":0,"max_hp_loss":0,"event_name":"betterThird:BetterScrap","floor":14,"gold_loss":0,"cards_obtained":["Demon Form","All For One"]},{"damage_healed":0,"gold_gain":0,"player_choice":"Ignored","damage_taken":0,"max_hp_gain":0,"max_hp_loss":0,"event_name":"NoteForYourself","floor":21,"gold_loss":0},{"damage_healed":0,"gold_gain":333,"player_choice":"Gave Idol","damage_taken":0,"max_hp_gain":0,"max_hp_loss":0,"event_name":"The Moai Head","floor":37,"relics_lost":["Golden Idol"],"gold_loss":0},{"damage_healed":0,"gold_gain":0,"player_choice":"Random: Green","damage_taken":0,"max_hp_gain":0,"max_hp_loss":0,"event_name":"betterThird:BetterPortal","floor":45,"gold_loss":0},{"damage_healed":4,"gold_gain":0,"player_choice":"LEAVE ","damage_taken":0,"relics_obtained":[],"max_hp_gain":0,"max_hp_loss":0,"event_name":"betterSkull:BetterSkull","floor":45,"gold_loss":0,"cards_upgraded":[]},{"cards_removed":["Overencumbered"],"damage_healed":0,"gold_gain":0,"player_choice":"Upgrade and Remove","damage_taken":0,"max_hp_gain":0,"max_hp_loss":0,"event_name":"Designer","floor":48,"gold_loss":90,"cards_upgraded":["TheCursedMod:CursedAmulet"]}],"is_beta":false,"boss_relics":[{"not_picked":["Cursed Key","reliquary:Craggleroot"],"picked":"sneckomod:SneckoTalon"},{"not_picked":["reliquary:KinkedSpring","Replay:Fungal Core"],"picked":"Replay:Grab Bag"},{"not_picked":["Coffee Dripper","ReplayTheSpireMod:DimensionalGlitch"],"picked":"Abe\u0027s Treasure"},{"not_picked":["Busted Crown","Painkiller Herb"],"picked":"Philosopher\u0027s Stone"},{"not_picked":["Runic Pyramid","Astrolabe"],"picked":"Pandora\u0027s Box"}],"items_purged_floors":[39],"is_endless":false,"potions_floor_spawned":[1,5,13,23,25,30,35,42,47],"ascension_level":0}}