{"host":"i0m6ffz3lpe3z1ky","time":1613848539,"event":{"mods":["Aspiration","BaseMod","Bestiary","BetterRewards","Colored Map","Conspire","Energized Spire","Highlight Path","Hubris","Ironclad Rager","Minty Spire (QoL Compilation)","Quick Restart","Reliquary","Shop Mod","Spicy Shops","StSLib","Thieving Mod"],"gold_per_floor":[112,126,126,137,5,30,30,61,61,61,110,139,155,155,155,256,256,295,172,172,214,228,285,297,297,297,323,364,226,284,295,295,421,421,433,808,808,808,808],"floor_reached":40,"language":"KOR","playtime":1715,"items_purged":["Strike_R","Strike_R","Strike_R"],"score":1561,"play_id":"b3844a68-ee13-4b07-863d-ed3738798399","local_time":"20210221041539","is_ascension_mode":true,"campfire_choices":[{"data":"Panache","floor":7,"key":"SMITH"},{"data":"HandOfGreed","floor":15,"key":"SMITH"},{"data":"Flash of Steel","floor":25,"key":"SMITH"},{"floor":32,"key":"RECALL"}],"circlet_count":0,"master_deck":["Strike_R","Strike_R","Defend_R","Defend_R","Defend_R","Defend_R","Bash","Spot Weakness","Panache+1","Flash of Steel+1","Ghostly Armor","HandOfGreed+1","Shrug It Off","Feed","Seeing Red","Reaper","Panacea"],"relics":["Burning Blood","hubris:Reverence","Juzu Bracelet","Lee\u0027s Waffle","Sling","Happy Flower","hubris:EmptyBottle","Bronze Scales","aspiration:StickyExplosives_weak","Sundial","HornCleat","conspire:TreasureMap","hubris:TinFlute","reliquary:Tamtam","ClockworkSouvenir","hubris:FunFungus","Bird Faced Urn","Calipers","White Beast Statue","reliquary:IridiumChain","Orichalcum","reliquary:Bookmark","aspiration:AnachronicSnailShell","Membership Card","Pantograph","Torii","aspiration:FetidBarrel","Omamori","TheAbacus","aspiration:Nostalgia","Cracked Core","Vajra","conspire:DecoderRing","hubris:Metronome","reliquary:WeakTea","reliquary:CitrusReamer","reliquary:JackalopeAntler","Toy Ornithopter","MealTicket","hubris:BundleOfHerbs","Medical Kit","Dead Branch","reliquary:PorcupineQuills","reliquary:Spinner","Centennial Puzzle","OrangePellets","reliquary:Crutches","conspire:DeflatedDodgeball","reliquary:PartyBalloon","Nunchaku","reliquary:TridentHead","reliquary:Aerogel","reliquary:SharkskinSheath","energizedSpire:OgreHead","reliquary:BrokenClock","hubris:Towel","hubris:TenFootPole","hubris:AstralHammer","hubris:ToyBattleship","Anchor","Magic Flower","reliquary:RedPaperclip","Old Coin"],"acts_visited":["Exordium","TheCity","TheBeyond"],"potions_floor_usage":[0,11,33,33,39,39,39,39],"damage_taken":[{"damage":0,"enemies":"Small Slimes","floor":1,"turns":1},{"damage":0,"enemies":"Jaw Worm","floor":2,"turns":1},{"damage":0,"enemies":"2 Louse","floor":4,"turns":1},{"damage":0,"enemies":"Gremlin Nob","floor":6,"turns":4},{"damage":0,"enemies":"Gremlin Gang","floor":8,"turns":1},{"damage":0,"enemies":"conspire:MimicChest","floor":11,"turns":2},{"damage":0,"enemies":"3 Sentries","floor":12,"turns":1},{"damage":0,"enemies":"Looter","floor":13,"turns":1},{"damage":11,"enemies":"The Guardian","floor":16,"turns":4},{"damage":0,"enemies":"Chosen","floor":18,"turns":3},{"damage":0,"enemies":"Shell Parasite","floor":21,"turns":2},{"damage":0,"enemies":"Shelled Parasite and Fungi","floor":22,"turns":1},{"damage":0,"enemies":"Gremlin Leader","floor":23,"turns":2},{"damage":0,"enemies":"Snake Plant","floor":24,"turns":2},{"damage":5,"enemies":"Book of Stabbing","floor":27,"turns":2},{"damage":0,"enemies":"Snecko","floor":28,"turns":3},{"damage":0,"enemies":"Slavers","floor":30,"turns":1},{"damage":0,"enemies":"3 Cultists","floor":31,"turns":1},{"damage":0,"enemies":"conspire:MysteriousRune","floor":33,"turns":3},{"damage":0,"enemies":"Orb Walker","floor":35,"turns":1},{"damage":0,"enemies":"Mind Bloom Boss Battle","floor":36,"turns":3},{"damage":25,"enemies":"hubris:GrandSnecko","floor":39,"turns":5}],"seed_played":"-6085736907015745645","potions_obtained":[{"floor":12,"key":"Fire Potion"},{"floor":16,"key":"Fire Potion"},{"floor":33,"key":"AttackPotion"}],"is_trial":false,"path_per_floor":["M","M","?","M","$","E","R","M","T","?","?","E","M","?","R","B",null,"M","$","?","M","M","E","M","R","T","E","M","$","E","M","R","B",null,"M","?","?","?","B",null],"character_chosen":"IRONCLAD","items_purchased":["hubris:Reverence","Juzu Bracelet","Lee\u0027s Waffle","Sling","Happy Flower","hubris:EmptyBottle","ThievingMod:ThievingPotion","HandOfGreed","Shrug It Off","reliquary:BrokenClock","Anchor"],"campfire_rested":0,"item_purchase_floors":[0,0,0,0,0,0,0,5,5,19,29],"current_hp_per_floor":[87,87,87,87,87,87,87,87,87,87,87,87,87,87,87,85,87,87,87,87,87,87,87,87,87,87,87,87,87,87,87,87,87,87,87,87,87,87,83],"gold":808,"neow_bonus":"","is_daily":false,"chose_seed":false,"campfire_upgraded":3,"win_rate":0.0,"timestamp":1613848539,"path_taken":["M","M","?","M","$","E","R","M","T","?","?","E","M","?","R","BOSS","M","$","?","M","M","E","M","R","T","E","M","$","E","M","R","BOSS","M","?","?","?","BOSS"],"items_purchased_type":["Relic","Relic","Relic","Relic","Relic","Relic","Potion","Card","Card","Relic","Relic"],"build_version":"2020-12-22","purchased_purges":3,"victory":true,"max_hp_per_floor":[87,87,87,87,87,87,87,87,87,87,87,87,87,87,87,87,87,87,87,87,87,87,87,87,87,87,87,87,87,87,87,87,87,87,87,87,87,87,87],"card_choices":[{"not_picked":["Flame Barrier","Spot Weakness","Warcry"],"picked":"SKIP","floor":1},{"not_picked":["Infernal Blade","Rampage","Anger"],"picked":"SKIP","floor":2},{"not_picked":["Shockwave","Burning Pact"],"picked":"Ghostly Armor","floor":4},{"not_picked":["Shockwave","Wild Strike","Feel No Pain"],"picked":"SKIP","floor":6},{"not_picked":["True Grit","Thunderclap","Sword Boomerang"],"picked":"SKIP","floor":8},{"not_picked":["Sword Boomerang","Spot Weakness","Infernal Blade"],"picked":"SKIP","floor":12},{"not_picked":["Perfected Strike","Wild Strike","Cleave"],"picked":"SKIP","floor":13},{"not_picked":["Immolate","Fiend Fire"],"picked":"Feed","floor":16},{"not_picked":["True Grit","Flex+1","Thunderclap"],"picked":"SKIP","floor":18},{"not_picked":["hubris:CleavingFinish+1","Thunderclap+1","Reckless Charge"],"picked":"SKIP","floor":21},{"not_picked":["Warcry","Feel No Pain","Pummel"],"picked":"SKIP","floor":22},{"not_picked":["hubris:SharpeningStone","Warcry+1","hubris:ReadiedAction"],"picked":"SKIP","floor":23},{"not_picked":["Warcry+1","Sever Soul","hubris:ReadiedAction+1"],"picked":"SKIP","floor":24},{"not_picked":["conspire:Charge","Carnage"],"picked":"Seeing Red","floor":27},{"not_picked":["Power Through","Cleave","Brutality"],"picked":"SKIP","floor":28},{"not_picked":["Infernal Blade","Feel No Pain","Rampage"],"picked":"SKIP","floor":30},{"not_picked":["Warcry","Perfected Strike","hubris:SharpeningStone+1"],"picked":"SKIP","floor":31},{"not_picked":["Berserk","Exhume"],"picked":"Reaper","floor":33},{"not_picked":["Warcry+1","Headbutt","Pommel Strike"],"picked":"SKIP","floor":35},{"not_picked":["PanicButton","Madness"],"picked":"Panacea","floor":37}],"player_experience":414512,"relics_obtained":[{"floor":6,"key":"Nunchaku"},{"floor":9,"key":"reliquary:TridentHead"},{"floor":11,"key":"reliquary:SilkGlove"},{"floor":12,"key":"reliquary:SharkskinSheath"},{"floor":23,"key":"hubris:TenFootPole"},{"floor":26,"key":"hubris:AstralHammer"},{"floor":27,"key":"hubris:ToyBattleship"},{"floor":30,"key":"Magic Flower"},{"floor":36,"key":"Old Coin"}],"event_choices":[{"damage_healed":0,"gold_gain":0,"player_choice":"Leave","damage_taken":0,"max_hp_gain":0,"max_hp_loss":0,"event_name":"conspire:Investor","floor":3,"gold_loss":0},{"damage_healed":0,"gold_gain":0,"player_choice":"Box","damage_taken":0,"relics_obtained":["reliquary:Aerogel"],"max_hp_gain":0,"max_hp_loss":0,"event_name":"Big Fish","floor":10,"gold_loss":0,"cards_obtained":["Regret"]},{"damage_healed":0,"gold_gain":0,"player_choice":"Bought 0 Potions","damage_taken":0,"max_hp_gain":0,"max_hp_loss":0,"event_name":"The Woman in Blue","floor":14,"gold_loss":0},{"damage_healed":0,"gold_gain":0,"player_choice":"Fight","damage_taken":0,"max_hp_gain":0,"max_hp_loss":0,"event_name":"MindBloom","floor":36,"gold_loss":0},{"damage_healed":0,"gold_gain":0,"player_choice":"Memory 1","damage_taken":0,"max_hp_gain":0,"max_hp_loss":0,"event_name":"SensoryStone","floor":37,"gold_loss":0},{"damage_healed":0,"gold_gain":0,"player_choice":"Took Portal","damage_taken":0,"max_hp_gain":0,"max_hp_loss":0,"event_name":"SecretPortal","floor":38,"gold_loss":0}],"is_beta":false,"boss_relics":[{"not_picked":["aspiration:FutureDiary","energizedSpire:NeverEndingSparkler"],"picked":"energizedSpire:OgreHead"},{"not_picked":["aspiration:PoetsPen_weak","conspire:SeveredTorchhead"],"picked":"reliquary:RedPaperclip"}],"items_purged_floors":[0,19,29],"is_endless":false,"potions_floor_spawned":[1,2,4,6,8,11,12,13,16,18,21,22,23,24,27,28,30,31,33,35,36],"ascension_level":8}}