{"host":"d85gwtocd8go8gx0","time":1613802134,"event":{"mods":["AchievementEnabler","BaseMod","Better Altar","Better Skull","Better Third Choice","Block Reminder","Colored Powertips","Curses Come First","Dark Map","Filter the Spire","Highlight Path","Minty Spire (QoL Compilation)","Permanent Neow","Quick Restart","Shop Mod","StSLib","SuperFastMode","UnlockEverythingMod"],"gold_per_floor":[112,128,128,142,158,158,158,176,199,233,283,324,337,416,416,515,515,534,553,31,51,78,78,91,91,91],"floor_reached":25,"language":"ENG","playtime":1217,"items_purged":["Defend_P"],"score":430,"play_id":"05cea2fd-d92c-4e67-89f8-5bb39bda27d8","local_time":"20210219222214","is_ascension_mode":true,"campfire_choices":[{"data":"Blasphemy","floor":6.0,"key":"SMITH"},{"floor":15.0,"key":"REST"},{"data":"BattleHymn","floor":23.0,"key":"SMITH"}],"circlet_count":0,"master_deck":["AscendersBane","Strike_P","Strike_P","Defend_P","Defend_P","Defend_P","Eruption","Vigilance","Blasphemy+1","Protect","Tantrum","CutThroughFate","FollowUp","BattleHymn+1","Weave","Wallop","Consecrate","Wireheading","MasterReality","Protect+1","Wallop","WheelKick","SashWhip"],"relics":["PureWater","Golden Idol","Tiny Chest","Damaru","Pen Nib","Letter Opener","Empty Cage","Meat on the Bone","Sling","Juzu Bracelet"],"acts_visited":["Exordium","TheCity"],"potions_floor_usage":[],"damage_taken":[{"damage":0.0,"enemies":"Small Slimes","floor":1.0,"turns":2.0},{"damage":0.0,"enemies":"Jaw Worm","floor":2.0,"turns":1.0},{"damage":0.0,"enemies":"Cultist","floor":4.0,"turns":2.0},{"damage":0.0,"enemies":"2 Fungi Beasts","floor":5.0,"turns":2.0},{"damage":10.0,"enemies":"3 Louse","floor":8.0,"turns":3.0},{"damage":3.0,"enemies":"Lagavulin","floor":10.0,"turns":5.0},{"damage":25.0,"enemies":"3 Sentries","floor":12.0,"turns":7.0},{"damage":4.0,"enemies":"Gremlin Gang","floor":13.0,"turns":4.0},{"damage":10.0,"enemies":"3 Sentries","floor":14.0,"turns":3.0},{"damage":28.0,"enemies":"Slime Boss","floor":16.0,"turns":5.0},{"damage":4.0,"enemies":"Chosen","floor":18.0,"turns":5.0},{"damage":11.0,"enemies":"Shell Parasite","floor":19.0,"turns":4.0},{"damage":23.0,"enemies":"Shelled Parasite and Fungi","floor":21.0,"turns":3.0},{"damage":14.0,"enemies":"Snake Plant","floor":24.0,"turns":3.0},{"damage":28,"enemies":"Centurion and Healer","floor":25,"turns":1}],"seed_played":"-5902206360454347611","potions_obtained":[{"floor":1.0,"key":"Explosive Potion"},{"floor":4.0,"key":"AttackPotion"},{"floor":5.0,"key":"SpeedPotion"},{"floor":12.0,"key":"PowerPotion"},{"floor":13.0,"key":"BottledMiracle"},{"floor":14.0,"key":"SpeedPotion"},{"floor":18.0,"key":"DuplicationPotion"}],"is_trial":false,"path_per_floor":["M","M","?","M","M","R","?","M","T","E","?","E","M","?","R","B",null,"M","M","$","M","T","R","M","M"],"character_chosen":"WATCHER","items_purchased":["Meat on the Bone","Sling"],"campfire_rested":1,"item_purchase_floors":[20,20],"current_hp_per_floor":[61,61,66,66,66,66,66,56,56,53,53,28,24,14,33,5,51,47,36,36,25,25,25,23,0,0],"gold":91,"neow_bonus":"ONE_RANDOM_RARE_CARD","is_daily":false,"chose_seed":false,"campfire_upgraded":2,"win_rate":0.0,"timestamp":1613802134,"path_taken":["M","M","?","M","M","R","?","M","T","E","?","E","?","?","R","BOSS","M","M","$","M","?","R","M","M"],"items_purchased_type":["Relic","Relic"],"build_version":"2020-12-22","purchased_purges":1,"victory":false,"max_hp_per_floor":[68,68,73,73,73,73,66,66,66,66,66,66,66,66,66,66,66,66,66,66,66,66,66,66,66,66],"card_choices":[{"not_picked":["Meditate","Pray"],"picked":"Protect","floor":1.0},{"not_picked":["ClearTheMind","Nirvana"],"picked":"Tantrum","floor":2.0},{"not_picked":["Crescendo","SignatureMove"],"picked":"CutThroughFate","floor":4.0},{"not_picked":["Evaluate","Halt"],"picked":"FollowUp","floor":5.0},{"not_picked":["FlurryOfBlows","MentalFortress"],"picked":"BattleHymn","floor":8.0},{"not_picked":["ForeignInfluence","Worship"],"picked":"Weave","floor":10.0},{"not_picked":["Indignation","Worship"],"picked":"Wallop","floor":12.0},{"not_picked":["Alpha","FlyingSleeves"],"picked":"Consecrate","floor":13.0},{"not_picked":["WheelKick","EmptyFist"],"picked":"Wireheading","floor":14.0},{"not_picked":["Establishment","Judgement"],"picked":"MasterReality","floor":16.0},{"not_picked":["ClearTheMind","Tantrum"],"picked":"Protect+1","floor":18.0},{"not_picked":["Vengeance","FollowUp"],"picked":"Wallop","floor":19.0},{"not_picked":["EmptyFist","Protect"],"picked":"WheelKick","floor":21.0},{"not_picked":["EmptyFist","Prostrate"],"picked":"SashWhip","floor":24.0}],"player_experience":59765,"relics_obtained":[{"floor":9.0,"key":"Tiny Chest"},{"floor":10.0,"key":"Damaru"},{"floor":12.0,"key":"Pen Nib"},{"floor":22.0,"key":"Juzu Bracelet"}],"event_choices":[{"damage_healed":0.0,"max_hp_gain":5.0,"max_hp_loss":0.0,"gold_gain":0.0,"event_name":"Big Fish","player_choice":"Donut","floor":3.0,"gold_loss":0.0,"damage_taken":0.0},{"damage_healed":0.0,"max_hp_gain":0.0,"max_hp_loss":7.0,"gold_gain":0.0,"event_name":"Golden Idol","player_choice":"Lose Max HP","floor":7.0,"gold_loss":0.0,"damage_taken":0.0,"relics_obtained":["Golden Idol"]},{"damage_healed":0.0,"max_hp_gain":0.0,"max_hp_loss":0.0,"gold_gain":50.0,"event_name":"Golden Shrine","player_choice":"Pray","floor":11.0,"gold_loss":0.0,"damage_taken":0.0},{"damage_healed":0.0,"max_hp_gain":0.0,"max_hp_loss":0.0,"gold_gain":0.0,"event_name":"Dead Adventurer","player_choice":"Searched \u00272\u0027 times","floor":14.0,"gold_loss":0.0,"damage_taken":0.0,"relics_obtained":["Letter Opener"]}],"is_beta":false,"boss_relics":[{"not_picked":["Runic Pyramid","Velvet Choker"],"picked":"Empty Cage"}],"items_purged_floors":[20],"is_endless":false,"potions_floor_spawned":[1,4,5,12,13,14,18],"killed_by":"Centurion and Healer","ascension_level":20}}