{"host":"d54lcqy5t45er8jx","time":1613820220,"event":{"mods":["2.2 Compatiblity","BaseMod","CapriCore","Colored Powertips","Defuse TimeMaze Blight","Friendly Minions","Hermit","Hubris","Infinite Spire","KinomotoSakuraMod(ÙÊñýÜâ?)","Marisa£¨Ùöéë¡¡Øª×âÞÞ£©","Minty Spire (QoL Compilation)","Quick Restart","Railgun Mod","Rare Cards Sparkle","Relic Stats","Remilia£¨?Ú·×é?£©","StSLib","The Alterego","The Animator","The Cursed","The Immortal","The Servant 0.9.4","WarShipGirlsR/??á´Ò³R mod","Yakumo Yukari mod","Yohane!","Yuri Mod"],"gold_per_floor":[114,132,132,143,68,68,86,105,174,174,189,189,189,202,202,202,202],"floor_reached":16,"language":"ENG","playtime":626,"items_purged":["Yohane:Defend_Grey"],"score":94,"play_id":"d8e70556-8688-41bc-be41-007ed7b3b9ca","local_time":"20210220202340","is_ascension_mode":false,"campfire_choices":[{"data":"Yohane:Shadow_Gate","floor":6,"key":"SMITH"},{"data":"Yohane:Schwarz_Sechs","floor":10,"key":"SMITH"},{"data":"Yohane:Little_Demon_Ruby","floor":12,"key":"SMITH"},{"data":"Yohane:Culinary_Genius","floor":15,"key":"SMITH"}],"circlet_count":0,"master_deck":["Yohane:Strike_Grey","Yohane:Strike_Grey","Yohane:Strike_Grey","Yohane:Defend_Grey","Yohane:Defend_Grey","Yohane:Little_Demon_Lily","Yohane:Well_Laid_Ambush","Yohane:Culinary_Genius+1","Yohane:Shadow_Gate+1","Yohane:Wrath","Yohane:Kowareyasuki","Yohane:Schwarz_Sechs+1","Yohane:Dark_Rest","Yohane:Little_Demon_Ruby+1","Yohane:Ice_Cream_Assault","Yohane:Little_Demon_Ruby"],"relics":["Yohane:AngelWings","infinitespire:FocusingShard","hubris:ToyBattleship"],"acts_visited":["Exordium"],"potions_floor_usage":[7],"damage_taken":[{"damage":2,"enemies":"Small Slimes","floor":1,"turns":4},{"damage":1,"enemies":"Cultist","floor":2,"turns":4},{"damage":4,"enemies":"2 Louse","floor":4,"turns":4},{"damage":0,"enemies":"Gremlin Gang","floor":7,"turns":1},{"damage":1,"enemies":"2 Fungi Beasts","floor":8,"turns":3},{"damage":4,"enemies":"Blue Slaver","floor":11,"turns":3},{"damage":12,"enemies":"Looter","floor":14,"turns":3},{"damage":19,"enemies":"Hexaghost","floor":16,"turns":12}],"seed_played":"174436720549143416","potions_obtained":[{"floor":2,"key":"Weak Potion"},{"floor":3,"key":"Dexterity Potion"},{"floor":3,"key":"LiquidMemories"},{"floor":14,"key":"PowerPotion"}],"is_trial":false,"path_per_floor":["M","M","?","M","$","R","M","M","T","R","M","R","?","M","R","B"],"character_chosen":"FallenAngel","items_purchased":[],"campfire_rested":0,"item_purchase_floors":[],"current_hp_per_floor":[43,43,43,40,40,40,40,41,41,41,37,37,25,15,15,0,0],"gold":202,"neow_bonus":"TRANSFORM_TWO_CARDS","is_daily":false,"chose_seed":false,"campfire_upgraded":4,"win_rate":0.0,"timestamp":1613820220,"path_taken":["M","M","?","M","?","R","?","M","T","R","M","R","?","M","R","BOSS"],"items_purchased_type":[],"build_version":"2020-12-22","purchased_purges":1,"victory":false,"max_hp_per_floor":[60,60,60,60,60,60,60,60,60,60,60,60,60,60,60,60,60],"relic_stats":{"counters":[8,34],"obtain_stats":[{"infinitespire:FocusingShard":9,"hubris:ToyBattleship":13,"Yohane:AngelWings":0},{"infinitespire:FocusingShard":5,"hubris:ToyBattleship":6,"Yohane:AngelWings":0},{"infinitespire:FocusingShard":16,"hubris:ToyBattleship":19,"Yohane:AngelWings":0}]},"card_choices":[{"not_picked":["Yohane:Perfection","Yohane:Livestream_Donation"],"picked":"Yohane:Wrath","floor":1},{"not_picked":["Yohane:Hakodate","Yohane:Lailapse"],"picked":"Yohane:Kowareyasuki","floor":2},{"not_picked":["Yohane:Energy_Change","Yohane:Backfoot"],"picked":"Yohane:Schwarz_Sechs","floor":4},{"not_picked":["Yohane:Wrath","Yohane:One_Two"],"picked":"Yohane:Dark_Rest","floor":7},{"not_picked":["Yohane:Cursed_Strike","Yohane:Wrath"],"picked":"Yohane:Little_Demon_Ruby","floor":8},{"not_picked":["Yohane:Envious","Yohane:Wrath"],"picked":"Yohane:Ice_Cream_Assault","floor":11},{"not_picked":["Yohane:Imagine_Breaker","Yohane:Wrath"],"picked":"Yohane:Little_Demon_Ruby","floor":14}],"player_experience":1007305,"relics_obtained":[{"floor":9,"key":"infinitespire:FocusingShard"}],"event_choices":[{"damage_healed":0,"gold_gain":0,"player_choice":"Got Potions","damage_taken":0,"max_hp_gain":0,"max_hp_loss":0,"event_name":"Lab","floor":3,"gold_loss":0},{"damage_healed":0,"gold_gain":0,"player_choice":"Success","damage_taken":12,"relics_obtained":["hubris:ToyBattleship"],"max_hp_gain":0,"max_hp_loss":0,"event_name":"Scrap Ooze","floor":13,"gold_loss":0}],"is_beta":false,"boss_relics":[],"items_purged_floors":[5],"is_endless":false,"potions_floor_spawned":[2,14],"killed_by":"Hexaghost","ascension_level":0}}