{"host":"zs3tguvuxkh90jf4","time":1613856566,"event":{"mods":["AchievementEnabler","BaseMod","Better Silent Start","Better-Laid Plans","BetterRewards","Block Reminder","Colored Map","Colored Powertips","Gold Saver","Minty Spire (QoL Compilation)","Shop Mod","StSLib","Transform Curses"],"gold_per_floor":[1876,767,782,802,802,837,853,894,894,859,859,859,859,859,859,952,952,965,96,96,121,134,173,197,197,248,272,293,65,65,98,98,192,192,205,221,221,19,19,63,84,84,110,134,158,191,191,191,191,191,191,191],"floor_reached":51,"language":"ENG","playtime":2323,"items_purged":["Defend_B","Regret"],"score":1934,"play_id":"1915a2dd-4399-44ba-9359-9ab04da6c6c1","local_time":"20210220132926","is_ascension_mode":true,"campfire_choices":[{"data":"Storm","floor":11,"key":"SMITH"},{"data":"White Noise","floor":13,"key":"SMITH"},{"floor":15,"key":"REST"},{"floor":25,"key":"REST"},{"floor":30,"key":"REST"},{"floor":32,"key":"REST"},{"floor":42,"key":"RECALL"},{"floor":47,"key":"REST"},{"floor":49,"key":"REST"}],"circlet_count":0,"master_deck":["AscendersBane","Strike_B","Strike_B","Strike_B","Strike_B","Defend_B+1","Defend_B","Defend_B+1","Zap","Dualcast","Storm+1","BootSequence","Ball Lightning","Core Surge","White Noise+1","Redo","Defragment","Streamline","Good Instincts","Doom and Gloom","Cold Snap","Coolheaded","Conserve Battery","Turbo","Rainbow","Barrage+1","Hologram","Consume","RitualDagger","Stack","Loop+1","Coolheaded+1","Apotheosis","Chill","Darkness+1","Electrodynamics","Aggregate","White Noise+1","Blizzard","Chaos+1","Stack"],"relics":["Cracked Core","CaptainsWheel","Sling","Oddly Smooth Stone","Orichalcum","MerchantsRug","Golden Idol","Pear","Calipers","Kunai","The Courier","War Paint","Inserter","Lantern","DataDisk","Bottled Lightning","TungstenRod","Gremlin Horn","Bag of Preparation","Thread and Needle","SacredBark","Strange Spoon","Spirit Poop","Pantograph","HornCleat"],"acts_visited":["Exordium","TheCity","TheBeyond"],"potions_floor_usage":[6,16,23,45,45,46],"damage_taken":[{"damage":0,"enemies":"Jaw Worm","floor":1,"turns":3},{"damage":0,"enemies":"Small Slimes","floor":3,"turns":2},{"damage":0,"enemies":"2 Louse","floor":4,"turns":3},{"damage":10,"enemies":"Gremlin Nob","floor":6,"turns":3},{"damage":1,"enemies":"Large Slime","floor":7,"turns":5},{"damage":4,"enemies":"3 Sentries","floor":8,"turns":5},{"damage":15,"enemies":"Slime Boss","floor":16,"turns":8},{"damage":15,"enemies":"3 Byrds","floor":18,"turns":4},{"damage":0,"enemies":"Spheric Guardian","floor":21,"turns":4},{"damage":6,"enemies":"Shelled Parasite and Fungi","floor":22,"turns":3},{"damage":16,"enemies":"Slavers","floor":23,"turns":2},{"damage":17,"enemies":"Snake Plant","floor":24,"turns":4},{"damage":8,"enemies":"Centurion and Healer","floor":27,"turns":8},{"damage":0,"enemies":"Sentry and Sphere","floor":28,"turns":4},{"damage":4,"enemies":"Book of Stabbing","floor":31,"turns":6},{"damage":15,"enemies":"Automaton","floor":33,"turns":9},{"damage":17,"enemies":"3 Darklings","floor":35,"turns":7},{"damage":0,"enemies":"3 Shapes","floor":36,"turns":3},{"damage":0,"enemies":"Nemesis","floor":40,"turns":5},{"damage":0,"enemies":"Sphere and 2 Shapes","floor":41,"turns":4},{"damage":0,"enemies":"Transient","floor":44,"turns":6},{"damage":33,"enemies":"Jaw Worm Horde","floor":45,"turns":4},{"damage":15,"enemies":"Giant Head","floor":46,"turns":7},{"damage":3,"enemies":"Donu and Deca","floor":50,"turns":9},{"damage":85,"enemies":"Awakened One","floor":51,"turns":6}],"seed_played":"2625444100269527519","potions_obtained":[{"floor":1,"key":"PotionOfCapacity"},{"floor":4,"key":"SkillPotion"},{"floor":7,"key":"LiquidBronze"},{"floor":18,"key":"PowerPotion"},{"floor":24,"key":"GamblersBrew"},{"floor":35,"key":"LiquidMemories"},{"floor":45,"key":"SneckoOil"}],"is_trial":false,"path_per_floor":["M","$","M","M","?","E","M","E","T","?","R","?","R","?","R","B",null,"M","$","?","M","M","E","M","R","T","M","M","$","R","E","R","B",null,"M","M","?","$","?","E","M","R","T","M","M","E","R","?","R","B","B"],"character_chosen":"DEFECT","items_purchased":["Storm","BootSequence","Ball Lightning","Core Surge","CaptainsWheel","Sling","Oddly Smooth Stone","Orichalcum","Redo","Defragment","Streamline","Good Instincts","MerchantsRug","Doom and Gloom","Lantern","Hologram","DataDisk","Consume","Bottled Lightning","TungstenRod","Apotheosis","Chill","Strange Spoon","Blizzard"],"campfire_rested":6,"item_purchase_floors":[0,0,0,0,0,2,2,2,2,2,2,2,2,2,19,19,19,19,19,19,29,29,38,38],"current_hp_per_floor":[50,50,50,50,50,50,49,45,45,65,65,65,65,54,78,63,77,62,62,57,57,51,35,18,42,42,34,34,34,58,54,78,63,77,60,60,60,60,60,60,60,60,60,60,27,12,36,36,60,78,0,0],"gold":191,"neow_bonus":"","is_daily":false,"chose_seed":false,"campfire_upgraded":2,"win_rate":0.0,"timestamp":1613856566,"path_taken":["M","$","M","M","?","E","M","E","T","?","R","?","R","?","R","BOSS","M","$","?","M","M","E","M","R","T","M","M","$","R","E","R","BOSS","M","M","?","?","?","E","M","R","T","?","M","E","R","?","R","BOSS","BOSS"],"items_purchased_type":["Card","Card","Card","Card","Relic","Relic","Relic","Relic","Card","Card","Card","Card","Relic","Card","Relic","Card","Relic","Card","Relic","Relic","Card","Card","Relic","Card"],"build_version":"2020-12-22","purchased_purges":2,"victory":false,"max_hp_per_floor":[71,71,71,71,71,81,81,81,81,81,81,81,81,81,81,81,81,81,81,81,81,81,81,81,81,81,81,81,81,81,81,81,81,81,81,81,81,81,81,81,81,81,81,81,81,81,81,81,81,81,81,81],"card_choices":[{"not_picked":["Hologram","Heatsinks"],"picked":"White Noise","floor":1},{"not_picked":["Consume","Coolheaded"],"picked":"Cold Snap","floor":3},{"not_picked":["Cold Snap","Force Field"],"picked":"Coolheaded","floor":4},{"not_picked":["Fusion","Barrage"],"picked":"Conserve Battery","floor":6},{"not_picked":["Coolheaded","Storm"],"picked":"Turbo","floor":7},{"not_picked":["Ball Lightning","Sweeping Beam","Conserve Battery"],"picked":"SKIP","floor":8},{"not_picked":["Fission","Core Surge"],"picked":"Rainbow","floor":16},{"not_picked":["Coolheaded","Go for the Eyes"],"picked":"Barrage+1","floor":18},{"not_picked":["Redo","Conserve Battery","Steam"],"picked":"SKIP","floor":21},{"not_picked":["Barrage","Leap"],"picked":"Stack","floor":22},{"not_picked":["Storm","Tempest"],"picked":"Loop+1","floor":23},{"not_picked":["Multi-Cast","Rebound","Beam Cell"],"picked":"SKIP","floor":24},{"not_picked":["Ball Lightning","Turbo"],"picked":"Coolheaded+1","floor":27},{"not_picked":["Conserve Battery","Cold Snap","Steam"],"picked":"SKIP","floor":28},{"not_picked":["Heatsinks","Redo"],"picked":"Darkness+1","floor":31},{"not_picked":["Creative AI","Multi-Cast"],"picked":"Electrodynamics","floor":33},{"not_picked":["Barrage","Coolheaded"],"picked":"Aggregate","floor":35},{"not_picked":["Force Field","Cold Snap","Go for the Eyes"],"picked":"SKIP","floor":36},{"not_picked":["Auto Shields","Rebound+1","Genetic Algorithm"],"picked":"SKIP","floor":40},{"not_picked":["Fusion","Recycle","Hologram"],"picked":"SKIP","floor":41},{"not_picked":["BootSequence+1","Recycle"],"picked":"Chaos+1","floor":44},{"not_picked":["Heatsinks","Rebound+1","Static Discharge"],"picked":"SKIP","floor":45},{"not_picked":["Electrodynamics","Compile Driver"],"picked":"Stack","floor":46}],"player_experience":603127,"relics_obtained":[{"floor":6,"key":"Pear"},{"floor":8,"key":"Calipers"},{"floor":9,"key":"Kunai"},{"floor":23,"key":"Gremlin Horn"},{"floor":26,"key":"Bag of Preparation"},{"floor":31,"key":"Thread and Needle"},{"floor":40,"key":"Pantograph"},{"floor":46,"key":"HornCleat"}],"event_choices":[{"damage_healed":0,"gold_gain":0,"player_choice":"Take Wound","damage_taken":0,"relics_obtained":["Golden Idol"],"max_hp_gain":0,"max_hp_loss":0,"event_name":"Golden Idol","floor":5,"gold_loss":0,"cards_obtained":["Injury"]},{"damage_healed":20,"gold_gain":0,"player_choice":"Healed","damage_taken":0,"max_hp_gain":0,"max_hp_loss":0,"event_name":"The Cleric","floor":10,"gold_loss":35},{"damage_healed":0,"gold_gain":0,"player_choice":"Box","damage_taken":0,"relics_obtained":["The Courier"],"max_hp_gain":0,"max_hp_loss":0,"event_name":"Big Fish","floor":12,"gold_loss":0,"cards_obtained":["Regret"]},{"damage_healed":0,"gold_gain":0,"player_choice":"Success","damage_taken":11,"relics_obtained":["War Paint"],"max_hp_gain":0,"max_hp_loss":0,"event_name":"Scrap Ooze","floor":14,"gold_loss":0},{"damage_healed":0,"gold_gain":0,"player_choice":"Joined the Cult","damage_taken":6,"max_hp_gain":0,"max_hp_loss":0,"event_name":"Nest","floor":20,"gold_loss":0,"cards_obtained":["RitualDagger"]},{"damage_healed":0,"gold_gain":0,"player_choice":"Copied","damage_taken":0,"max_hp_gain":0,"max_hp_loss":0,"event_name":"Duplicator","floor":37,"gold_loss":0,"cards_obtained":["White Noise"]},{"cards_removed":["Injury"],"damage_healed":0,"gold_gain":0,"player_choice":"Offered Curse","damage_taken":0,"relics_obtained":["Spirit Poop"],"max_hp_gain":0,"max_hp_loss":0,"event_name":"Bonfire Elementals","floor":39,"gold_loss":0},{"damage_healed":0,"gold_gain":0,"player_choice":"Ignored","damage_taken":0,"max_hp_gain":0,"max_hp_loss":0,"event_name":"SecretPortal","floor":48,"gold_loss":0}],"is_beta":false,"boss_relics":[{"not_picked":["Black Star","Pandora\u0027s Box"],"picked":"Inserter"},{"not_picked":["Sozu","Philosopher\u0027s Stone"],"picked":"SacredBark"}],"items_purged_floors":[2,19],"is_endless":false,"potions_floor_spawned":[1,4,7,18,24,35,45],"killed_by":"Awakened One","ascension_level":20}}