{"host":"stqnn5bzyihqkhze","time":1613794040,"event":{"mods":["BaseMod","Better Third Choice","Downfall","Minty Spire (QoL Compilation)","Replay The Spire","Shade Mod","Spicy Shops","StSLib","The Disciple","The Necromancer","The Runesmith","The Senshi","The Servant 0.9.4"],"gold_per_floor":[117,42,42,54,73,73,98,114,114,114,114,144,87,87,87,169,169,272,272,289,305,305,305,319,319,352,352,352,377,377,392,410,422,422,524,524,540,540,540,550,563,597,15,45,45,77,77,77,77,107,127,137,137,137],"floor_reached":55,"language":"ENG","playtime":4382,"items_purged":["Defend_R"],"score":1251,"play_id":"f820ef7b-c9bf-4e01-bae2-f3bfbcb1fa83","local_time":"20210219220720","is_ascension_mode":true,"campfire_choices":[{"data":"Rampage","floor":6,"key":"SMITH"},{"floor":11,"key":"REST"},{"floor":17,"key":"REST"},{"floor":25,"key":"REST"},{"floor":30,"key":"REST"},{"data":"Eclipse","floor":34,"key":"SMITH"},{"floor":49,"key":"REST"},{"data":"Juggernaut","floor":53,"key":"SMITH"}],"circlet_count":0,"master_deck":["Strike_R","Strike_R","Strike_R","Strike_R","Strike_R","Defend_R","Defend_R","Defend_R","Bash","Rampage+1","Replay:Undeath\u0027s Touch+1","Replay:Undeath\u0027s Touch+1","downfall:Haunted","downfall:Haunted","SwitchConfidence","Eclipse+1","Juggernaut+1","Parasite","Juggernaut","Shame","Fire Breathing","Fire Breathing+1","Dramatic Entrance","Searing Blow+1","Havoc+1","Rage+1","Infernal Blade+1","Body Slam","ReplayTheSpireMod:Splinters","Defy Death","Replay:Undeath\u0027s Touch+1","Metallicize+1"],"relics":["Velvet Choker","Self Forming Clay","Matryoshka","Du-Vu Doll","ReplayTheSpireMod:Shallot","Blue Doll","Bottled Lightning","Singing Bowl","Philosopher\u0027s Stone","Anchor","MutagenicStrength","Question Card","Replay:Wax Seal","Regal Pillow","Smiling Mask","Akabeko","Honey Jar","Oddly Smooth Stone","Lee\u0027s Waffle","PreservedInsect","Replay:Bottled Eggs","ReplayTheSpireMod:TigerMarble","theSenshi:FeatherClipsRelic","Pear","BranchBurnRelic"],"acts_visited":["Exordium","TheCity","TheBeyond"],"potions_floor_usage":[7,7,12,18,21,24,26,26,29,35,35,41,42,42,54,54],"damage_taken":[{"damage":6,"enemies":"2 Louse","floor":1,"turns":2},{"damage":6,"enemies":"Cultist","floor":4,"turns":3},{"damage":2,"enemies":"Small Slimes","floor":5,"turns":3},{"damage":22,"enemies":"Gremlin Nob","floor":7,"turns":4},{"damage":3,"enemies":"Blue Slaver","floor":8,"turns":2},{"damage":17,"enemies":"Lagavulin","floor":12,"turns":4},{"damage":24,"enemies":"Slime Boss","floor":18,"turns":7},{"damage":0,"enemies":"Chosen","floor":20,"turns":3},{"damage":20,"enemies":"Shell Parasite","floor":21,"turns":3},{"damage":26,"enemies":"Snake Plant","floor":24,"turns":3},{"damage":10,"enemies":"Slavers","floor":26,"turns":2},{"damage":18,"enemies":"Replay:Snechameleon","floor":29,"turns":4},{"damage":1,"enemies":"Sentry and Sphere","floor":31,"turns":3},{"damage":0,"enemies":"Cultist and Chosen","floor":32,"turns":3},{"damage":0,"enemies":"Snecko","floor":33,"turns":2},{"damage":98,"enemies":"Pondfish","floor":35,"turns":9},{"damage":19,"enemies":"3 Shapes","floor":37,"turns":2},{"damage":18,"enemies":"3 Darklings","floor":40,"turns":4},{"damage":19,"enemies":"Writhing Mass","floor":41,"turns":3},{"damage":37,"enemies":"Giant Head","floor":42,"turns":6},{"damage":12,"enemies":"R_Hoarder","floor":44,"turns":3},{"damage":19,"enemies":"Nemesis","floor":46,"turns":3},{"damage":10,"enemies":"4 Shapes","floor":51,"turns":2},{"damage":9,"enemies":"Transient","floor":52,"turns":5},{"damage":73,"enemies":"Awakened One","floor":54,"turns":8}],"seed_played":"-4497755672622850639","potions_obtained":[{"floor":3,"key":"EntropicBrew"},{"floor":3,"key":"ElixirPotion"},{"floor":3,"key":"DuplicationPotion"},{"floor":8,"key":"PowerPotion"},{"floor":12,"key":"Weak Potion"},{"floor":20,"key":"hexamod:SoulburnPotion"},{"floor":21,"key":"ElixirPotion"},{"floor":32,"key":"Fire Potion"},{"floor":33,"key":"FearPotion"},{"floor":37,"key":"LiquidBronze"},{"floor":40,"key":"Reflective Coating"},{"floor":42,"key":"sneckomod:MuddlingPotion"},{"floor":46,"key":"GamblersBrew"}],"is_trial":false,"path_per_floor":["M","$","?","M","M","R","E","M","T","?","R","E","$","PTL","PTL","T","R","B",null,"M","M","?","?","M","R","E","?","T","E","R","M","M","M","R","B",null,"M","?","?","M","M","E","$","E","T","E","PTL","PTL","R","?","M","M","R","B",null],"character_chosen":"IRONCLAD","items_purchased":["Blue Doll","Lee\u0027s Waffle","Flashbang","PreservedInsect","Replay:Bottled Eggs"],"campfire_rested":5,"item_purchase_floors":[13,43,43,43,43],"current_hp_per_floor":[74,74,74,68,66,66,44,41,41,41,65,48,48,48,48,48,72,48,80,82,64,64,64,38,63,55,55,55,56,88,89,91,93,93,15,96,77,77,77,61,42,5,105,93,93,92,92,92,117,119,115,112,112,60],"gold":137,"neow_bonus":"BOSS_RELIC","is_daily":false,"chose_seed":false,"campfire_upgraded":3,"win_rate":0.0,"timestamp":1613794040,"path_taken":["M","$","?","?","M","R","E","M","T","?","R","E","$","PTL","PTL","?","R","BOSS","M","?","?","?","?","R","E","?","T","E","R","M","M","?","R","BOSS","M","?","?","?","M","E","$","E","T","E","PTL","PTL","R","?","M","M","R","BOSS"],"items_purchased_type":["Relic","Relic","Potion","Relic","Relic"],"build_version":"2020-12-22","purchased_purges":1,"victory":true,"max_hp_per_floor":[80,80,80,80,80,80,80,80,80,80,80,80,80,80,80,80,80,80,80,82,84,84,84,84,84,86,86,86,88,88,90,92,94,94,96,96,96,96,96,98,98,98,105,105,105,117,117,117,117,119,119,119,119,119],"card_choices":[{"not_picked":["Shrug It Off","Clash"],"picked":"Rampage","floor":1},{"not_picked":["Flex","Disarm","Sentinel"],"picked":"SKIP","floor":4},{"not_picked":["Power Through","Headbutt"],"picked":"Replay:Undeath\u0027s Touch","floor":5},{"not_picked":["Twin Strike","Immolate"],"picked":"Replay:Undeath\u0027s Touch","floor":7},{"not_picked":["Metallicize","Dual Wield","Evolve"],"picked":"SKIP","floor":8},{"not_picked":["Disarm","Uppercut"],"picked":"Juggernaut","floor":12},{"not_picked":["Double Tap","Berserk"],"picked":"Juggernaut","floor":18},{"not_picked":["Entrench","ReplayTheSpireMod:Strike From Hell","Pommel Strike"],"picked":"Singing Bowl","floor":20},{"not_picked":["Pommel Strike","Blood for Blood","Cleave+1"],"picked":"Singing Bowl","floor":21},{"not_picked":["Hemokinesis+1","Dual Wield"],"picked":"Fire Breathing","floor":24},{"not_picked":["True Grit+1","Double Tap","Warcry"],"picked":"Singing Bowl","floor":26},{"not_picked":["Clothesline","Twin Strike+1","Disarm","Body Slam"],"picked":"Singing Bowl","floor":29},{"not_picked":["Body Slam","Anger+1","Dark Embrace","Perfected Strike+1"],"picked":"Singing Bowl","floor":31},{"not_picked":["Clash","ReplayTheSpireMod:Strike From Hell","Exhume","Dual Wield"],"picked":"Singing Bowl","floor":32},{"not_picked":["Shockwave","Headbutt","Dual Wield+1","Feel No Pain"],"picked":"Singing Bowl","floor":33},{"not_picked":["Double Tap","Hemogenesis","Offering","Corruption"],"picked":"Singing Bowl","floor":35},{"not_picked":["Second Wind","Replay:Undeath\u0027s Touch","ReplayTheSpireMod:Corrosion Curse","Sword Boomerang"],"picked":"Fire Breathing+1","floor":37},{"not_picked":["Panacea","Good Instincts","Magnetism","Survey Options"],"picked":"Dramatic Entrance","floor":39},{"not_picked":["Heavy Blade+1","Searing Blow+1","Flex","Evolve","Run Through"],"picked":"Singing Bowl","floor":40},{"not_picked":["Entrench+1","Wild Strike","Warcry+1","Run Through"],"picked":"Havoc+1","floor":41},{"not_picked":["ReplayTheSpireMod:Strike From Hell+1","Anger+1","Rupture","Havoc"],"picked":"Rage+1","floor":42},{"not_picked":["Massacre+1","Second Wind","True Grit+1","Shrug It Off"],"picked":"Infernal Blade+1","floor":44},{"not_picked":["ReplayTheSpireMod:Corrosion Curse","Dropkick+1","Havoc","Body Slam","Twin Strike+1"],"picked":"Singing Bowl","floor":46},{"not_picked":["Flex","Run Through","Warcry","Defy Death","ReplayReversal"],"picked":"Singing Bowl","floor":50},{"not_picked":["Offering","Anger+1","Perfected Strike+1","Pommel Strike"],"picked":"Replay:Undeath\u0027s Touch+1","floor":51},{"not_picked":["Thunderclap+1","Warcry+1","Perfected Strike+1","Burning Pact"],"picked":"Metallicize+1","floor":52}],"player_experience":658987,"relics_obtained":[{"floor":7,"key":"Self Forming Clay"},{"floor":9,"key":"Matryoshka"},{"floor":12,"key":"ReplayTheSpireMod:Shallot"},{"floor":16,"key":"Bottled Lightning"},{"floor":16,"key":"Singing Bowl"},{"floor":26,"key":"Question Card"},{"floor":28,"key":"Regal Pillow"},{"floor":28,"key":"Smiling Mask"},{"floor":29,"key":"Akabeko"},{"floor":42,"key":"Oddly Smooth Stone"},{"floor":44,"key":"ReplayTheSpireMod:TigerMarble"},{"floor":45,"key":"theSenshi:FeatherClipsRelic"},{"floor":46,"key":"Pear"},{"floor":50,"key":"Dead Branch"}],"event_choices":[{"damage_healed":0,"gold_gain":0,"player_choice":"Got Potions","damage_taken":0,"max_hp_gain":0,"max_hp_loss":0,"event_name":"Lab","floor":3,"gold_loss":0},{"damage_healed":0,"gold_gain":0,"player_choice":"Stole Relic","damage_taken":0,"relics_obtained":["Anchor"],"max_hp_gain":0,"max_hp_loss":0,"event_name":"Addict","floor":22,"gold_loss":0,"cards_obtained":["Shame"]},{"damage_healed":0,"gold_gain":0,"player_choice":"Inject Mutagens","damage_taken":0,"relics_obtained":["MutagenicStrength"],"max_hp_gain":0,"max_hp_loss":0,"event_name":"Drug Dealer","floor":23,"gold_loss":0},{"damage_healed":0,"gold_gain":0,"player_choice":"Ignored","damage_taken":0,"max_hp_gain":0,"max_hp_loss":0,"event_name":"Tomb of Lord Red Mask","floor":38,"gold_loss":0},{"damage_healed":0,"gold_gain":0,"player_choice":"Random: Blue","damage_taken":0,"max_hp_gain":0,"max_hp_loss":0,"event_name":"betterThird:BetterPortal","floor":39,"gold_loss":0},{"damage_healed":0,"gold_gain":0,"player_choice":"Memory 1","damage_taken":0,"max_hp_gain":0,"max_hp_loss":0,"event_name":"SensoryStone","floor":39,"gold_loss":0}],"is_beta":false,"boss_relics":[{"not_picked":["Sozu","SacredBark"],"picked":"Philosopher\u0027s Stone"},{"not_picked":["Replay:Grab Bag","Calling Bell"],"picked":"Honey Jar"}],"items_purged_floors":[2],"is_endless":false,"potions_floor_spawned":[8,12,20,21,32,33,37,40,42,46],"ascension_level":2}}