{"host":"Charlie","time":1613807507,"event":{"mods":["100% Spire Juice","Act Like it!","Aspiration","BaseMod","Better Match","Better Skull","Better Third Choice","BetterRewards","ChefMod","Colored Map","Colored Powertips","Conspire","Curses Come First","Dota2Spire","Downfall","Ekko","Evolution","Fox Events","Friendly Minions","Halation","Hermit","Hubris","Infinite Spire","Luminous","Melee Mod","Minty Spire (QoL Compilation)","Quick Restart","Rare Cards Sparkle","Relic Stats","Reliquary","Robot Space Explorer","Ruina","Shade Mod","Spicy Shops","Spire Arcade","StSLib","SuperFastMode","Synergy Search","The Animator","The Blue Laboratory","The Caster","The Cursed","The Dragon Tamer","The Gatherer","The Jungle","The Marked","The Necromancer","Unceasing Turn Reminder"],"gold_per_floor":[113,113,126,126,12,12,37,65,142,176,187,215,229,240,240,337,414,428,428,447,458,468,497,497,497,497],"floor_reached":25,"language":"ENG","playtime":1541,"items_purged":[],"score":243,"play_id":"45d5b213-fb9a-4ea9-be8b-3004f6c02b9e","local_time":"20210219235147","is_ascension_mode":false,"campfire_choices":[{"data":"LikeWater","floor":6,"key":"SMITH"},{"data":"Vault","floor":15,"key":"SMITH"},{"data":"Omniscience","floor":24,"key":"SMITH"}],"circlet_count":0,"master_deck":["Strike_P","Strike_P","Strike_P","Strike_P","Defend_P","Defend_P","Defend_P","Defend_P","Eruption","Vigilance","EmptyBody","Conclude","SandsOfTime","LikeWater+1","Vault+1","Judgement","FearNoEvil","InnerPeace","LikeWater","Omniscience+1","Ragnarok"],"relics":["PureWater","EVO:Axolotl","CultistMask","hubris:Towel","reliquary:Boomerang","foxEvents:LuckyCharm","Pantograph","Pantograph","Bag of Marbles","Blood Vial","Dota2Spire:RefresherOrb","Matryoshka"],"acts_visited":["Exordium","Exordium"],"potions_floor_usage":[7,16,16,18,21,23],"damage_taken":[{"damage":0,"enemies":"Small Slimes","floor":1,"turns":2},{"damage":0,"enemies":"Cultist","floor":3,"turns":2},{"damage":2,"enemies":"Colosseum Slavers","floor":7,"turns":5},{"damage":8,"enemies":"Lagavulin","floor":8,"turns":8},{"damage":14,"enemies":"Gremlin Nob","floor":10,"turns":3},{"damage":0,"enemies":"Jaw Worm","floor":11,"turns":2},{"damage":16,"enemies":"Lagavulin","floor":12,"turns":6},{"damage":0,"enemies":"Large Slime","floor":13,"turns":4},{"damage":0,"enemies":"Looter","floor":14,"turns":3},{"damage":14,"enemies":"Hexaghost","floor":16,"turns":13},{"damage":5,"enemies":"ruina:BadWolf","floor":18,"turns":7},{"damage":6,"enemies":"ruina:Nosferatu","floor":20,"turns":3},{"damage":16,"enemies":"ruina:3_Scarecrows","floor":21,"turns":5},{"damage":32,"enemies":"ruina:KingOfGreed","floor":22,"turns":5},{"damage":5,"enemies":"ruina:RoadHome","floor":23,"turns":4},{"damage":19,"enemies":"ruina:Mountain","floor":25,"turns":3}],"seed_played":"3333241576597388744","potions_obtained":[{"floor":1,"key":"sneckomod:MuddlingPotion"},{"floor":7,"key":"blueLaboratory:EpiphanyPotion"},{"floor":10,"key":"blueLaboratory:HorrorPotion"},{"floor":12,"key":"blueLaboratory:BubblePotion"},{"floor":13,"key":"Guardian:BlockOnCardUsePotion"},{"floor":16,"key":"champ:CounterPotion"},{"floor":20,"key":"blueLaboratory:BubblePotion"}],"is_trial":false,"path_per_floor":["M","?","M","?","$","R","?","E","T","E","M","E","M","M","R","B",null,"M","?","M","M","M","E","R","E"],"character_chosen":"WATCHER","items_purchased":["reliquary:Boomerang","LikeWater"],"campfire_rested":0,"item_purchase_floors":[5,5],"current_hp_per_floor":[72,72,72,72,72,72,70,62,62,48,48,32,34,36,36,58,72,67,67,63,49,19,16,16,0,0],"gold":497,"neow_bonus":"THREE_CARDS","is_daily":false,"chose_seed":false,"campfire_upgraded":3,"win_rate":0.0,"timestamp":1613807507,"path_taken":["M","?","?","?","?","R","?","E","T","E","M","E","M","M","R","BOSS","M","?","M","M","M","E","R","E"],"items_purchased_type":["Relic","Card"],"build_version":"2020-12-18","purchased_purges":0,"victory":false,"max_hp_per_floor":[72,72,72,72,72,72,72,72,72,72,72,72,72,72,72,72,72,72,72,72,72,72,72,72,72,72],"relic_stats":{"Blood Vial":16,"counters":[16,75],"Pantograph":34,"obtain_stats":[{"reliquary:Boomerang":5,"Dota2Spire:RefresherOrb":17,"EVO:Axolotl":0,"hubris:Towel":4,"Blood Vial":12,"Frozen Eye":21,"Matryoshka":23,"Pantograph":8,"CultistMask":2,"reliquary:SculptingSteel":9,"foxEvents:LuckyCharm":7,"Bag of Marbles":10,"PureWater":0},{"reliquary:Boomerang":2,"Dota2Spire:RefresherOrb":10,"EVO:Axolotl":0,"hubris:Towel":2,"Blood Vial":7,"Frozen Eye":12,"Matryoshka":15,"Pantograph":4,"CultistMask":1,"reliquary:SculptingSteel":4,"foxEvents:LuckyCharm":3,"Bag of Marbles":5,"PureWater":0},{"reliquary:Boomerang":4,"Dota2Spire:RefresherOrb":48,"EVO:Axolotl":0,"hubris:Towel":4,"Blood Vial":28,"Frozen Eye":58,"Matryoshka":72,"Pantograph":17,"CultistMask":2,"reliquary:SculptingSteel":17,"foxEvents:LuckyCharm":9,"Bag of Marbles":20,"PureWater":0}]},"card_choices":[{"not_picked":["JustLucky","Protect"],"picked":"EmptyBody","floor":0},{"not_picked":["Consecrate","SashWhip"],"picked":"Conclude","floor":1},{"not_picked":["DeceiveReality","Sanctity"],"picked":"SandsOfTime","floor":3},{"not_picked":["Halt","CutThroughFate"],"picked":"Vault","floor":8},{"not_picked":["CutThroughFate","SandsOfTime"],"picked":"Judgement","floor":10},{"not_picked":["Protect","Halt"],"picked":"FearNoEvil","floor":11},{"not_picked":["Fasting2","Consecrate","EmptyBody"],"picked":"SKIP","floor":12},{"not_picked":["EmptyBody","ClearTheMind"],"picked":"InnerPeace","floor":13},{"not_picked":["Consecrate","Crescendo"],"picked":"LikeWater","floor":14},{"not_picked":["Establishment","Scrawl"],"picked":"Omniscience","floor":16},{"not_picked":["ClearTheMind","Crescendo","Halt"],"picked":"SKIP","floor":18},{"not_picked":["FlyingSleeves+1","BowlingBash+1","Protect"],"picked":"SKIP","floor":20},{"not_picked":["FollowUp","BowlingBash"],"picked":"Ragnarok","floor":21},{"not_picked":["Nirvana","EmptyFist+1","EmptyBody"],"picked":"SKIP","floor":22},{"not_picked":["BowlingBash+1","ClearTheMind","CutThroughFate+1"],"picked":"SKIP","floor":23}],"player_experience":500004,"relics_obtained":[{"floor":7,"key":"foxEvents:LuckyCharm"},{"floor":8,"key":"Pantograph"},{"floor":9,"key":"reliquary:SculptingSteel"},{"floor":10,"key":"Bag of Marbles"},{"floor":12,"key":"Blood Vial"},{"floor":23,"key":"Matryoshka"}],"event_choices":[{"damage_healed":0,"gold_gain":0,"player_choice":"Trade","damage_taken":0,"relics_obtained":["CultistMask"],"max_hp_gain":0,"max_hp_loss":0,"event_name":"FaceTrader","floor":2,"gold_loss":0},{"damage_healed":0,"gold_gain":0,"player_choice":"Leave","damage_taken":0,"max_hp_gain":0,"max_hp_loss":0,"event_name":"conspire:Investor","floor":19,"gold_loss":0}],"is_beta":true,"boss_relics":[{"not_picked":["infinitespire:Cupcake","reliquary:Ember"],"picked":"Dota2Spire:RefresherOrb"}],"items_purged_floors":[],"is_endless":false,"potions_floor_spawned":[1,7,10,12,13,16,20],"killed_by":"ruina:Mountain","ascension_level":0}}