{"host":"sct5htsgcw1q318k","time":1613861089,"event":{"mods":["BaseMod","Colored Map","Minty Spire (QoL Compilation)","Permanent Neow"],"gold_per_floor":[212,212,3,14,27,61,61,75,75,75,75,89,117,130,130,206,206,222,232,232,232],"floor_reached":20,"language":"ENG","playtime":1416,"items_purged":[],"score":326,"play_id":"7380311a-c9bb-44b4-8357-5d8fe734d5f4","local_time":"20210220164449","is_ascension_mode":true,"campfire_choices":[{"data":"Dagger Spray","floor":7.0,"key":"SMITH"},{"data":"Predator","floor":10.0,"key":"SMITH"},{"data":"Distraction","floor":15,"key":"SMITH"}],"circlet_count":0,"master_deck":["AscendersBane","Strike_G","Strike_G","Strike_G+1","Strike_G","Strike_G+1","Defend_G","Defend_G","Defend_G","Defend_G","Defend_G","Survivor","Neutralize","Deadly Poison+1","Predator+1","Dagger Spray+1","Deflect","Distraction+1","PiercingWail","Malaise","Footwork"],"relics":["Ring of the Snake","PreservedInsect","Letter Opener","StrikeDummy","Eternal Feather","Coffee Dripper"],"acts_visited":["Exordium","TheCity"],"potions_floor_usage":[16],"damage_taken":[{"damage":0.0,"enemies":"2 Louse","floor":1.0,"turns":3.0},{"damage":1.0,"enemies":"Cultist","floor":4.0,"turns":4.0},{"damage":0.0,"enemies":"Small Slimes","floor":5.0,"turns":2.0},{"damage":14.0,"enemies":"3 Sentries","floor":6.0,"turns":6.0},{"damage":7.0,"enemies":"3 Louse","floor":8.0,"turns":3.0},{"damage":0.0,"enemies":"2 Fungi Beasts","floor":12.0,"turns":2.0},{"damage":5.0,"enemies":"Gremlin Nob","floor":13.0,"turns":3.0},{"damage":0.0,"enemies":"Exordium Thugs","floor":14.0,"turns":3.0},{"damage":18,"enemies":"The Guardian","floor":16,"turns":9},{"damage":10,"enemies":"3 Byrds","floor":18,"turns":4},{"damage":23,"enemies":"2 Thieves","floor":19,"turns":3},{"damage":17,"enemies":"Centurion and Healer","floor":20,"turns":2}],"seed_played":"-2094678165297826082","potions_obtained":[{"floor":4.0,"key":"AttackPotion"},{"floor":5.0,"key":"CultistPotion"},{"floor":13.0,"key":"Poison Potion"},{"floor":16,"key":"Explosive Potion"}],"is_trial":false,"path_per_floor":["M","?","$","M","M","E","R","M","T","R","?","M","E","M","R","B",null,"M","M","M"],"character_chosen":"THE_SILENT","items_purchased":["PreservedInsect","PowerPotion"],"campfire_rested":0,"item_purchase_floors":[3,3],"current_hp_per_floor":[59,39,39,38,38,24,24,17,17,17,17,17,12,12,21,3,50,40,17,0,0],"gold":232,"neow_bonus":"HUNDRED_GOLD","is_daily":false,"chose_seed":false,"campfire_upgraded":3,"win_rate":0.0,"timestamp":1613861089,"path_taken":["M","?","$","M","M","E","R","M","T","R","?","M","E","?","R","BOSS","M","M","?"],"items_purchased_type":["Relic","Potion"],"build_version":"2020-12-22","purchased_purges":0,"victory":false,"max_hp_per_floor":[66,66,66,66,66,66,66,66,66,66,66,66,66,66,66,66,66,66,66,66,66],"card_choices":[{"not_picked":["All Out Attack","Backflip"],"picked":"Deadly Poison","floor":1.0},{"not_picked":["Poisoned Stab","Dagger Spray"],"picked":"Predator","floor":4.0},{"not_picked":["Deflect","Underhanded Strike","Sucker Punch"],"picked":"SKIP","floor":5.0},{"not_picked":["Predator","Setup"],"picked":"Dagger Spray","floor":6.0},{"not_picked":["Concentrate","Skewer"],"picked":"Deflect","floor":8.0},{"not_picked":["PiercingWail","Slice"],"picked":"Distraction","floor":12.0},{"not_picked":["Reflex","Malaise"],"picked":"PiercingWail","floor":13.0},{"not_picked":["Sucker Punch","Prepared","Acrobatics"],"picked":"SKIP","floor":14},{"not_picked":["Unload","Doppelganger"],"picked":"Malaise","floor":16},{"not_picked":["Well Laid Plans+1","Slice"],"picked":"Footwork","floor":18},{"not_picked":["Concentrate","Blade Dance","Quick Slash"],"picked":"SKIP","floor":19}],"player_experience":865734,"relics_obtained":[{"floor":6.0,"key":"Letter Opener"},{"floor":9.0,"key":"StrikeDummy"},{"floor":13.0,"key":"Eternal Feather"}],"event_choices":[{"damage_healed":0.0,"max_hp_gain":0.0,"max_hp_loss":0.0,"gold_gain":0.0,"event_name":"Shining Light","player_choice":"Entered Light","floor":2.0,"gold_loss":0.0,"damage_taken":20.0,"cards_upgraded":["Strike_G","Strike_G"]},{"damage_healed":0.0,"max_hp_gain":0.0,"max_hp_loss":0.0,"gold_gain":0.0,"event_name":"Upgrade Shrine","player_choice":"Upgraded","floor":11.0,"gold_loss":0.0,"damage_taken":0.0,"cards_upgraded":["Deadly Poison"]}],"is_beta":false,"boss_relics":[{"not_picked":["Busted Crown","Ring of the Serpent"],"picked":"Coffee Dripper"}],"items_purged_floors":[],"is_endless":false,"potions_floor_spawned":[4,5,13,16],"killed_by":"Centurion and Healer","ascension_level":15}}