{"host":"2l5k2wp87eek7qja","time":1613781620,"event":{"mods":["BaseMod","Colored Map","Minty Spire (QoL Compilation)","Relic Stats"],"gold_per_floor":[116,191,20,20,20,20,46,46,97,110,134,155,155,186,186,186,186],"floor_reached":16,"language":"ENG","playtime":323,"items_purged":[],"score":266,"play_id":"fce9b25e-086a-49a8-864b-2c660ca0307b","local_time":"20210220024020","is_ascension_mode":true,"campfire_choices":[{"data":"Skewer","floor":6,"key":"SMITH"},{"data":"Caltrops","floor":15,"key":"SMITH"}],"circlet_count":0,"master_deck":["AscendersBane","Strike_G","Strike_G","Strike_G","Strike_G","Strike_G","Defend_G","Defend_G","Defend_G","Defend_G","Defend_G","Survivor","Neutralize+1","Skewer+1","Pain","Accuracy+1","Poisoned Stab","Caltrops+1","Footwork"],"relics":["Ring of the Snake","NeowsBlessing","Juzu Bracelet","WarpedTongs","TungstenRod","Golden Idol","Tiny Chest","Matryoshka"],"acts_visited":["Exordium"],"potions_floor_usage":[14,14],"damage_taken":[{"damage":0,"enemies":"Small Slimes","floor":1,"turns":1},{"damage":1,"enemies":"Gremlin Nob","floor":7,"turns":1},{"damage":0,"enemies":"2 Louse","floor":10,"turns":1},{"damage":0,"enemies":"Cultist","floor":11,"turns":2},{"damage":18,"enemies":"Large Slime","floor":12,"turns":5},{"damage":5,"enemies":"3 Sentries","floor":14,"turns":7},{"damage":11,"enemies":"Hexaghost","floor":16,"turns":9}],"seed_played":"1700086914539909239","potions_obtained":[{"floor":10,"key":"EssenceOfSteel"},{"floor":11,"key":"Strength Potion"}],"is_trial":false,"path_per_floor":["M","?","$","?","?","R","E","?","T","M","M","M","?","E","R","B"],"character_chosen":"THE_SILENT","items_purchased":["Juzu Bracelet"],"campfire_rested":0,"item_purchase_floors":[3],"current_hp_per_floor":[59,48,48,48,53,53,52,52,52,52,52,34,16,11,11,0,0],"gold":186,"neow_bonus":"THREE_ENEMY_KILL","is_daily":false,"chose_seed":false,"campfire_upgraded":2,"win_rate":0.0,"timestamp":1613781620,"path_taken":["M","?","$","?","?","R","E","?","T","M","M","M","?","E","R","BOSS"],"items_purchased_type":["Relic"],"build_version":"2020-12-22","purchased_purges":0,"victory":false,"max_hp_per_floor":[66,66,66,66,71,71,71,64,64,64,64,64,64,64,64,64,64],"relic_stats":{"counters":[7,26],"Golden Idol":18,"Tiny Chest":0,"Juzu Bracelet":1,"obtain_stats":[{"Matryoshka":14,"NeowsBlessing":0,"Golden Idol":8,"Tiny Chest":9,"Juzu Bracelet":3,"TungstenRod":7,"Ring of the Snake":0,"WarpedTongs":4},{"Matryoshka":6,"NeowsBlessing":0,"Golden Idol":2,"Tiny Chest":2,"Juzu Bracelet":1,"TungstenRod":2,"Ring of the Snake":0,"WarpedTongs":1},{"Matryoshka":17,"NeowsBlessing":0,"Golden Idol":2,"Tiny Chest":2,"Juzu Bracelet":1,"TungstenRod":2,"Ring of the Snake":0,"WarpedTongs":1}],"TungstenRod":24,"Ring of the Snake":[14],"WarpedTongs":[25]},"card_choices":[{"not_picked":["Slice","Deadly Poison"],"picked":"Skewer","floor":1},{"not_picked":["Dodge and Roll","Bullet Time","Slice"],"picked":"SKIP","floor":7},{"not_picked":["Poisoned Stab","Deflect"],"picked":"Accuracy","floor":10},{"not_picked":["Escape Plan","Tactician"],"picked":"Poisoned Stab","floor":11},{"not_picked":["PiercingWail","Dodge and Roll"],"picked":"Caltrops","floor":12},{"not_picked":["Dagger Spray","Finisher"],"picked":"Footwork","floor":14}],"player_experience":825791,"relics_obtained":[{"floor":7,"key":"TungstenRod"},{"floor":9,"key":"Tiny Chest"},{"floor":14,"key":"Matryoshka"}],"event_choices":[{"damage_healed":0,"gold_gain":75,"player_choice":"Gather Gold","damage_taken":11,"max_hp_gain":0,"max_hp_loss":0,"event_name":"World of Goop","floor":2,"gold_loss":0},{"damage_healed":0,"gold_gain":0,"player_choice":"Rummage","damage_taken":0,"relics_obtained":["WarpedTongs"],"max_hp_gain":0,"max_hp_loss":0,"event_name":"Accursed Blacksmith","floor":4,"gold_loss":0,"cards_obtained":["Pain"]},{"damage_healed":0,"gold_gain":0,"player_choice":"Donut","damage_taken":0,"max_hp_gain":5,"max_hp_loss":0,"event_name":"Big Fish","floor":5,"gold_loss":0},{"damage_healed":0,"gold_gain":0,"player_choice":"Lose Max HP","damage_taken":0,"relics_obtained":["Golden Idol"],"max_hp_gain":0,"max_hp_loss":7,"event_name":"Golden Idol","floor":8,"gold_loss":0},{"damage_healed":0,"gold_gain":0,"player_choice":"Entered Light","damage_taken":19,"max_hp_gain":0,"max_hp_loss":0,"event_name":"Shining Light","floor":13,"gold_loss":0,"cards_upgraded":["Neutralize","Accuracy"]}],"is_beta":false,"boss_relics":[],"items_purged_floors":[],"is_endless":false,"potions_floor_spawned":[10,11,12],"killed_by":"Hexaghost","ascension_level":20}}