{"host":"jpzdg3po3tjxdjri","time":1613860338,"event":{"mods":["BaseMod","Better Third Choice","Colored Map","Colored Powertips","Minty Spire (QoL Compilation)","StSLib"],"gold_per_floor":[114,114,64,239,18,18,52,52,79,79,123,141,26,69,69,69,69],"floor_reached":16,"language":"ENG","playtime":421,"items_purged":["Doubt"],"score":120,"play_id":"5e3ee0a2-c38b-4853-bb08-4f21ab4843fd","local_time":"20210220223218","is_ascension_mode":true,"campfire_choices":[{"data":"True Grit","floor":6,"key":"SMITH"},{"floor":8,"key":"REST"},{"data":"Flame Barrier","floor":10,"key":"SMITH"},{"data":"Clothesline","floor":15,"key":"SMITH"}],"circlet_count":0,"master_deck":["Strike_R","Strike_R","Strike_R","Strike_R","Strike_R","Defend_R","Defend_R+1","Defend_R","Defend_R+1","Bash","Pommel Strike","Pommel Strike","Flame Barrier+1","True Grit+1","Ghostly Armor","Evolve","Carnage","Inflame","Blood for Blood","Clothesline+1"],"relics":["Burning Blood","Charon\u0027s Ashes","Golden Idol","War Paint","Pen Nib","Du-Vu Doll"],"acts_visited":["Exordium"],"potions_floor_usage":[14],"damage_taken":[{"damage":12,"enemies":"Small Slimes","floor":1,"turns":5},{"damage":35,"enemies":"Lagavulin","floor":7,"turns":7},{"damage":9,"enemies":"3 Sentries","floor":11,"turns":7},{"damage":6,"enemies":"Jaw Worm","floor":12,"turns":3},{"damage":22,"enemies":"Gremlin Nob","floor":14,"turns":5},{"damage":32,"enemies":"Slime Boss","floor":16,"turns":6}],"seed_played":"8845687227155729306","potions_obtained":[{"floor":12,"key":"Block Potion"},{"floor":14,"key":"SteroidPotion"}],"is_trial":false,"path_per_floor":["M","?","?","?","$","R","E","R","T","R","E","M","$","E","R","B"],"character_chosen":"IRONCLAD","items_purchased":["Pommel Strike","Flame Barrier","True Grit","Inflame","Blood for Blood"],"campfire_rested":1,"item_purchase_floors":[5,5,5,13,13],"current_hp_per_floor":[74,54,54,54,54,54,25,49,49,49,46,46,46,30,30,0,0],"gold":69,"neow_bonus":"ONE_RARE_RELIC","is_daily":false,"chose_seed":false,"campfire_upgraded":3,"win_rate":0.0,"timestamp":1613860338,"path_taken":["M","?","?","?","$","R","E","R","T","R","E","M","?","E","R","BOSS"],"items_purchased_type":["Card","Card","Card","Card","Card"],"build_version":"2020-12-22","purchased_purges":1,"victory":false,"max_hp_per_floor":[80,80,80,80,80,80,80,80,80,80,80,80,80,80,80,80,80],"card_choices":[{"not_picked":["Body Slam","Thunderclap"],"picked":"Pommel Strike","floor":1},{"not_picked":["Anger","Limit Break"],"picked":"Ghostly Armor","floor":7},{"not_picked":["True Grit","Reckless Charge"],"picked":"Evolve","floor":11},{"not_picked":["Wild Strike","Seeing Red"],"picked":"Carnage","floor":12},{"not_picked":["Sword Boomerang","Heavy Blade"],"picked":"Clothesline","floor":14}],"player_experience":922032,"relics_obtained":[{"floor":7,"key":"War Paint"},{"floor":11,"key":"Pen Nib"},{"floor":14,"key":"Du-Vu Doll"}],"event_choices":[{"damage_healed":0,"gold_gain":0,"player_choice":"Take Damage","damage_taken":20,"relics_obtained":["Golden Idol"],"max_hp_gain":0,"max_hp_loss":0,"event_name":"Golden Idol","floor":2,"gold_loss":0},{"cards_removed":["Injury"],"damage_healed":0,"gold_gain":0,"player_choice":"Card Removal","damage_taken":0,"max_hp_gain":0,"max_hp_loss":0,"event_name":"The Cleric","floor":3,"gold_loss":50},{"damage_healed":0,"gold_gain":175,"player_choice":"AGREE","damage_taken":64,"max_hp_gain":0,"max_hp_loss":0,"event_name":"betterThird:BetterSerpent","floor":4,"gold_loss":0}],"is_beta":false,"boss_relics":[],"items_purged_floors":[5],"is_endless":false,"potions_floor_spawned":[12,14],"killed_by":"Slime Boss","ascension_level":1}}