{"host":"x665ekuy0qorxtwt","time":1613862896,"event":{"mods":["AchievementEnabler","BaseMod","Bestiary","Colored Map","Colored Powertips","Minty Spire (QoL Compilation)"],"gold_per_floor":[119,129,146,163,163,163,163],"floor_reached":6,"language":"ENG","playtime":327,"items_purged":[],"score":38,"play_id":"4b0c45f6-541a-4a8a-8a08-1869c440a47e","local_time":"20210220151456","is_ascension_mode":false,"campfire_choices":[],"circlet_count":0,"master_deck":["Strike_P","Strike_P","Strike_P","Strike_P","Defend_P","Defend_P","Defend_P","Defend_P","Eruption","Vigilance","DeusExMachina","WreathOfFlame","FlurryOfBlows","Injury"],"relics":["PureWater","Golden Idol"],"acts_visited":["Exordium"],"potions_floor_usage":[6,6],"damage_taken":[{"damage":0,"enemies":"Cultist","floor":1,"turns":2},{"damage":0,"enemies":"2 Louse","floor":2,"turns":3},{"damage":7,"enemies":"Jaw Worm","floor":3,"turns":4},{"damage":7,"enemies":"2 Fungi Beasts","floor":4,"turns":3},{"damage":35,"enemies":"Lagavulin","floor":6,"turns":10}],"seed_played":"-1873390557059529765","potions_obtained":[{"floor":2,"key":"SneckoOil"},{"floor":3,"key":"EssenceOfSteel"},{"floor":4,"key":"Energy Potion"}],"is_trial":false,"path_per_floor":["M","M","M","M","?","E"],"character_chosen":"WATCHER","items_purchased":[],"campfire_rested":0,"item_purchase_floors":[],"current_hp_per_floor":[51,51,44,37,37,2,2],"gold":163,"neow_bonus":"THREE_RARE_CARDS","is_daily":false,"chose_seed":false,"campfire_upgraded":0,"win_rate":0.0,"timestamp":1613862896,"path_taken":["M","?","M","M","?","E"],"items_purchased_type":[],"build_version":"2020-12-22","purchased_purges":0,"victory":false,"max_hp_per_floor":[72,72,72,72,72,72,72],"card_choices":[{"not_picked":["Brilliance","ConjureBlade"],"picked":"DeusExMachina","floor":0},{"not_picked":["CrushJoints","Prostrate","WaveOfTheHand"],"picked":"SKIP","floor":1},{"not_picked":["CrushJoints","EmptyFist","SashWhip"],"picked":"SKIP","floor":2},{"not_picked":["Consecrate","Prostrate"],"picked":"WreathOfFlame","floor":3},{"not_picked":["JustLucky","EmptyFist"],"picked":"FlurryOfBlows","floor":4}],"player_experience":222701,"relics_obtained":[],"event_choices":[{"damage_healed":0,"gold_gain":0,"player_choice":"Take Wound","damage_taken":0,"relics_obtained":["Golden Idol"],"max_hp_gain":0,"max_hp_loss":0,"event_name":"Golden Idol","floor":5,"gold_loss":0,"cards_obtained":["Injury"]}],"is_beta":false,"boss_relics":[],"items_purged_floors":[],"is_endless":false,"potions_floor_spawned":[2,3,4],"killed_by":"Lagavulin","ascension_level":0}}