{"host":"wri98rxht4656ll8","time":1613822455,"event":{"mods":["AchievementEnabler","BaseMod","Colored Map","Colored Powertips","Minty Spire (QoL Compilation)","Permanent Neow","StSLib"],"gold_per_floor":[110,128,28,40,58,58,73,73,96,111,111,111,122,139,139,239,239,252,264,264,277,293,293,307,307,307,323,303,315,330,348,348,449,449,464,312,312,323,0,0,29,0,0,0,0,19,19,31,31,31],"floor_reached":51,"language":"ENG","playtime":977,"items_purged":["Defend_R","Strike_R","Defend_R"],"score":677,"play_id":"df547cb8-db3a-4692-abd2-cdb0346411b6","local_time":"20210220130055","is_ascension_mode":false,"campfire_choices":[{"data":"Whirlwind","floor":6.0,"key":"SMITH"},{"data":"Flex","floor":8.0,"key":"SMITH"},{"floor":12.0,"key":"REST"},{"data":"Bash","floor":15.0,"key":"SMITH"},{"floor":23.0,"key":"REST"},{"floor":25.0,"key":"REST"},{"floor":32.0,"key":"REST"},{"data":"Pummel","floor":40,"key":"SMITH"},{"data":"Flex","floor":45,"key":"SMITH"},{"data":"Double Tap","floor":47,"key":"SMITH"},{"floor":49,"key":"REST"}],"circlet_count":0,"master_deck":["Strike_R","Strike_R","Strike_R","Strike_R","Defend_R","Bash+1","Pummel+1","Thunderclap","Flex+1","Whirlwind+1","Pommel Strike","Heavy Blade+1","Double Tap+1","Flex+1"],"relics":["Burning Blood","Boot","Busted Crown","Vajra","Runic Dome","Ancient Tea Set","Strawberry","Red Mask","The Courier"],"acts_visited":["Exordium","TheCity","TheBeyond"],"potions_floor_usage":[38,50,50,50],"damage_taken":[{"damage":6.0,"enemies":"Cultist","floor":1.0,"turns":3.0},{"damage":0.0,"enemies":"2 Louse","floor":2.0,"turns":2.0},{"damage":11.0,"enemies":"Jaw Worm","floor":4.0,"turns":2.0},{"damage":40.0,"enemies":"Gremlin Gang","floor":5.0,"turns":4.0},{"damage":0.0,"enemies":"Exordium Wildlife","floor":7.0,"turns":2.0},{"damage":0.0,"enemies":"2 Fungi Beasts","floor":10.0,"turns":1.0},{"damage":10.0,"enemies":"Looter","floor":13.0,"turns":2.0},{"damage":0.0,"enemies":"Lots of Slimes","floor":14.0,"turns":1.0},{"damage":43.0,"enemies":"The Guardian","floor":16.0,"turns":6.0},{"damage":20.0,"enemies":"Shell Parasite","floor":18.0,"turns":3.0},{"damage":5.0,"enemies":"Chosen","floor":19.0,"turns":3.0},{"damage":47.0,"enemies":"Centurion and Healer","floor":21.0,"turns":4.0},{"damage":10.0,"enemies":"Cultist and Chosen","floor":22.0,"turns":3.0},{"damage":15.0,"enemies":"Snecko","floor":24.0,"turns":3.0},{"damage":37.0,"enemies":"Snake Plant","floor":27.0,"turns":3.0},{"damage":26.0,"enemies":"Shelled Parasite and Fungi","floor":29.0,"turns":3.0},{"damage":5.0,"enemies":"Cultist and Chosen","floor":30.0,"turns":2.0},{"damage":12.0,"enemies":"3 Cultists","floor":31.0,"turns":3.0},{"damage":21.0,"enemies":"Collector","floor":33.0,"turns":6.0},{"damage":17,"enemies":"3 Darklings","floor":35,"turns":3},{"damage":10,"enemies":"Orb Walker","floor":38,"turns":2},{"damage":13,"enemies":"Nemesis","floor":41,"turns":3},{"damage":7,"enemies":"Writhing Mass","floor":46,"turns":2},{"damage":13,"enemies":"3 Darklings","floor":48,"turns":3},{"damage":78,"enemies":"Donu and Deca","floor":50,"turns":5}],"seed_played":"9068175039649860807","potions_obtained":[{"floor":2.0,"key":"Regen Potion"},{"floor":7.0,"key":"Explosive Potion"},{"floor":13.0,"key":"CultistPotion"},{"floor":21.0,"key":"Strength Potion"},{"floor":28.0,"key":"AttackPotion"},{"floor":29.0,"key":"Fire Potion"},{"floor":30.0,"key":"ElixirPotion"},{"floor":31.0,"key":"Swift Potion"},{"floor":35,"key":"SneckoOil"},{"floor":38,"key":"Energy Potion"},{"floor":41,"key":"BlessingOfTheForge"}],"is_trial":false,"path_per_floor":["M","M","$","M","M","R","M","R","T","M","?","R","M","M","R","B",null,"M","M","?","M","M","R","M","R","T","M","?","M","M","M","R","B",null,"M","$","?","M","$","R","E","?","T","?","R","M","R","M","R","B",null],"character_chosen":"IRONCLAD","items_purchased":["Flex","AttackPotion","Flex","Ancient Tea Set"],"campfire_rested":5,"item_purchase_floors":[3,36,39,39],"current_hp_per_floor":[80,80,80,75,41,41,47,47,47,53,45,69,65,71,71,34,80,66,67,67,26,22,46,37,61,61,30,30,19,20,14,38,23,80,69,69,69,65,65,65,65,65,65,65,65,64,64,57,83,11],"gold":31,"neow_bonus":"TRANSFORM_CARD","is_daily":false,"chose_seed":false,"campfire_upgraded":6,"win_rate":0.0,"timestamp":1613822455,"path_taken":["M","M","$","M","?","R","M","R","T","?","?","R","?","M","R","BOSS","M","M","?","M","?","R","M","R","T","M","?","?","M","M","R","BOSS","M","$","?","M","$","R","E","?","T","?","R","M","R","?","R","BOSS"],"items_purchased_type":["Card","Potion","Card","Relic"],"build_version":"2020-12-22","purchased_purges":3,"victory":true,"max_hp_per_floor":[80,80,80,80,80,80,80,80,80,80,80,80,80,80,80,80,80,80,80,80,80,80,80,80,80,80,80,80,80,80,80,80,80,80,80,80,80,80,80,80,87,87,87,87,87,87,87,87,87,87],"card_choices":[{"not_picked":["Headbutt","True Grit"],"picked":"Thunderclap","floor":1.0},{"not_picked":["Heavy Blade","Sever Soul","Wild Strike"],"picked":"SKIP","floor":2.0},{"not_picked":["Body Slam","Feel No Pain","Headbutt"],"picked":"SKIP","floor":4.0},{"not_picked":["Flex","Havoc"],"picked":"Whirlwind","floor":5.0},{"not_picked":["Sword Boomerang","Berserk"],"picked":"Pommel Strike","floor":7.0},{"not_picked":["Twin Strike","Seeing Red","True Grit"],"picked":"SKIP","floor":10.0},{"not_picked":["Havoc","True Grit","Ghostly Armor"],"picked":"SKIP","floor":13.0},{"not_picked":["Burning Pact","Thunderclap","Dropkick"],"picked":"SKIP","floor":14.0},{"not_picked":["True Grit"],"picked":"SKIP","floor":18.0},{"not_picked":["True Grit+1"],"picked":"SKIP","floor":19.0},{"not_picked":["True Grit"],"picked":"SKIP","floor":21.0},{"not_picked":["Havoc+1"],"picked":"SKIP","floor":22.0},{"not_picked":["Thunderclap+1"],"picked":"SKIP","floor":24.0},{"not_picked":["True Grit"],"picked":"SKIP","floor":27.0},{"not_picked":[],"picked":"Heavy Blade+1","floor":29.0},{"not_picked":["Spot Weakness"],"picked":"SKIP","floor":30.0},{"not_picked":["Wild Strike"],"picked":"SKIP","floor":31.0},{"not_picked":[],"picked":"Double Tap","floor":33.0},{"not_picked":["Warcry+1"],"picked":"SKIP","floor":35},{"not_picked":["Anger+1"],"picked":"SKIP","floor":38},{"not_picked":["Blood for Blood"],"picked":"SKIP","floor":41},{"not_picked":["Headbutt"],"picked":"SKIP","floor":46},{"not_picked":["Intimidate+1"],"picked":"SKIP","floor":48}],"player_experience":230089,"relics_obtained":[{"floor":9.0,"key":"Boot"},{"floor":26.0,"key":"Vajra"},{"floor":41,"key":"Strawberry"},{"floor":43,"key":"The Courier"}],"event_choices":[{"damage_healed":0.0,"max_hp_gain":0.0,"max_hp_loss":0.0,"gold_gain":0.0,"event_name":"Wheel of Change","player_choice":"Damaged","floor":11.0,"gold_loss":0.0,"damage_taken":8.0},{"damage_healed":0.0,"max_hp_gain":0.0,"max_hp_loss":0.0,"gold_gain":0.0,"event_name":"FaceTrader","player_choice":"Leave","floor":20.0,"gold_loss":0.0,"damage_taken":0.0},{"damage_healed":0.0,"max_hp_gain":0.0,"max_hp_loss":0.0,"gold_gain":0.0,"event_name":"The Woman in Blue","player_choice":"Bought 1 Potion","floor":28.0,"gold_loss":0.0,"damage_taken":0.0},{"damage_healed":0,"gold_gain":0,"player_choice":"Memory 1","damage_taken":0,"max_hp_gain":0,"max_hp_loss":0,"event_name":"SensoryStone","floor":37,"gold_loss":0},{"damage_healed":0,"gold_gain":0,"player_choice":"Paid","damage_taken":0,"relics_obtained":["Red Mask"],"max_hp_gain":0,"max_hp_loss":0,"event_name":"Tomb of Lord Red Mask","floor":42,"gold_loss":29},{"damage_healed":0,"gold_gain":0,"player_choice":"0 cards matched","damage_taken":0,"max_hp_gain":0,"max_hp_loss":0,"event_name":"Match and Keep!","floor":44,"gold_loss":0,"cards_obtained":[]}],"is_beta":false,"boss_relics":[{"not_picked":["Empty Cage","Fusion Hammer"],"picked":"Busted Crown"},{"not_picked":["Calling Bell","Tiny House"],"picked":"Runic Dome"}],"items_purged_floors":[3,36,39],"is_endless":false,"potions_floor_spawned":[2,7,13,14,21,29,30,31,35,38,41],"ascension_level":0}}