{"host":"7j2n82b2zha9fuyn","time":1613860314,"event":{"mods":["BaseMod","Block Reminder","Minty Spire (QoL Compilation)","StSLib"],"gold_per_floor":[110,123,141,141,154,154,184,184,208,208,208,241,256,291,291,389,389,400,400,400,400,419,454,474,500,500,525,525,525,525,537,537,537,537],"floor_reached":33,"language":"ENG","playtime":3076,"items_purged":[],"score":717,"play_id":"9dbdfa7b-e5eb-4f67-a2ea-82fbf6679bc2","local_time":"20210220153154","is_ascension_mode":true,"campfire_choices":[{"data":"Blood for Blood","floor":6.0,"key":"SMITH"},{"data":"Hemokinesis","floor":10.0,"key":"SMITH"},{"data":"Rupture","floor":15.0,"key":"SMITH"},{"data":"Whirlwind","floor":32.0,"key":"SMITH"}],"circlet_count":0,"master_deck":["AscendersBane","Strike_R","Strike_R","Strike_R+1","Strike_R+1","Defend_R","Defend_R","Defend_R","Defend_R","Bash","Hemokinesis+1","Shockwave","Blood for Blood+1","Thunderclap","Reaper","Shrug It Off","Rupture+1","Barricade","Body Slam","Armaments","Second Wind","Whirlwind+1"],"relics":["Burning Blood","Strawberry","Anchor","Red Skull","MealTicket","Akabeko","Cursed Key","Boot","Bag of Preparation","Ice Cream"],"acts_visited":["Exordium","TheCity"],"potions_floor_usage":[33],"damage_taken":[{"damage":7.0,"enemies":"Jaw Worm","floor":1.0,"turns":3.0},{"damage":8.0,"enemies":"2 Louse","floor":2.0,"turns":3.0},{"damage":3.0,"enemies":"Cultist","floor":3.0,"turns":3.0},{"damage":7.0,"enemies":"Exordium Wildlife","floor":5.0,"turns":3.0},{"damage":19.0,"enemies":"3 Sentries","floor":7.0,"turns":7.0},{"damage":24.0,"enemies":"Lagavulin","floor":12.0,"turns":4.0},{"damage":2.0,"enemies":"2 Fungi Beasts","floor":13.0,"turns":2.0},{"damage":29.0,"enemies":"3 Sentries","floor":14.0,"turns":6.0},{"damage":23.0,"enemies":"Slime Boss","floor":16.0,"turns":8.0},{"damage":24.0,"enemies":"3 Byrds","floor":18.0,"turns":5.0},{"damage":4.0,"enemies":"Chosen","floor":22.0,"turns":4.0},{"damage":4.0,"enemies":"Gremlin Leader","floor":23.0,"turns":6.0},{"damage":9.0,"enemies":"Centurion and Healer","floor":24.0,"turns":5.0},{"damage":46.0,"enemies":"Slavers","floor":25.0,"turns":6.0},{"damage":40.0,"enemies":"Gremlin Leader","floor":27.0,"turns":6.0},{"damage":21.0,"enemies":"Shelled Parasite and Fungi","floor":31.0,"turns":4.0},{"damage":85,"enemies":"Champ","floor":33,"turns":9}],"seed_played":"254447897688433760","potions_obtained":[{"floor":1.0,"key":"Strength Potion"},{"floor":5.0,"key":"Explosive Potion"},{"floor":7.0,"key":"Weak Potion"},{"floor":14.0,"key":"PowerPotion"},{"floor":16.0,"key":"Energy Potion"},{"floor":25.0,"key":"Fire Potion"}],"is_trial":false,"path_per_floor":["M","M","M","?","M","R","E","?","T","R","?","E","M","E","R","B",null,"M","$","?","?","M","E","M","E","T","E","?","$","T","M","R","B"],"character_chosen":"IRONCLAD","items_purchased":[],"campfire_rested":0,"item_purchase_floors":[],"current_hp_per_floor":[78,76,79,79,78,78,65,48,48,48,48,30,34,35,35,35,74,65,80,80,63,77,92,89,52,52,18,48,63,63,48,48,0,0],"gold":537,"neow_bonus":"RANDOM_COMMON_RELIC","is_daily":false,"chose_seed":false,"campfire_upgraded":4,"win_rate":0.0,"timestamp":1613860314,"path_taken":["M","M","M","?","M","R","E","?","T","R","?","E","M","E","R","BOSS","M","$","?","?","?","E","M","E","T","E","?","?","?","M","R","BOSS"],"items_purchased_type":[],"build_version":"2020-12-22","purchased_purges":0,"victory":false,"max_hp_per_floor":[87,87,87,87,87,87,87,87,87,87,87,87,87,87,87,87,87,87,87,87,92,92,92,92,92,92,92,92,92,92,92,92,92,92],"card_choices":[{"not_picked":["Second Wind","True Grit"],"picked":"Hemokinesis","floor":1.0},{"not_picked":["Intimidate","Iron Wave","Body Slam"],"picked":"SKIP","floor":2.0},{"not_picked":["Entrench","Shrug It Off"],"picked":"Shockwave","floor":3.0},{"not_picked":["Hemokinesis","Body Slam"],"picked":"Blood for Blood","floor":5.0},{"not_picked":["Demon Form","Dark Embrace"],"picked":"Thunderclap","floor":7.0},{"not_picked":["Entrench","Iron Wave"],"picked":"Shrug It Off","floor":12.0},{"not_picked":["Anger","Iron Wave","Fire Breathing"],"picked":"SKIP","floor":13.0},{"not_picked":["Burning Pact","Body Slam"],"picked":"Rupture","floor":14.0},{"not_picked":["Exhume","Reaper"],"picked":"Barricade","floor":16.0},{"not_picked":["Body Slam","Sword Boomerang","Iron Wave"],"picked":"SKIP","floor":18.0},{"not_picked":["Sword Boomerang","Flex"],"picked":"Body Slam","floor":22.0},{"not_picked":["Berserk","Feel No Pain"],"picked":"Armaments","floor":23.0},{"not_picked":["Reckless Charge","Havoc","Sentinel"],"picked":"SKIP","floor":24.0},{"not_picked":["Reckless Charge","Havoc","Sentinel"],"picked":"SKIP","floor":24.0},{"not_picked":["Clothesline+1","Clash"],"picked":"Second Wind","floor":25.0},{"not_picked":["Evolve","Rage","Berserk"],"picked":"SKIP","floor":27.0},{"not_picked":["Wild Strike","Anger"],"picked":"Whirlwind","floor":31.0}],"player_experience":2078563,"relics_obtained":[{"floor":7.0,"key":"Anchor"},{"floor":9.0,"key":"Red Skull"},{"floor":12.0,"key":"MealTicket"},{"floor":14.0,"key":"Akabeko"},{"floor":23.0,"key":"Boot"},{"floor":25.0,"key":"Bag of Preparation"},{"floor":27.0,"key":"Ice Cream"}],"event_choices":[{"damage_healed":0.0,"max_hp_gain":0.0,"max_hp_loss":0.0,"gold_gain":0.0,"event_name":"Liars Game","player_choice":"Ignored","floor":4.0,"gold_loss":0.0,"damage_taken":0.0},{"damage_healed":0.0,"max_hp_gain":0.0,"max_hp_loss":0.0,"gold_gain":0.0,"event_name":"Shining Light","player_choice":"Entered Light","floor":8.0,"gold_loss":0.0,"damage_taken":17.0,"cards_upgraded":["Strike_R","Strike_R"]},{"damage_healed":0.0,"max_hp_gain":0.0,"max_hp_loss":0.0,"gold_gain":0.0,"cards_transformed":["Strike_R"],"event_name":"Living Wall","player_choice":"Change","floor":11.0,"gold_loss":0.0,"damage_taken":0.0,"cards_obtained":["Reaper"]},{"damage_healed":0.0,"max_hp_gain":0.0,"max_hp_loss":0.0,"gold_gain":0.0,"event_name":"Ghosts","player_choice":"Ignored","floor":20.0,"gold_loss":0.0,"damage_taken":0.0},{"damage_healed":0.0,"max_hp_gain":5.0,"max_hp_loss":0.0,"gold_gain":0.0,"event_name":"Forgotten Altar","player_choice":"Shed Blood","floor":21.0,"gold_loss":0.0,"damage_taken":22.0},{"damage_healed":30.0,"max_hp_gain":0.0,"max_hp_loss":0.0,"gold_gain":0.0,"event_name":"The Library","player_choice":"Heal","floor":28.0,"gold_loss":0.0,"damage_taken":0.0}],"is_beta":false,"boss_relics":[{"not_picked":["Runic Dome","Calling Bell"],"picked":"Cursed Key"}],"items_purged_floors":[],"is_endless":false,"potions_floor_spawned":[1,5,7,14,16,18,22,25],"killed_by":"Champ","ascension_level":12}}