{"host":"yvb207ks1sg3cxef","time":1613825552,"event":{"mods":["2.2 Compatiblity","BaseMod","Bestiary","Colored Powertips","Minty Spire (QoL Compilation)","Permanent Neow","Quick Restart","Relic Stats","StSLib"],"gold_per_floor":[113,113,164,181,50,50,61,61,61,10,10,36,51,83,83,157,157,175,189,189,189,189,189,189,189],"floor_reached":24,"language":"ENG","playtime":1362,"items_purged":["Strike_G"],"score":454,"play_id":"16f392bf-f67c-404b-89e6-ac33a67ad66d","local_time":"20210220182231","is_ascension_mode":true,"campfire_choices":[{"data":"Dagger Spray","floor":6.0,"key":"SMITH"},{"data":"Deadly Poison","floor":8.0,"key":"SMITH"},{"data":"Venomology","floor":15.0,"key":"SMITH"},{"data":"RitualDagger","floor":23,"key":"SMITH"}],"circlet_count":0,"master_deck":["AscendersBane","Strike_G","Strike_G+1","Defend_G","Defend_G","Defend_G+1","Defend_G","Defend_G","Survivor","Neutralize+1","Masterful Stab","Dagger Spray+1","Deadly Poison+1","Backflip","Venomology+1","Escape Plan","Acrobatics","Venomology","Dodge and Roll+1","Blade Dance","Leg Sweep","RitualDagger+1"],"relics":["Ring of the Snake","TungstenRod","Dead Branch","CaptainsWheel","Runic Pyramid"],"acts_visited":["Exordium","TheCity"],"potions_floor_usage":[18,18,18,18,18,18,18,18,19,24,24,24,24,24,24,24],"damage_taken":[{"damage":1.0,"enemies":"Jaw Worm","floor":1.0,"turns":6.0},{"damage":0.0,"enemies":"Small Slimes","floor":4.0,"turns":3.0},{"damage":0.0,"enemies":"Cultist","floor":7.0,"turns":3.0},{"damage":7.0,"enemies":"Gremlin Nob","floor":12.0,"turns":3.0},{"damage":0.0,"enemies":"Large Slime","floor":13.0,"turns":5.0},{"damage":0.0,"enemies":"Lagavulin","floor":14.0,"turns":4.0},{"damage":18.0,"enemies":"The Guardian","floor":16.0,"turns":16.0},{"damage":0,"enemies":"3 Byrds","floor":18,"turns":4},{"damage":0,"enemies":"Chosen","floor":19,"turns":6},{"damage":56,"enemies":"Gremlin Leader","floor":24,"turns":10}],"seed_played":"5660810685242574969","potions_obtained":[{"floor":1.0,"key":"Strength Potion"},{"floor":7.0,"key":"DuplicationPotion"},{"floor":13.0,"key":"SkillPotion"}],"is_trial":false,"path_per_floor":["M","?","?","M","$","R","M","R","T","$","?","E","M","E","R","B",null,"M","M","?","?","?","R","E"],"character_chosen":"THE_SILENT","items_purchased":["ColorlessPotion","Backflip"],"campfire_rested":0,"item_purchase_floors":[5,10],"current_hp_per_floor":[58,38,38,38,38,38,38,38,38,38,33,26,26,26,26,8,52,52,52,52,52,47,47,0,0],"gold":189,"neow_bonus":"UPGRADE_CARD","is_daily":false,"chose_seed":false,"campfire_upgraded":4,"win_rate":0.0,"timestamp":1613825551,"path_taken":["M","?","?","M","?","R","M","R","T","$","?","E","?","E","R","BOSS","M","?","?","?","?","R","E"],"items_purchased_type":["Potion","Card"],"build_version":"2020-12-22","purchased_purges":1,"victory":false,"max_hp_per_floor":[66,66,66,66,66,66,66,66,66,66,66,66,66,66,66,66,66,66,66,66,66,66,66,66,66],"relic_stats":{"counters":[10,60],"Dead Branch":[51],"obtain_stats":[{"CaptainsWheel":14,"Dead Branch":12,"TungstenRod":11,"Ring of the Snake":0,"Runic Pyramid":17},{"CaptainsWheel":6,"Dead Branch":4,"TungstenRod":3,"Ring of the Snake":0,"Runic Pyramid":7},{"CaptainsWheel":24,"Dead Branch":15,"TungstenRod":12,"Ring of the Snake":0,"Runic Pyramid":40}],"TungstenRod":16,"Ring of the Snake":[20]},"card_choices":[{"not_picked":["Quick Slash","Prepared"],"picked":"Masterful Stab","floor":1.0},{"not_picked":["Flying Knee","Deflect"],"picked":"Dagger Spray","floor":4.0},{"not_picked":["Distraction","Dash"],"picked":"Deadly Poison","floor":7.0},{"not_picked":["Backstab","Infinite Blades"],"picked":"Venomology","floor":12.0},{"not_picked":["Dodge and Roll","Quick Slash"],"picked":"Escape Plan","floor":13.0},{"not_picked":["Deflect","Concentrate"],"picked":"Acrobatics","floor":14.0},{"not_picked":["Tools of the Trade","After Image"],"picked":"Venomology","floor":16.0},{"not_picked":["Poisoned Stab","Quick Slash"],"picked":"Dodge and Roll+1","floor":18},{"not_picked":["Bouncing Flask+1","Bane","Deflect"],"picked":"SKIP","floor":19}],"player_experience":522078,"relics_obtained":[{"floor":12.0,"key":"Dead Branch"},{"floor":14.0,"key":"CaptainsWheel"}],"event_choices":[{"damage_healed":0.0,"max_hp_gain":0.0,"max_hp_loss":0.0,"gold_gain":0.0,"event_name":"Shining Light","player_choice":"Entered Light","floor":2.0,"gold_loss":0.0,"damage_taken":20.0,"cards_upgraded":["Defend_G","Strike_G"]},{"damage_healed":0.0,"max_hp_gain":0.0,"max_hp_loss":0.0,"gold_gain":51.0,"event_name":"Golden Wing","player_choice":"Gained Gold","floor":3.0,"gold_loss":0.0,"damage_taken":0.0},{"damage_healed":0.0,"max_hp_gain":0.0,"max_hp_loss":0.0,"gold_gain":0.0,"event_name":"Scrap Ooze","player_choice":"Success","floor":11.0,"gold_loss":0.0,"damage_taken":5.0,"relics_obtained":["TungstenRod"]},{"damage_healed":0,"gold_gain":0,"player_choice":"Ignored","damage_taken":0,"max_hp_gain":0,"max_hp_loss":0,"event_name":"Vampires","floor":20,"gold_loss":0},{"damage_healed":0,"gold_gain":0,"cards_transformed":["Strike_G","Strike_G"],"player_choice":"Became Test Subject","damage_taken":0,"max_hp_gain":0,"max_hp_loss":0,"event_name":"Drug Dealer","floor":21,"gold_loss":0,"cards_obtained":["Blade Dance","Leg Sweep"]},{"damage_healed":0,"gold_gain":0,"player_choice":"Joined the Cult","damage_taken":6,"max_hp_gain":0,"max_hp_loss":0,"event_name":"Nest","floor":22,"gold_loss":0,"cards_obtained":["RitualDagger"]}],"is_beta":false,"boss_relics":[{"not_picked":["Astrolabe","Empty Cage"],"picked":"Runic Pyramid"}],"items_purged_floors":[5],"is_endless":false,"potions_floor_spawned":[1,7,13],"killed_by":"Gremlin Leader","ascension_level":20}}