{"host":"8txkp9ptpa3vam57","time":1613810434,"event":{"mods":["Aspiration","BaseMod","Downfall","Jedi Mod","Lobotomy","LobotomyExtend","Minty Spire (QoL Compilation)","Quick Restart","Rare Cards Sparkle","Replay The Spire","RumiaBox-露米娅的神秘盒子","Shop Mod","Spire Birthday Party","StSLib","The Bladedancer","The Bug Knight","The Construct","The Cursed","The Marked","The Poker Player","[IsaacMod]以撒尖塔","noobMod","篝火指南"],"gold_per_floor":[112,122,137,222,237,266,441,441,466,53,71,71,105,121,121,224,224,238,338,348,348,145,179,179,198,198,216,32,62,62,79,79,182,182,182,182,194,241,255,284,297,297,367,367,394,13,13,32,32,32,32,32,19,46,46,46],"floor_reached":55,"language":"ZHS","playtime":4580,"items_purged":["Doubt","downfall:Haunted","downfall:Haunted","blademaster:WrongfulFootwork","theMarked:Strike"],"score":1000,"play_id":"1153c08e-17c2-43c6-9843-be185ad95f7e","local_time":"20210220164034","is_ascension_mode":false,"campfire_choices":[{"data":"theMarked:WardOff","floor":8,"key":"SMITH"},{"data":"theMarked:SoldierOfQuellstein","floor":12,"key":"SMITH"},{"floor":15,"key":"RECALL"},{"data":"theMarked:EternalStudent","floor":24,"key":"SMITH"},{"data":"theMarked:Maelstrom","floor":30,"key":"SMITH"},{"data":"theMarked:EmpowerWeapon","floor":32,"key":"SMITH"},{"floor":42,"key":"REST"},{"floor":44,"key":"REST"},{"data":"Blind","floor":47,"key":"SMITH"},{"floor":49,"key":"REST"},{"data":"theMarked:Parry","floor":52,"key":"SMITH"}],"circlet_count":0,"master_deck":["theMarked:Strike","theMarked:Strike","theMarked:Strike","theMarked:Strike","theMarked:Defend","theMarked:Defend","theMarked:Defend","theMarked:Defend","theMarked:SoldierOfQuellstein+1","theMarked:MuscleMemory+1","theMarked:Aftermath","theMarked:Opportunist+1","theMarked:WardOff+1","theMarked:Static+1","theMarked:Parry+1","theMarked:BindingBlade+1","theMarked:BanishingWave","theMarked:ChainLightning","theMarked:EternalStudent+1","theMarked:Reabsorb+1","Parasite","theMarked:FavorableWinds","Clumsy","theMarked:ResourceFulStrike+1","theMarked:BindingBlade","theMarked:Challenge","theMarked:SwordAndMagic+1","theMarked:ElectricStrings+1","theMarked:Panic+1","theMarked:Parkour","theMarked:Maelstrom+1","theMarked:EmpowerWeapon+1","theMarked:BiggerThanFate","Blind+1","theMarked:BanishingStrike+1","theMarked:HeightenedSenses+1","theMarked:Reabsorb+1","theMarked:EnhanceMovement+1","theMarked:RepellingDischarge+1","theMarked:ContemptForTheProud+1","theMarked:SwordAndMagic+1","theMarked:WardOff+1","theMarked:Seal+1"],"relics":["theMarked:ArtifactOfAir","HushsDoor","Void","SecretRecord","Replay:Rubber Ducky","MerchantsRug","DeathBook","aspiration:SecretTechniqueScroll","GuppysTail","LaetitiaHeart","Smiling Mask","ClockworkSouvenir","WingedGreaves","EasyGame_NEW","Incubus","Toxic Egg 2","Quantum Egg","Golden Egg","ZombieArmy","OrangePellets","War Paint"],"acts_visited":["Exordium","TheCity","TheBeyond","TheEnding"],"potions_floor_usage":[5,6,13,13,33,41,55,55,55],"damage_taken":[{"damage":1,"enemies":"Jaw Worm","floor":1,"turns":3},{"damage":10,"enemies":"Cultist","floor":2,"turns":4},{"damage":0,"enemies":"2 Louse","floor":3,"turns":3},{"damage":3,"enemies":"Red Slaver","floor":5,"turns":5},{"damage":20,"enemies":"3 Sentries","floor":6,"turns":6},{"damage":6,"enemies":"3 Louse","floor":11,"turns":3},{"damage":27,"enemies":"Gremlin Nob","floor":13,"turns":3},{"damage":0,"enemies":"Looter","floor":14,"turns":2},{"damage":0,"enemies":"Fading Forest","floor":16,"turns":11},{"damage":12,"enemies":"2 Thieves","floor":18,"turns":3},{"damage":10,"enemies":"Spheric Guardian","floor":20,"turns":4},{"damage":7,"enemies":"Spheric Guardian","floor":21,"turns":2},{"damage":0,"enemies":"Spheric Guardian","floor":21,"turns":2},{"damage":0,"enemies":"Spheric Guardian","floor":21,"turns":2},{"damage":17,"enemies":"Slavers","floor":23,"turns":3},{"damage":0,"enemies":"Snake Plant","floor":25,"turns":2},{"damage":0,"enemies":"Chosen and Byrds","floor":27,"turns":2},{"damage":0,"enemies":"Gremlin Leader","floor":29,"turns":3},{"damage":0,"enemies":"Sentry and Sphere","floor":31,"turns":8},{"damage":0,"enemies":"Collector","floor":33,"turns":9},{"damage":14,"enemies":"3 Shapes","floor":37,"turns":2},{"damage":10,"enemies":"Orb Walker","floor":39,"turns":2},{"damage":39,"enemies":"Giant Head","floor":40,"turns":6},{"damage":7,"enemies":"Maw","floor":41,"turns":5},{"damage":0,"enemies":"Reptomancer","floor":45,"turns":4},{"damage":0,"enemies":"Spire Growth","floor":48,"turns":3},{"damage":16,"enemies":"Time Eater","floor":50,"turns":7},{"damage":68,"enemies":"Shield and Spear","floor":54,"turns":4},{"damage":82,"enemies":"LittleHush","floor":55,"turns":14}],"seed_played":"-3348690141210938651","potions_obtained":[{"floor":2,"key":"FairyPotion"},{"floor":5,"key":"Slimebound:ThreeZeroPotion"},{"floor":11,"key":"jedi:StrikingPotion"},{"floor":18,"key":"SteroidPotion"},{"floor":25,"key":"Weak Potion"},{"floor":33,"key":"Milkshake"},{"floor":45,"key":"Elixir"},{"floor":48,"key":"Languid Potion"}],"is_trial":false,"path_per_floor":["M","M","M","?","M","E","?","R","T","R","M","R","E","M","R","B",null,"M","?","M","?","$","E","R","M","T","M","R","E","R","M","R","B",null,"M","?","M","?","M","E","M","R","T","R","E","$","R","M","R","B",null,"R","$","E","B"],"character_chosen":"THE_DEFAULT","items_purchased":["theMarked:Parry","Guide Book","MerchantsRug","GuppysTail","theMarked:BindingBlade","theMarked:Challenge","ClockworkSouvenir","theMarked:Parkour","Incubus","ZombieArmy","theMarked:SwordAndMagic+1","OrangePellets"],"campfire_rested":3,"item_purchase_floors":[10,10,10,17,22,22,28,28,34,46,46,46],"current_hp_per_floor":[71,61,61,46,57,37,37,37,37,37,31,31,4,72,72,72,69,57,92,82,113,113,96,96,96,96,96,96,96,96,96,96,96,102,102,102,88,63,53,14,7,37,37,67,74,74,74,74,106,90,109,109,109,41,0,0],"gold":46,"neow_bonus":"NOSTALGIA","is_daily":false,"chose_seed":false,"campfire_upgraded":7,"win_rate":0.0,"timestamp":1613810434,"path_taken":["M","M","M","?","M","E","?","R","T","R","M","R","E","M","R","BOSS","M","?","M","?","$","E","R","?","T","M","R","E","R","M","R","BOSS","M","?","M","?","M","E","M","R","T","R","E","?","R","M","R","BOSS","R","$","E","BOSS"],"items_purchased_type":["Card","Relic","Relic","Relic","Card","Card","Relic","Card","Relic","Relic","Card","Relic"],"build_version":"2020-12-22","purchased_purges":5,"victory":false,"max_hp_per_floor":[72,72,72,72,72,72,72,72,72,72,72,72,72,72,72,79,69,72,107,110,113,113,117,117,120,120,122,122,122,122,122,122,122,102,102,102,102,102,102,102,102,102,102,102,109,109,109,109,109,109,109,109,109,109,109,109],"card_choices":[{"not_picked":[],"picked":"ChaosCard","floor":0},{"not_picked":["theMarked:ElectricStrings","theMarked:ChainLightning"],"picked":"theMarked:MuscleMemory","floor":1},{"not_picked":["Bomb","theMarked:Parkour"],"picked":"theMarked:Aftermath","floor":2},{"not_picked":["theMarked:WardOff","theMarked:RogueSparks"],"picked":"theMarked:Opportunist","floor":3},{"not_picked":["theMarked:TakeCover","theMarked:Maelstrom"],"picked":"theMarked:WardOff","floor":5},{"not_picked":["theMarked:Aftermath","theMarked:Standoff"],"picked":"theMarked:Static","floor":6},{"not_picked":["theMarked:TheMission","theMarked:Parkour"],"picked":"theMarked:BindingBlade","floor":11},{"not_picked":["theMarked:WastefulAttack","theMarked:GodGivenPower"],"picked":"theMarked:BanishingWave","floor":13},{"not_picked":["Bomb","theMarked:Standoff"],"picked":"theMarked:ChainLightning","floor":14},{"not_picked":["theMarked:Snap","theMarked:TakeOffHeels"],"picked":"theMarked:EternalStudent","floor":16},{"not_picked":["theMarked:SwordAndMagic+1","theMarked:Aftermath"],"picked":"theMarked:Reabsorb+1","floor":18},{"not_picked":["theMarked:TwofoldDefense+1","theMarked:Parkour"],"picked":"theMarked:ResourceFulStrike","floor":20},{"not_picked":["theMarked:Standoff","theMarked:Maelstrom"],"picked":"theMarked:SwordAndMagic+1","floor":23},{"not_picked":["theMarked:SwordAndMagic","theMarked:Aftermath+1"],"picked":"theMarked:ElectricStrings+1","floor":25},{"not_picked":["theMarked:RepellingDischarge","theMarked:WardOff"],"picked":"theMarked:Panic+1","floor":27},{"not_picked":["theMarked:ChainLightning","theMarked:HeightenedSenses"],"picked":"theMarked:Maelstrom","floor":29},{"not_picked":["theMarked:TwofoldDefense","theMarked:FavorableWinds"],"picked":"theMarked:EmpowerWeapon","floor":31},{"not_picked":["theMarked:EternalStudent","theMarked:FavorableWinds"],"picked":"theMarked:BiggerThanFate","floor":33},{"not_picked":["Jack Of All Trades","Deep Breath"],"picked":"Blind","floor":36},{"not_picked":["theMarked:Reabsorb","theMarked:KeepCalmAndFight"],"picked":"theMarked:BanishingStrike+1","floor":37},{"not_picked":["theMarked:RepellingDischarge+1","theMarked:Parkour"],"picked":"theMarked:HeightenedSenses+1","floor":38},{"not_picked":["theMarked:TwofoldDefense+1","theMarked:HeightenedSenses+1"],"picked":"theMarked:Reabsorb+1","floor":39},{"not_picked":["theMarked:Determination+1","theMarked:ThrowWeapon"],"picked":"theMarked:EnhanceMovement+1","floor":40},{"not_picked":["theMarked:Frustration","theMarked:Improvise+1"],"picked":"theMarked:RepellingDischarge+1","floor":41},{"not_picked":["theMarked:Snap","theMarked:WastefulAttack"],"picked":"theMarked:ContemptForTheProud+1","floor":45},{"not_picked":["theMarked:TheMission","theMarked:PowerFlow+1"],"picked":"theMarked:WardOff+1","floor":48},{"not_picked":["theMarked:Determination+1","theMarked:WardOff+1"],"picked":"theMarked:Seal+1","floor":54}],"player_experience":115818,"relics_obtained":[{"floor":1,"key":"Baka"},{"floor":1,"key":"LetterFromLob"},{"floor":1,"key":"AddBug"},{"floor":5,"key":"LetterFromLob"},{"floor":6,"key":"Replay:Rubber Ducky"},{"floor":6,"key":"LetterFromLob"},{"floor":9,"key":"Simple Rune"},{"floor":11,"key":"LetterFromLob"},{"floor":13,"key":"DeathBook"},{"floor":13,"key":"LetterFromLob"},{"floor":14,"key":"LetterFromLob"},{"floor":16,"key":"LetterFromLob"},{"floor":18,"key":"LetterFromLob"},{"floor":20,"key":"LetterFromLob"},{"floor":23,"key":"Smiling Mask"},{"floor":23,"key":"LetterFromLob"},{"floor":25,"key":"LetterFromLob"},{"floor":27,"key":"LetterFromLob"},{"floor":29,"key":"WingedGreaves"},{"floor":29,"key":"LetterFromLob"},{"floor":38,"key":"Toxic Egg 2"},{"floor":40,"key":"Quantum Egg"},{"floor":41,"key":"LetterFromLob"},{"floor":43,"key":"Golden Egg"},{"floor":45,"key":"Strawberry"},{"floor":45,"key":"LetterFromLob"},{"floor":48,"key":"LetterFromLob"},{"floor":54,"key":"War Paint"},{"floor":54,"key":"LetterFromLob"}],"event_choices":[{"damage_healed":0,"gold_gain":175,"player_choice":"AGREE","damage_taken":0,"max_hp_gain":0,"max_hp_loss":0,"event_name":"Liars Game","floor":7,"gold_loss":0,"cards_obtained":["Doubt"]},{"damage_healed":0,"gold_gain":0,"player_choice":"Memory 1","damage_taken":0,"max_hp_gain":0,"max_hp_loss":0,"event_name":"SensoryStone","floor":36,"gold_loss":0}],"is_beta":false,"boss_relics":[{"not_picked":["Painkiller Herb","Fusion Hammer"],"picked":"aspiration:SecretTechniqueScroll"},{"not_picked":[]},{"not_picked":["Sozu","SacredBark"],"picked":"EasyGame_NEW"},{"not_picked":[]}],"items_purged_floors":[10,22,28,46,53],"is_endless":false,"potions_floor_spawned":[2,5,11,18,21,21,21,25,33,37,45,48],"killed_by":"LittleHush","ascension_level":0}}