{"host":"pdq28s6637cpsst2","time":1613858377,"event":{"mods":["BaseMod","Colored Map","Colored Powertips","Highlight Path","Minty Spire (QoL Compilation)","Permanent Neow","Quick Restart","StSLib"],"gold_per_floor":[109,127,138,153,176,176,187,215,215,228,254,16,16,30,30,135,135,152,168,179,196,212,241,259,259,259,259,358,392,392,392,392,493,493,513,364,379,100,111,141,141,166,166,166,193,212,226,236,236,236],"floor_reached":51,"language":"ENG","playtime":4471,"items_purged":["Strike_G","Strike_G","Strike_G"],"score":1040,"play_id":"9987433e-3a96-4544-8851-19ba76b07645","local_time":"20210220165937","is_ascension_mode":true,"campfire_choices":[{"data":"Terror","floor":6.0,"key":"SMITH"},{"data":"Neutralize","floor":13.0,"key":"SMITH"},{"floor":15.0,"key":"REST"},{"floor":25,"key":"REST"},{"data":"Sadistic Nature","floor":27,"key":"SMITH"},{"floor":32,"key":"REST"},{"data":"Sucker Punch","floor":41,"key":"SMITH"},{"floor":44,"key":"REST"},{"floor":49,"key":"REST"}],"circlet_count":0,"master_deck":["Strike_G","Defend_G","Defend_G+1","Defend_G","Defend_G","Defend_G","Survivor","Neutralize+1","Terror+1","Calculated Gamble","Dagger Spray","Backflip","Poisoned Stab","Escape Plan","PiercingWail","Sadistic Nature+1","Bouncing Flask","Venomology+1","Poisoned Stab","Blade Dance+1","Dash","Die Die Die","Poisoned Stab+1","Sucker Punch+1","Noxious Fumes","Cloak And Dagger+1","Crippling Poison+1","Parasite","Catalyst","Envenom"],"relics":["Ring of the Serpent","Blood Vial","Strawberry","Happy Flower","Orichalcum","Pocketwatch","War Paint","White Beast Statue","Anchor","Cursed Key","Snake Skull","Ancient Tea Set","Kunai","PreservedInsect"],"acts_visited":["Exordium","TheCity","TheBeyond"],"potions_floor_usage":[22,23,23,23,24,29,29,33,33,33,35,37,39,39,40,40,40,40,40,40,45,45,46,47,47,48,50,50,50],"damage_taken":[{"damage":1.0,"enemies":"Cultist","floor":1.0,"turns":5.0},{"damage":7.0,"enemies":"Small Slimes","floor":2.0,"turns":4.0},{"damage":0.0,"enemies":"Jaw Worm","floor":3.0,"turns":5.0},{"damage":3.0,"enemies":"Large Slime","floor":4.0,"turns":9.0},{"damage":0.0,"enemies":"Lots of Slimes","floor":7.0,"turns":1.0},{"damage":16.0,"enemies":"Gremlin Nob","floor":8.0,"turns":3.0},{"damage":1.0,"enemies":"Gremlin Gang","floor":10.0,"turns":3.0},{"damage":6.0,"enemies":"3 Sentries","floor":11.0,"turns":8.0},{"damage":0.0,"enemies":"2 Fungi Beasts","floor":14.0,"turns":3.0},{"damage":6.0,"enemies":"The Guardian","floor":16.0,"turns":7.0},{"damage":2.0,"enemies":"Chosen","floor":18.0,"turns":4.0},{"damage":0.0,"enemies":"3 Byrds","floor":19.0,"turns":3.0},{"damage":29,"enemies":"Shelled Parasite and Fungi","floor":20,"turns":6},{"damage":9,"enemies":"Snake Plant","floor":21,"turns":5},{"damage":7,"enemies":"Snecko","floor":22,"turns":4},{"damage":16,"enemies":"Gremlin Leader","floor":23,"turns":6},{"damage":9,"enemies":"Shelled Parasite and Fungi","floor":24,"turns":3},{"damage":21,"enemies":"Slavers","floor":29,"turns":5},{"damage":53,"enemies":"Automaton","floor":33,"turns":9},{"damage":0,"enemies":"Orb Walker","floor":35,"turns":3},{"damage":0,"enemies":"3 Shapes","floor":37,"turns":2},{"damage":0,"enemies":"Transient","floor":39,"turns":5},{"damage":12,"enemies":"Giant Head","floor":40,"turns":6},{"damage":39,"enemies":"Reptomancer","floor":42,"turns":5},{"damage":10,"enemies":"Nemesis","floor":45,"turns":5},{"damage":0,"enemies":"Writhing Mass","floor":46,"turns":5},{"damage":0,"enemies":"3 Darklings","floor":47,"turns":4},{"damage":0,"enemies":"Transient","floor":48,"turns":5},{"damage":47,"enemies":"Awakened One","floor":50,"turns":8}],"seed_played":"1810583605019900460","potions_obtained":[{"floor":2.0,"key":"SteroidPotion"},{"floor":3.0,"key":"PowerPotion"},{"floor":4.0,"key":"LiquidMemories"},{"floor":8.0,"key":"Fire Potion"},{"floor":11.0,"key":"ColorlessPotion"},{"floor":18.0,"key":"Fire Potion"},{"floor":21,"key":"Regen Potion"},{"floor":23,"key":"Energy Potion"},{"floor":24,"key":"BlessingOfTheForge"},{"floor":29,"key":"ColorlessPotion"},{"floor":33,"key":"SteroidPotion"},{"floor":35,"key":"Strength Potion"},{"floor":37,"key":"Fire Potion"},{"floor":39,"key":"Poison Potion"},{"floor":40,"key":"SmokeBomb"},{"floor":45,"key":"EssenceOfSteel"},{"floor":46,"key":"Energy Potion"},{"floor":47,"key":"Explosive Potion"}],"is_trial":false,"path_per_floor":["M","M","M","M","T","R","M","E","T","M","E","$","R","M","R","B",null,"M","M","M","M","M","E","M","R","T","R","?","E","?","?","R","B",null,"M","$","M","$","M","E","R","E","T","R","E","M","M","M","R","B",null],"character_chosen":"THE_SILENT","items_purchased":["Sadistic Nature","Sucker Punch","Snake Skull"],"campfire_rested":5,"item_purchase_floors":[12,36,38],"current_hp_per_floor":[64,59,61,60,67,67,69,55,55,56,52,52,52,54,77,71,76,75,77,48,41,48,34,27,50,50,50,50,31,31,31,54,3,59,61,61,63,63,65,55,55,18,18,41,33,35,37,39,62,17],"gold":236,"neow_bonus":"RANDOM_COMMON_RELIC","is_daily":false,"chose_seed":false,"campfire_upgraded":4,"win_rate":0.0,"timestamp":1613858377,"path_taken":["M","M","M","M","?","R","M","E","T","M","E","$","R","?","R","BOSS","M","M","M","M","M","E","M","R","T","R","?","E","?","?","R","BOSS","M","?","M","$","M","E","R","E","T","R","E","M","M","M","R","BOSS"],"items_purchased_type":["Card","Card","Relic"],"build_version":"2020-12-22","purchased_purges":3,"victory":true,"max_hp_per_floor":[70,70,70,70,77,77,77,77,77,77,77,77,77,77,77,77,77,77,77,77,77,77,77,77,77,77,77,77,77,77,77,77,77,77,77,77,77,77,77,77,77,77,77,77,77,77,77,77,77,77],"card_choices":[{"not_picked":["Bane","Expertise"],"picked":"Terror","floor":1.0},{"not_picked":["Eviscerate","Outmaneuver"],"picked":"Calculated Gamble","floor":2.0},{"not_picked":["Slice","Well Laid Plans"],"picked":"Dagger Spray","floor":3.0},{"not_picked":["PiercingWail","Reflex"],"picked":"Backflip","floor":4.0},{"not_picked":["Caltrops","Acrobatics"],"picked":"Poisoned Stab","floor":7.0},{"not_picked":["Caltrops","Underhanded Strike"],"picked":"Escape Plan","floor":8.0},{"not_picked":["Acrobatics","Dodge and Roll"],"picked":"PiercingWail","floor":10.0},{"not_picked":["Infinite Blades","Choke","Underhanded Strike"],"picked":"SKIP","floor":11.0},{"not_picked":["Reflex","Masterful Stab"],"picked":"Bouncing Flask","floor":14.0},{"not_picked":["Malaise","Bullet Time"],"picked":"Venomology","floor":16.0},{"not_picked":["Dagger Throw","Dodge and Roll","Acrobatics"],"picked":"SKIP","floor":18.0},{"not_picked":["Deadly Poison","PiercingWail","Dodge and Roll"],"picked":"SKIP","floor":19.0},{"not_picked":["Bouncing Flask+1","Prepared","Choke"],"picked":"SKIP","floor":20},{"not_picked":["Slice","Bouncing Flask"],"picked":"Poisoned Stab","floor":21},{"not_picked":["Dagger Spray","Masterful Stab"],"picked":"Blade Dance+1","floor":22},{"not_picked":["Infinite Blades","A Thousand Cuts","Phantasmal Killer"],"picked":"SKIP","floor":23},{"not_picked":["Infinite Blades","A Thousand Cuts","Phantasmal Killer"],"picked":"SKIP","floor":23},{"not_picked":["Prepared","Cloak And Dagger"],"picked":"Dash","floor":24},{"not_picked":["Slice","Tactician","Dagger Throw"],"picked":"SKIP","floor":29},{"not_picked":["Glass Knife","Burst"],"picked":"Die Die Die","floor":33},{"not_picked":["Prepared+1","Tactician"],"picked":"Poisoned Stab+1","floor":35},{"not_picked":["Flying Knee","Deadly Poison"],"picked":"Noxious Fumes","floor":37},{"not_picked":["Concentrate+1","Noxious Fumes","Backflip"],"picked":"SKIP","floor":39},{"not_picked":["Deadly Poison+1","Endless Agony+1"],"picked":"Cloak And Dagger+1","floor":40},{"not_picked":["Noxious Fumes+1","Poisoned Stab+1"],"picked":"Crippling Poison+1","floor":42},{"not_picked":["Bane+1","Outmaneuver+1","Deadly Poison+1"],"picked":"SKIP","floor":45},{"not_picked":["Blade Dance+1","Infinite Blades"],"picked":"Catalyst","floor":46},{"not_picked":["Bane+1","Endless Agony+1"],"picked":"Envenom","floor":47},{"not_picked":["Bane","Finisher+1","Infinite Blades"],"picked":"SKIP","floor":48}],"player_experience":267517,"relics_obtained":[{"floor":5.0,"key":"Strawberry"},{"floor":8.0,"key":"Happy Flower"},{"floor":9.0,"key":"Orichalcum"},{"floor":11.0,"key":"Pocketwatch"},{"floor":23,"key":"War Paint"},{"floor":26,"key":"White Beast Statue"},{"floor":29,"key":"Anchor"},{"floor":40,"key":"Ancient Tea Set"},{"floor":42,"key":"Kunai"},{"floor":45,"key":"PreservedInsect"}],"event_choices":[{"damage_healed":0,"gold_gain":99,"player_choice":"Stole From Cult","damage_taken":0,"max_hp_gain":0,"max_hp_loss":0,"event_name":"Nest","floor":28,"gold_loss":0},{"damage_healed":0,"gold_gain":0,"player_choice":"Ignored","damage_taken":0,"max_hp_gain":0,"max_hp_loss":0,"event_name":"The Mausoleum","floor":30,"gold_loss":0},{"cards_removed":["Strike_G"],"damage_healed":0,"gold_gain":0,"player_choice":"Offered Basic","damage_taken":0,"max_hp_gain":0,"max_hp_loss":0,"event_name":"Bonfire Elementals","floor":31,"gold_loss":0}],"is_beta":false,"boss_relics":[{"not_picked":["Empty Cage","Sozu"],"picked":"Ring of the Serpent"},{"not_picked":["WristBlade","Astrolabe"],"picked":"Cursed Key"}],"items_purged_floors":[12,36,38],"is_endless":false,"potions_floor_spawned":[2,3,4,8,11,18,21,23,24,29,33,35,37,39,40,42,45,46,47,48],"ascension_level":8}}