{"host":"i0m6ffz3lpe3z1ky","time":1613857574,"event":{"mods":["Aspiration","BaseMod","Bestiary","BetterRewards","Colored Map","Conspire","Energized Spire","Highlight Path","Hubris","Ironclad Rager","Minty Spire (QoL Compilation)","Quick Restart","Reliquary","Shop Mod","Spicy Shops","StSLib","Thieving Mod"],"gold_per_floor":[110,110,126,136,136,170,189,189,213,213,244,244,244,244,244],"floor_reached":14,"language":"KOR","playtime":574,"items_purged":[],"score":157,"play_id":"5db8aee9-3299-4d57-b768-1789e50fb0b8","local_time":"20210221064614","is_ascension_mode":true,"campfire_choices":[{"data":"Body Slam","floor":8,"key":"SMITH"},{"data":"Body Slam","floor":12,"key":"SMITH"}],"circlet_count":0,"master_deck":["AscendersBane","Strike_R","Strike_R","Strike_R","Strike_R","Strike_R","Defend_R","Defend_R","Defend_R","Defend_R","Bash","Clothesline","Injury","Body Slam+1","Body Slam+1"],"relics":["Burning Blood","hubris:IronBody","hubris:FunFungus","reliquary:TridentHead","Frozen Egg 2","Sling","reliquary:TuningFork","Golden Idol","aspiration:Lifesprig","reliquary:JackalopeAntler","Letter Opener"],"acts_visited":["Exordium"],"potions_floor_usage":[6,6,6,11],"damage_taken":[{"damage":7,"enemies":"Jaw Worm","floor":1,"turns":3},{"damage":6,"enemies":"Cultist","floor":3,"turns":4},{"damage":0,"enemies":"2 Louse","floor":4,"turns":6},{"damage":25,"enemies":"Lagavulin","floor":6,"turns":8},{"damage":11,"enemies":"2 Fungi Beasts","floor":7,"turns":3},{"damage":6,"enemies":"3 Sentries","floor":11,"turns":5},{"damage":8,"enemies":"Lagavulin","floor":14,"turns":3}],"seed_played":"6191374644671995912","potions_obtained":[{"floor":1,"key":"Dexterity Potion"},{"floor":4,"key":"EntropicBrew"},{"floor":6,"key":"LiquidMemories"},{"floor":7,"key":"Energy Potion"}],"is_trial":false,"path_per_floor":["M","?","M","M","?","E","M","R","T","?","E","R","?","E"],"character_chosen":"IRONCLAD","items_purchased":["hubris:IronBody","hubris:FunFungus","reliquary:TridentHead","Frozen Egg 2","Sling"],"campfire_rested":0,"item_purchase_floors":[0,0,0,0,0],"current_hp_per_floor":[23,23,24,37,37,18,13,13,13,10,11,11,11,3,3],"gold":244,"neow_bonus":"","is_daily":false,"chose_seed":false,"campfire_upgraded":2,"win_rate":0.0,"timestamp":1613857574,"path_taken":["M","?","?","M","?","E","M","R","T","?","E","R","?","E"],"items_purchased_type":["Relic","Relic","Relic","Relic","Relic"],"build_version":"2020-12-22","purchased_purges":0,"victory":false,"max_hp_per_floor":[80,80,80,80,80,80,80,80,80,80,80,80,80,80,80],"card_choices":[{"not_picked":["Thunderclap","hubris:ReadiedAction","Pommel Strike"],"picked":"SKIP","floor":1},{"not_picked":["Pommel Strike","Burning Pact"],"picked":"Clothesline","floor":3},{"not_picked":["conspire:ExplosiveBarrier","Burning Pact","Warcry"],"picked":"SKIP","floor":4},{"not_picked":["Shrug It Off","Iron Wave"],"picked":"Body Slam","floor":6},{"not_picked":["Flex","Clash"],"picked":"Body Slam","floor":7},{"not_picked":["True Grit","Flame Barrier","Uppercut"],"picked":"SKIP","floor":11}],"player_experience":424443,"relics_obtained":[{"floor":6,"key":"aspiration:Lifesprig"},{"floor":11,"key":"Letter Opener"}],"event_choices":[{"damage_healed":0,"gold_gain":0,"player_choice":"Gave Potion","damage_taken":0,"relics_obtained":["reliquary:TuningFork"],"max_hp_gain":0,"max_hp_loss":0,"event_name":"WeMeetAgain","floor":2,"gold_loss":0},{"damage_healed":0,"gold_gain":0,"player_choice":"Take Wound","damage_taken":0,"relics_obtained":["Golden Idol"],"max_hp_gain":0,"max_hp_loss":0,"event_name":"Golden Idol","floor":5,"gold_loss":0,"cards_obtained":["Injury"]},{"damage_healed":0,"gold_gain":0,"player_choice":"Success","damage_taken":3,"relics_obtained":["reliquary:JackalopeAntler"],"max_hp_gain":0,"max_hp_loss":0,"event_name":"Scrap Ooze","floor":10,"gold_loss":0},{"damage_healed":0,"gold_gain":0,"player_choice":"Ignored","damage_taken":0,"max_hp_gain":0,"max_hp_loss":0,"event_name":"Liars Game","floor":13,"gold_loss":0}],"is_beta":false,"boss_relics":[],"items_purged_floors":[],"is_endless":false,"potions_floor_spawned":[1,4,6,7],"killed_by":"Lagavulin","ascension_level":12}}