{"host":"siu98xj5u8nq6xdu","time":1613800653,"event":{"mods":["AchievementEnabler","BaseMod","Colored Map","Colored Powertips","Minty Spire (QoL Compilation)"],"gold_per_floor":[117,117,131,131,231,272,272,308,308,321,337,337,315,490,490,490,490],"floor_reached":16,"language":"ENG","playtime":656,"items_purged":[],"score":167,"play_id":"cbdc7331-a48a-4543-94e5-a7578edb1765","local_time":"20210220005733","is_ascension_mode":true,"campfire_choices":[{"floor":7,"key":"REST"},{"floor":12,"key":"REST"},{"data":"Go for the Eyes","floor":15,"key":"SMITH"}],"circlet_count":0,"master_deck":["AscendersBane","Strike_B","Strike_B","Strike_B","Strike_B","Defend_B","Defend_B","Defend_B","Defend_B","Zap","Dualcast","Regret","Electrodynamics","Gash","Go for the Eyes+1","Ball Lightning","Chill","BootSequence+1","Chaos+1","Doubt"],"relics":["Cracked Core","InkBottle","Golden Idol","Nunchaku","Pear","Toxic Egg 2"],"acts_visited":["Exordium"],"potions_floor_usage":[],"damage_taken":[{"damage":3,"enemies":"Cultist","floor":1,"turns":3},{"damage":14,"enemies":"Jaw Worm","floor":3,"turns":3},{"damage":34,"enemies":"Gremlin Nob","floor":6,"turns":4},{"damage":30,"enemies":"Lagavulin","floor":8,"turns":7},{"damage":8,"enemies":"Small Slimes","floor":10,"turns":2},{"damage":2,"enemies":"3 Louse","floor":11,"turns":3},{"damage":37,"enemies":"The Guardian","floor":16,"turns":4}],"seed_played":"6725458132392209567","potions_obtained":[{"floor":1,"key":"SmokeBomb"},{"floor":8,"key":"SteroidPotion"},{"floor":11,"key":"LiquidBronze"}],"is_trial":false,"path_per_floor":["M","T","M","?","?","E","R","E","T","M","M","R","?","?","R","B"],"character_chosen":"DEFECT","items_purchased":[],"campfire_rested":2,"item_purchase_floors":[],"current_hp_per_floor":[65,65,51,51,51,17,37,17,17,9,7,30,30,30,30,0,0],"gold":490,"neow_bonus":"THREE_RARE_CARDS","is_daily":false,"chose_seed":false,"campfire_upgraded":1,"win_rate":0.0,"timestamp":1613800653,"path_taken":["M","?","M","?","?","E","R","E","T","M","?","R","?","?","R","BOSS"],"items_purchased_type":[],"build_version":"2020-12-22","purchased_purges":0,"victory":false,"max_hp_per_floor":[75,75,75,69,69,69,69,79,79,79,79,79,79,79,79,79,79],"card_choices":[{"not_picked":["Machine Learning","Core Surge"],"picked":"Electrodynamics","floor":0},{"not_picked":["Compile Driver","Force Field"],"picked":"Gash","floor":1},{"not_picked":["Chaos","White Noise"],"picked":"Go for the Eyes","floor":3},{"not_picked":["Beam Cell","Stack"],"picked":"Ball Lightning","floor":6},{"not_picked":["Barrage","Steam"],"picked":"Chill","floor":8},{"not_picked":["Blizzard","Barrage"],"picked":"BootSequence+1","floor":10},{"not_picked":["Skim+1","Beam Cell"],"picked":"Chaos+1","floor":11}],"player_experience":745668,"relics_obtained":[{"floor":2,"key":"InkBottle"},{"floor":6,"key":"Nunchaku"},{"floor":8,"key":"Pear"},{"floor":9,"key":"Toxic Egg 2"}],"event_choices":[{"damage_healed":0,"gold_gain":0,"player_choice":"Lose Max HP","damage_taken":0,"relics_obtained":["Golden Idol"],"max_hp_gain":0,"max_hp_loss":6,"event_name":"Golden Idol","floor":4,"gold_loss":0},{"damage_healed":0,"gold_gain":100,"player_choice":"Pray","damage_taken":0,"max_hp_gain":0,"max_hp_loss":0,"event_name":"Golden Shrine","floor":5,"gold_loss":0},{"damage_healed":0,"gold_gain":0,"player_choice":"Left Gold","damage_taken":0,"max_hp_gain":0,"max_hp_loss":0,"event_name":"World of Goop","floor":13,"gold_loss":22},{"damage_healed":0,"gold_gain":175,"player_choice":"AGREE","damage_taken":0,"max_hp_gain":0,"max_hp_loss":0,"event_name":"Liars Game","floor":14,"gold_loss":0,"cards_obtained":["Doubt"]}],"is_beta":false,"boss_relics":[],"items_purged_floors":[],"is_endless":false,"potions_floor_spawned":[1,8,11],"killed_by":"The Guardian","ascension_level":11}}