{"host":"df48i9djcn92c5sx","time":1613829949,"event":{"mods":["Act Like it!","Arknights","BaseMod","Decade(王小明)","Downfall","Gensokyo","Marisa（F雨　魔理沙）","Minty Spire (QoL Compilation)","READ ME - Guardian Mod","READ ME - Snecko Mod","Reimu（博丽灵梦）","Remilia（蕾米莉亚）","Shop Mod","StSLib","The Jungle","The Servant 0.9.4"],"gold_per_floor":[99,115,115,115,128,128,128,128,59,59,59,111,125,150,164,164,164,164],"floor_reached":16,"language":"ZHS","playtime":525,"items_purged":[],"score":146,"play_id":"e5ca94e3-d1ae-42aa-b693-dbd9f9e45328","local_time":"20210220220549","is_ascension_mode":true,"campfire_choices":[{"data":"champ:Taunt","floor":1.0,"key":"SMITH"},{"data":"champ:Duel","floor":6.0,"key":"SMITH"},{"data":"champ:StanceDance","floor":11.0,"key":"SMITH"}],"circlet_count":0,"master_deck":["champ:Strike","champ:Strike","champ:Strike","champ:Strike","champ:Defend+1","champ:Defend","champ:Defend","champ:Defend","champ:Execute+1","champ:Taunt+1","champ:TornadoPunch+1","downfall:Malfunctioning","champ:Duel+1","champ:BringItOn","champ:StanceDance+1","champ:Circumvent","champ:AdrenalArmor","champ:FocusedDefense","champ:EnGarde"],"relics":["champ:ChampionCrown","Juzu Bracelet","Pen Nib","champ:SpectersHand","Pear"],"acts_visited":["Exordium"],"potions_floor_usage":[],"damage_taken":[{"damage":37.0,"enemies":"ats:Genji","floor":2.0,"turns":5.0},{"damage":6.0,"enemies":"2 Louse","floor":5.0,"turns":2.0},{"damage":0.0,"enemies":"downfall:FleeingMerchant","floor":9.0,"turns":4.0},{"damage":0.0,"enemies":"3 Sentries","floor":12.0,"turns":3.0},{"damage":1.0,"enemies":"Jaw Worm","floor":13.0,"turns":3.0},{"damage":11.0,"enemies":"Lagavulin","floor":14.0,"turns":6.0},{"damage":1,"enemies":"Gremlin Gang","floor":15,"turns":3},{"damage":67,"enemies":"WA_ARCHETYPE_RETAIN","floor":16,"turns":12}],"seed_played":"2282190445026737964","potions_obtained":[{"floor":10.0,"key":"DistilledChaos"},{"floor":10.0,"key":"PowerPotion"},{"floor":10.0,"key":"ColorlessPotion"},{"floor":12.0,"key":"Weak Potion"},{"floor":13.0,"key":"FearPotion"}],"is_trial":false,"path_per_floor":["R","M","?","?","M","R","T","?","$","?","R","E","M","E","M","B"],"character_chosen":"THE_CHAMP","items_purchased":["champ:StanceDance"],"campfire_rested":0,"item_purchase_floors":[9],"current_hp_per_floor":[90,73,73,73,67,67,67,67,67,67,67,67,66,65,64,0,0,0],"gold":164,"neow_bonus":"RANDOM_COMMON_RELIC","is_daily":false,"chose_seed":false,"campfire_upgraded":3,"win_rate":0.0,"timestamp":1613829949,"path_taken":["R","M","?","?","M","R","T","?","$","?","R","E","M","E","M","BOSS"],"items_purchased_type":["Card"],"build_version":"2020-12-22","purchased_purges":0,"victory":false,"max_hp_per_floor":[90,90,90,90,90,90,90,90,90,90,90,90,90,100,100,100,100,100],"card_choices":[{"not_picked":["champ:FancyFootwork","champ:ShieldSigil"],"picked":"champ:TornadoPunch","floor":2.0},{"not_picked":["champ:TornadoPunch","champ:ShieldSigil"],"picked":"champ:Duel","floor":5.0},{"not_picked":["champ:BladeFlurry","champ:BerserkersShout"],"picked":"champ:BringItOn","floor":9.0},{"not_picked":["champ:BladeFlurry","champ:StanceDance"],"picked":"champ:Circumvent","floor":12.0},{"not_picked":["champ:RisingSlash","champ:Shatter"],"picked":"champ:AdrenalArmor","floor":13.0},{"not_picked":["champ:BringItOn","champ:EnGarde"],"picked":"champ:FocusedDefense","floor":14.0},{"not_picked":["champ:FancyFootwork","champ:GutPunch"],"picked":"champ:EnGarde","floor":15}],"player_experience":1601947,"relics_obtained":[{"floor":8.0,"key":"Pen Nib"},{"floor":12.0,"key":"champ:SpectersHand"},{"floor":14.0,"key":"Pear"}],"event_choices":[{"damage_healed":0.0,"max_hp_gain":0.0,"max_hp_loss":0.0,"gold_gain":0.0,"event_name":"Wheel of Change","player_choice":"Relic","floor":8.0,"gold_loss":0.0,"damage_taken":0.0},{"damage_healed":0.0,"max_hp_gain":0.0,"max_hp_loss":0.0,"gold_gain":0.0,"event_name":"Lab","player_choice":"Got Potions","floor":10.0,"gold_loss":0.0,"damage_taken":0.0}],"is_beta":false,"boss_relics":[],"items_purged_floors":[],"is_endless":false,"potions_floor_spawned":[12,13],"killed_by":"WA_ARCHETYPE_RETAIN","ascension_level":2}}