{"host":"bpr07pynnqpe5ded","time":1613855482,"event":{"mods":["2.2 Compatiblity","Aspiration","BaseMod","Better Note","Better Third Choice","BetterRewards","Downfall","Jorbs\u0027s Wanderer Trilogy","Minty Spire (QoL Compilation)","Replay The Spire","Shop Mod","StSLib","The Marked","??????REMEMod"],"gold_per_floor":[111,122,197,207,207,207,155,165,192,209,209,243,253,269,269,368,368,383,383,183,195,206,240,250,281,281,281,313,323,323,343,343,446,446,464,481,495,510,524,549,549,567,567,279,306,320,320,339,339,339,339,339,114,139,139],"floor_reached":56,"language":"ENG","playtime":4356,"items_purged":["Strike_G","Strike_G","Strike_G","Strike_G","Strike_G","Defend_G","Neutralize"],"score":1462,"play_id":"c1b52adb-2d0b-49e8-b9cd-f5557881cfac","local_time":"20210220211122","is_ascension_mode":false,"campfire_choices":[{"floor":11,"key":"REST"},{"data":"Reflex","floor":27,"key":"SMITH"},{"data":"Acrobatics","floor":30,"key":"SMITH"},{"data":"REME_Flogging","floor":32,"key":"SMITH"},{"floor":41,"key":"RECALL"},{"data":"REME_Flogging","floor":47,"key":"SMITH"},{"floor":49,"key":"DIG"},{"data":"ReplayTheSpireMod:Scrap Shanks","floor":52,"key":"SMITH"}],"circlet_count":0,"master_deck":["Defend_G+1","Defend_G+1","Defend_G","Defend_G","Survivor+1","REME_GreenPollution+1","Acrobatics","Concentrate","REME_Flogging+1","Reflex+1","ReplayTheSpireMod:Scrap Shanks+1","Dagger Throw","REME_Flogging+1","Accuracy+1","REME_GrazeFinale","ReplayTheSpireMod:Speed Training","Backflip+1","REME_GreenPollution","Reflex+1","Acrobatics+1","Calculated Gamble+1"],"relics":["Ring of the Snake","REME_ComplimentaryCards","Replay:Wax Seal","Mercury Hourglass","Letter Opener","Replay:Rubber Ducky","Darkstone Periapt","HoveringKite","Replay:Mystery Machine","Divine Protection","Onion Ring","MealTicket","Sozu","War Paint","Pantograph","Replay:Towering Pillar of Hats","aspiration:AnachronicSnailShell","Lantern","Simple Rune"],"acts_visited":["Exordium","TheCity","TheBeyond","TheEnding"],"potions_floor_usage":[6,14,16,24,33,50,55],"damage_taken":[{"damage":0,"enemies":"Cultist","floor":1,"turns":2},{"damage":0,"enemies":"2 Louse","floor":2,"turns":1},{"damage":0,"enemies":"Jaw Worm","floor":4,"turns":2},{"damage":0,"enemies":"Gremlin Nob","floor":6,"turns":2},{"damage":0,"enemies":"Exordium Wildlife","floor":8,"turns":2},{"damage":0,"enemies":"Exordium Thugs","floor":10,"turns":3},{"damage":0,"enemies":"3 Sentries","floor":12,"turns":2},{"damage":0,"enemies":"2 Fungi Beasts","floor":13,"turns":2},{"damage":0,"enemies":"Blue Slaver","floor":14,"turns":2},{"damage":0,"enemies":"Fading Forest","floor":16,"turns":7},{"damage":0,"enemies":"3 Byrds","floor":18,"turns":1},{"damage":0,"enemies":"Shell Parasite","floor":21,"turns":1},{"damage":0,"enemies":"Sentry and Sphere","floor":22,"turns":2},{"damage":21,"enemies":"Slavers","floor":23,"turns":3},{"damage":0,"enemies":"Snecko","floor":24,"turns":3},{"damage":2,"enemies":"Book of Stabbing","floor":25,"turns":2},{"damage":0,"enemies":"Slavers","floor":28,"turns":2},{"damage":0,"enemies":"Snake Plant","floor":29,"turns":2},{"damage":0,"enemies":"Cultist and Chosen","floor":31,"turns":2},{"damage":5,"enemies":"Collector","floor":33,"turns":3},{"damage":0,"enemies":"3 Shapes","floor":35,"turns":2},{"damage":0,"enemies":"3 Darklings","floor":36,"turns":1},{"damage":0,"enemies":"Writhing Mass","floor":37,"turns":2},{"damage":0,"enemies":"Spire Growth","floor":38,"turns":1},{"damage":7,"enemies":"4 Shapes","floor":39,"turns":2},{"damage":4,"enemies":"Nemesis","floor":40,"turns":2},{"damage":0,"enemies":"Sphere and 2 Shapes","floor":42,"turns":2},{"damage":0,"enemies":"R_Hoarder","floor":45,"turns":4},{"damage":0,"enemies":"Jaw Worm Horde","floor":46,"turns":2},{"damage":0,"enemies":"Writhing Mass","floor":48,"turns":2},{"damage":0,"enemies":"Replay:Hell Engine","floor":50,"turns":2},{"damage":0,"enemies":"Shield and Spear","floor":54,"turns":2},{"damage":0,"enemies":"The Heart","floor":55,"turns":2}],"seed_played":"-7121138347265438129","potions_obtained":[{"floor":4,"key":"SmokeBomb"},{"floor":8,"key":"PowerPotion"},{"floor":14,"key":"LiquidBronze"},{"floor":16,"key":"champ:CounterPotion"},{"floor":18,"key":"PowerPotion"},{"floor":23,"key":"PowerPotion"},{"floor":25,"key":"hexamod:SoulburnPotion"},{"floor":33,"key":"Fire Potion"}],"is_trial":false,"path_per_floor":["M","M","?","M","?","E","$","M","T","M","R","E","M","M","R","B",null,"M","?","$","M","M","E","M","E","T","R","E","M","R","M","R","B",null,"M","M","M","M","M","E","R","M","T","$","E","M","R","M","R","B",null,"R","$","E","B",null],"character_chosen":"THE_SILENT","items_purchased":["REME_GreenPollution+1","Acrobatics","Concentrate","Replay:Wax Seal","Mercury Hourglass","REME_Flogging","Reflex","Letter Opener","ReplayTheSpireMod:Scrap Shanks","Dagger Throw","Replay:Rubber Ducky","REME_Flogging","Weak Potion","Block Potion","Replay:Towering Pillar of Hats"],"campfire_rested":1,"item_purchase_floors":[0,0,0,0,0,0,0,0,0,0,0,0,0,7,44],"current_hp_per_floor":[28,28,17,17,17,17,17,17,17,17,38,38,38,38,59,70,70,70,70,70,70,70,70,70,68,68,68,68,68,68,68,68,63,70,70,70,70,70,70,66,66,66,66,70,70,70,70,70,70,70,70,70,70,70,70],"gold":139,"neow_bonus":"","is_daily":false,"chose_seed":false,"campfire_upgraded":5,"win_rate":0.0,"timestamp":1613855482,"path_taken":["M","?","?","M","?","E","?","?","T","M","R","E","M","M","R","BOSS","M","?","$","M","M","E","M","E","T","R","E","M","R","M","R","BOSS","M","M","M","M","M","E","R","M","T","$","E","M","R","M","R","BOSS","R","$","E","BOSS"],"items_purchased_type":["Card","Card","Card","Relic","Relic","Card","Card","Relic","Card","Card","Relic","Card","Potion","Potion","Relic"],"build_version":"2020-12-22","purchased_purges":7,"victory":true,"max_hp_per_floor":[70,70,70,70,70,70,70,70,70,70,70,70,70,70,70,70,70,70,70,70,70,70,70,70,70,70,70,70,70,70,70,70,70,70,70,70,70,70,70,70,70,70,70,70,70,70,70,70,70,70,70,70,70,70,70],"card_choices":[{"not_picked":["Outmaneuver","Blade Dance"],"picked":"Accuracy","floor":1},{"not_picked":["Underhanded Strike","Dash","Deflect"],"picked":"SKIP","floor":2},{"not_picked":["Flechettes","Sucker Punch","Dagger Throw"],"picked":"SKIP","floor":4},{"not_picked":["Hidden Blade","Endless Agony"],"picked":"REME_GrazeFinale","floor":8},{"not_picked":["Choke","Quick Slash","Dodge and Roll"],"picked":"SKIP","floor":10},{"not_picked":["Prepared","Caltrops","REME_LeechingPoison"],"picked":"SKIP","floor":12},{"not_picked":["Dagger Throw","Well Laid Plans"],"picked":"ReplayTheSpireMod:Speed Training","floor":13},{"not_picked":["Distraction","Dagger Spray"],"picked":"Backflip","floor":14},{"not_picked":["Slice+1","Bane"],"picked":"REME_GreenPollution","floor":18},{"not_picked":["Prepared","Quick Slash","ReplayTheSpireMod:Shiv Toss"],"picked":"SKIP","floor":21},{"not_picked":["Slice+1","Accuracy+1","REME_LeechingPoison"],"picked":"SKIP","floor":22},{"not_picked":["Slice+1","Accuracy+1","REME_LeechingPoison"],"picked":"SKIP","floor":22},{"not_picked":["Terror","Hidden Blade","Cloak And Dagger"],"picked":"SKIP","floor":23},{"not_picked":["Flechettes","Dagger Spray","Bane+1"],"picked":"SKIP","floor":24},{"not_picked":["REME_ShadowStrike","Outmaneuver","Backflip"],"picked":"SKIP","floor":25},{"not_picked":["Underhanded Strike","Infinite Blades+1"],"picked":"Acrobatics","floor":28},{"not_picked":["Masterful Stab+1","Flechettes+1","Hidden Blade"],"picked":"SKIP","floor":29},{"not_picked":["Backstab+1","ReplayTheSpireMod:Exploit Weakness+1","PiercingWail"],"picked":"SKIP","floor":31},{"not_picked":["PiercingWail+1","Blade Dance+1"],"picked":"Calculated Gamble+1","floor":35},{"not_picked":["Finisher+1","Underhanded Strike","Prepared"],"picked":"SKIP","floor":36},{"not_picked":["Prepared+1","Expertise","Distraction"],"picked":"SKIP","floor":37},{"not_picked":["Poisoned Stab+1","Quick Slash+1","Endless Agony+1"],"picked":"SKIP","floor":38},{"not_picked":["Backflip+1","Burst","Dagger Throw+1"],"picked":"SKIP","floor":39},{"not_picked":["Sucker Punch+1","Dash+1","Dagger Spray"],"picked":"SKIP","floor":40},{"not_picked":["Infinite Blades+1","Blade Dance","Backflip"],"picked":"SKIP","floor":42},{"not_picked":["Deflect","Riddle With Holes+1","ReplayTheSpireMod:Scrap Shanks"],"picked":"SKIP","floor":45},{"not_picked":["ReplayTheSpireMod:Scrap Shanks+1","Backflip","Bane+1"],"picked":"SKIP","floor":46},{"not_picked":["Quick Slash+1","Cloak And Dagger+1","ReplayTheSpireMod:From All Sides"],"picked":"SKIP","floor":48},{"not_picked":["PiercingWail","Reflex","Backflip"],"picked":"SKIP","floor":54}],"player_experience":1191445,"relics_obtained":[{"floor":12,"key":"Darkstone Periapt"},{"floor":23,"key":"Replay:Mystery Machine"},{"floor":25,"key":"Divine Protection"},{"floor":26,"key":"Onion Ring"},{"floor":28,"key":"MealTicket"},{"floor":40,"key":"War Paint"},{"floor":43,"key":"Pantograph"},{"floor":45,"key":"aspiration:AnachronicSnailShell"},{"floor":49,"key":"Lantern"},{"floor":54,"key":"Simple Rune"}],"event_choices":[{"damage_healed":0,"gold_gain":75,"player_choice":"Gold","damage_taken":11,"max_hp_gain":0,"max_hp_loss":0,"event_name":"betterThird:BetterGoop","floor":3,"gold_loss":0},{"damage_healed":17,"gold_gain":0,"player_choice":"Leave","damage_taken":0,"max_hp_gain":0,"max_hp_loss":70,"event_name":"betterThird:BetterShining","floor":5,"gold_loss":0}],"is_beta":false,"boss_relics":[{"not_picked":["Replay:Bronze Core","bronze:MakeshiftBattery"],"picked":"HoveringKite"},{"not_picked":["Runic Pyramid","Ring of the Serpent"],"picked":"Sozu"}],"items_purged_floors":[0,0,0,0,0,20,53],"is_endless":false,"potions_floor_spawned":[4,8,12,13,14,16,18,23,25,29,31,33,36,37,39,40],"ascension_level":0}}