{"host":"e60lxwgnuildi45x","time":1613801060,"event":{"mods":["ATMod(阿瑾Mod)","Act Like it!","BaseMod","Gensokyo","Hallownest","KinomotoSakuraMod(木之本樱)","Luminous","Marisa（F雨　魔理沙）","Minty Spire (QoL Compilation)","Nova Terra(诺娃・泰拉)","Pale of the Ancients","Quarter Circle Forward PUNCH!","Reimu（博丽灵梦）","Reliquary","Spicy Shops","StSLib","TestMod","The Hierophant","The Marked","WarShipGirlsR/战舰少女R mod","Warlord Emblem","Yakumo Yukari mod","Youmu（魂魄妖梦）","[GremlinLeader]The Maniac"],"gold_per_floor":[111,101,101,118,118,148,148,175,175,190,210,237,237,272,272,374,374,390,403,422,438,242,273,289,320,332,379,405,417,429,476,488,596,608,633,665,518,549,561,573,620,647,732,759,567,567,592,616,616,616,628,638,788,788,788,804,804,69,99,99],"floor_reached":0,"language":"ZHS","playtime":1905,"items_purged":["Defend_P","Strike_P","Defend_P"],"score":921,"play_id":"5ac4ee68-6bc4-4e88-8da6-d750078e15e6","local_time":"20210220140420","is_ascension_mode":true,"campfire_choices":[{"data":"Eruption","floor":15,"key":"SMITH"},{"data":"AT_MachinaRedman","floor":29,"key":"SMITH"},{"floor":32,"key":"REST"},{"data":"AT_KingSlayer","floor":40,"key":"SMITH"},{"data":"AT_KingSlayer","floor":46,"key":"SMITH"},{"floor":49,"key":"RECALL"},{"data":"AT_IrregularMenstruation","floor":55,"key":"SMITH"},{"data":"DevaForm","floor":57,"key":"SMITH"}],"circlet_count":0,"master_deck":["Vigilance","Eruption","Defend_P","Defend_P","Defend_P","Defend_P","Strike_P","Strike_P","Strike_P","Strike_P"],"relics":["PureWater","paleoftheancients:Timepiece"],"acts_visited":["Gensokyo:Gensokyo","Hallownest:CityofTears","Gensokyo:Gensokyoest","paleoftheancients:PaleOfTheAncients"],"potions_floor_usage":[6,12,25,25,31,35],"damage_taken":[{"damage":14,"enemies":"Gensokyo:2_Kodama","floor":1,"turns":4},{"damage":9,"enemies":"Gensokyo:3_Fairies","floor":4,"turns":4},{"damage":0,"enemies":"Gensokyo:Mamizou","floor":6,"turns":4},{"damage":30,"enemies":"Gensokyo:Aya","floor":8,"turns":4},{"damage":0,"enemies":"Gensokyo:Gryphon","floor":10,"turns":2},{"damage":11,"enemies":"Gensokyo:VengefulSpirit","floor":11,"turns":3},{"damage":2,"enemies":"Gensokyo:Cirno","floor":12,"turns":5},{"damage":0,"enemies":"Gensokyo:Aya","floor":14,"turns":2},{"damage":0,"enemies":"Gensokyo:Reimu","floor":16,"turns":2},{"damage":0,"enemies":"Hallownest:2_Mistakes","floor":18,"turns":1},{"damage":4,"enemies":"Hallownest:Flukemon_and_Top","floor":19,"turns":3},{"damage":0,"enemies":"Hallownest:monsterMisterMushroom","floor":20,"turns":1},{"damage":0,"enemies":"Hallownest:Master_and_Novice","floor":21,"turns":2},{"damage":0,"enemies":"Hallownest:eliteSoulWarrior","floor":23,"turns":1},{"damage":0,"enemies":"Hallownest:monsterShrumalOgre","floor":24,"turns":1},{"damage":28,"enemies":"Hallownest:eliteWatcherKnight","floor":25,"turns":6},{"damage":0,"enemies":"Hallownest:eliteSoulWarrior","floor":27,"turns":1},{"damage":12,"enemies":"Hallownest:3_Mistakes","floor":28,"turns":2},{"damage":14,"enemies":"Hallownest:eliteWatcherKnight","floor":31,"turns":8},{"damage":0,"enemies":"Hallownest:BossGrimm","floor":33,"turns":1},{"damage":25,"enemies":"Gensokyo:3_Bats","floor":35,"turns":4},{"damage":0,"enemies":"Gensokyo:3_Boulders","floor":36,"turns":3},{"damage":0,"enemies":"Gensokyo:Rafflesia","floor":38,"turns":2},{"damage":0,"enemies":"Gensokyo:Marisa","floor":41,"turns":1},{"damage":0,"enemies":"Gensokyo:Sharpion","floor":42,"turns":1},{"damage":0,"enemies":"Gensokyo:3_Boulders","floor":44,"turns":2},{"damage":0,"enemies":"Gensokyo:Doremy","floor":47,"turns":1},{"damage":0,"enemies":"Gensokyo:Yuyuko","floor":50,"turns":2},{"damage":0,"enemies":"Gensokyo:Yuyuko","floor":51,"turns":1},{"damage":0,"enemies":"Gensokyo:Yuyuko","floor":52,"turns":1},{"damage":0,"enemies":"Gensokyo:Yuyuko","floor":56,"turns":1}],"seed_played":"-8683623186689688265","potions_obtained":[{"floor":4,"key":"Explosive Potion"},{"floor":6,"key":"Regen Potion"},{"floor":10,"key":"Explosive Potion"},{"floor":11,"key":"AttackPotion"},{"floor":12,"key":"Swift Potion"},{"floor":25,"key":"Swift Potion"},{"floor":28,"key":"ZuzhouPotion:ReiMu"},{"floor":38,"key":"BlessingOfTheForge"},{"floor":41,"key":"AttackPotion"}],"is_trial":false,"path_per_floor":["M","?","?","M","$","E","$","E","T","M","M","E","?","E","R","B",null,"M","M","M","M","$","E","M","E","T","E","M","R","?","E","R","B",null,"M","M","COS","M","?","R","E","M","T","M","$","R","E","T","R","B","M","M","?","T","R","M","R","$","?"],"character_chosen":"WATCHER","items_purchased":["Pear","Membership Card","Apotheosis","reliquary:TridentHead","testmod-AssaultLearning","Strange Spoon","reliquary:RosewoodLute","AT_SilverBalance","Cauldron"],"campfire_rested":1,"item_purchase_floors":[22,45,58,58,58,58,58,58,58],"current_hp_per_floor":[58,58,79,70,70,72,72,42,42,44,35,35,35,37,37,37,76,78,76,78,80,90,92,94,68,68,70,58,58,58,46,81,81,108,95,95,95,97,126,126,128,130,130,132,132,132,134,134,134,134,136,138,138,138,138,140,140,140,0,0],"gold":99,"neow_bonus":"TEN_PERCENT_HP_BONUS","is_daily":false,"chose_seed":false,"campfire_upgraded":6,"win_rate":0.0,"timestamp":1613801060,"path_taken":["M","?","?","M","?","E","$","E","T","M","M","E","?","E","R","BOSS","M","M","M","M","$","E","M","E","T","E","M","R","?","E","R","BOSS","M","M","COS","M","?","R","E","M","T","M","$","R","E","?","R","BOSS","M","M","?","T","R","M","R","$","?"],"items_purchased_type":["Relic","Relic","Card","Relic","Relic","Relic","Relic","Relic","Relic"],"build_version":"2020-12-22","purchased_purges":3,"victory":false,"max_hp_per_floor":[79,79,79,79,79,81,81,81,81,83,85,87,87,89,89,89,89,91,93,95,97,107,109,111,113,113,115,115,115,115,117,117,117,117,117,117,117,119,126,126,128,130,130,132,132,132,134,134,134,134,136,138,138,138,138,140,140,140,72,72],"card_choices":[{"not_picked":["SashWhip","Nirvana"],"picked":"ThirdEye","floor":1},{"not_picked":[],"picked":"Crescendo","floor":2},{"not_picked":[],"picked":"AT_MachinaRedman","floor":2},{"not_picked":["Protect","SandsOfTime"],"picked":"AT_ChampionStep","floor":4},{"not_picked":["FlurryOfBlows","Wireheading","CutThroughFate"],"picked":"Singing Bowl","floor":6},{"not_picked":["AT_DivineConfetti","WreathOfFlame"],"picked":"FlurryOfBlows","floor":8},{"not_picked":["Wallop","Crescendo","Study"],"picked":"Singing Bowl","floor":10},{"not_picked":["Prostrate","MentalFortress","Crescendo"],"picked":"Singing Bowl","floor":11},{"not_picked":["SashWhip","Wallop","Halt"],"picked":"Singing Bowl","floor":12},{"not_picked":["LikeWater","Crescendo","Consecrate"],"picked":"Singing Bowl","floor":14},{"not_picked":["Judgement","Scrawl"],"picked":"AT_IrregularMenstruation","floor":16},{"not_picked":["FlurryOfBlows","EmptyBody+1","Prostrate+1"],"picked":"Singing Bowl","floor":18},{"not_picked":["CrushJoints","AT_DivineConfetti","Protect"],"picked":"Singing Bowl","floor":19},{"not_picked":["EmptyFist+1","Pray+1","BowlingBash"],"picked":"Singing Bowl","floor":20},{"not_picked":["Protect","Fasting2","ThirdEye"],"picked":"Singing Bowl","floor":21},{"not_picked":["TalkToTheHand+1","Perseverance","BattleHymn"],"picked":"Singing Bowl","floor":23},{"not_picked":["PathToVictory","Conclude","Crescendo"],"picked":"Singing Bowl","floor":24},{"not_picked":["DeusExMachina","Halt","FlurryOfBlows"],"picked":"Singing Bowl","floor":25},{"not_picked":["Scrawl","Consecrate","Evaluate"],"picked":"Singing Bowl","floor":27},{"not_picked":["Crescendo","ClearTheMind"],"picked":"FollowUp","floor":28},{"not_picked":["Devotion","Indignation","CutThroughFate"],"picked":"Singing Bowl","floor":31},{"not_picked":["Establishment","Brilliance"],"picked":"DevaForm","floor":33},{"not_picked":["Swivel","AT_OneInchPunch"],"picked":"InnerPeace+1","floor":35},{"not_picked":["PathToVictory","Consecrate+1"],"picked":"Adaptation+1","floor":36},{"not_picked":["CutThroughFate+1","Prostrate+1","ClearTheMind"],"picked":"Singing Bowl","floor":38},{"not_picked":["Evaluate+1","Adaptation+1","LikeWater"],"picked":"Singing Bowl","floor":41},{"not_picked":["AT_OneInchPunch","ClearTheMind","FlyingSleeves"],"picked":"Singing Bowl","floor":42},{"not_picked":["SandsOfTime+1","Protect+1","TalkToTheHand+1"],"picked":"Singing Bowl","floor":44},{"not_picked":["Crescendo+1","WheelKick+1","CutThroughFate+1"],"picked":"Singing Bowl","floor":47},{"not_picked":["Crescendo","PathToVictory","Prostrate"],"picked":"Singing Bowl","floor":51},{"not_picked":["CutThroughFate+1","AT_DivineConfetti+1","Nirvana"],"picked":"Singing Bowl","floor":52},{"not_picked":["AT_RealColorLess","EmptyFist","CrushJoints+1"],"picked":"Singing Bowl","floor":56}],"player_experience":557830,"relics_obtained":[{"floor":6,"key":"Singing Bowl"},{"floor":8,"key":"testmod-IndustrialRevolution"},{"floor":9,"key":"qcfpunch:Chain_With_Nametags"},{"floor":12,"key":"reliquary:PartyBalloon"},{"floor":14,"key":"qcfpunch:Red_Beret"},{"floor":23,"key":"Lizard Tail"},{"floor":25,"key":"MawBank"},{"floor":27,"key":"War Paint"},{"floor":31,"key":"Boot"},{"floor":41,"key":"Akabeko"},{"floor":43,"key":"HornCleat"},{"floor":47,"key":"CrazyTorch:ReiMu"},{"floor":48,"key":"reliquary:ExpiredCoupon"},{"floor":51,"key":"paleoftheancients:SoulOfTheBard"},{"floor":52,"key":"paleoftheancients:SoulOfTheIroncluck"},{"floor":54,"key":"reliquary:BallBearing"},{"floor":56,"key":"paleoftheancients:SoulOfTheDefect"}],"event_choices":[{"damage_healed":0,"gold_gain":0,"player_choice":"Swap Relic","damage_taken":0,"relics_obtained":["Lee\u0027s Waffle"],"max_hp_gain":0,"max_hp_loss":0,"event_name":"给自己的盒子","floor":39,"relics_lost":["Lee\u0027s Waffle"],"gold_loss":0},{"damage_healed":0,"gold_gain":150,"player_choice":"Sell","damage_taken":0,"max_hp_gain":0,"max_hp_loss":0,"event_name":"恩洛斯的盘子","floor":53,"relics_lost":["MawBank"],"gold_loss":0}],"is_beta":false,"boss_relics":[{"not_picked":["Runic Dome","reliquary:Solitaire"],"picked":"SlaversCollar"},{"not_picked":["Astrolabe","Coffee Dripper"],"picked":"VioletLotus"}],"items_purged_floors":[22,45,58],"is_endless":false,"potions_floor_spawned":[4,6,10,11,12,19,21,24,25,28,38,41,47,52,56],"ascension_level":9}}