{"host":"tf5skwcwe0vlu2md","time":1613824001,"event":{"mods":["BaseMod","Downfall","Highlight Path","Minty Spire (QoL Compilation)","Quick Restart","StSLib","The Hierophant"],"gold_per_floor":[18,37,37,52,68,101,112,141,193,204,204,220,236,263,263,359,359,369,369,381,400,75,75,106,106,106,206,234,234,42,60,60,155,155,168,183,202,9,24,57,57,90,158,158,158],"floor_reached":44,"playtime":3872,"items_purged":[],"score":723,"play_id":"5efdef62-8dd8-416f-9614-dd4ed678a931","local_time":"20210220232641","is_ascension_mode":true,"campfire_choices":[{"data":"Reinforced Body","floor":11,"key":"SMITH"},{"data":"Doom and Gloom","floor":15,"key":"SMITH"},{"data":"Zap","floor":23,"key":"SMITH"},{"data":"White Noise","floor":25,"key":"SMITH"},{"floor":32,"key":"REST"},{"data":"Apotheosis","floor":41,"key":"SMITH"}],"circlet_count":0,"master_deck":["Strike_B","Strike_B","Strike_B","Defend_B","Defend_B","Zap+1","Dualcast","Sunder+1","Doom and Gloom+1","White Noise+1","Reinforced Body+1","Rebound","Conserve Battery","Undo","Darkness","Ball Lightning+1","Electrodynamics","Hello World","Core Surge","Tempest+1","Ball Lightning+1","Darkness","Leap","Loop","Fission","Blizzard+1","Static Discharge+1","Creative AI+1","Skim+1","Stack+1","Double Energy+1","Apotheosis+1","Parasite","Steam Power+1","Aggregate+1"],"relics":["Cracked Core","Turnip","Pen Nib","Meat on the Bone","Potion Belt","InkBottle","Nuclear Battery","Ice Cream","Art of War","CaptainsWheel","White Beast Statue","Bottled Flame","Whetstone","Astrolabe","Dead Branch","Oddly Smooth Stone","Pear"],"acts_visited":["Exordium","TheCity","TheBeyond"],"potions_floor_usage":[8,13,14,16,16,21,24,33,33,36,39,39,40,40,40,42,44],"damage_taken":[{"damage":1,"enemies":"Cultist","floor":1,"turns":3},{"damage":12,"enemies":"Jaw Worm","floor":2,"turns":2},{"damage":0,"enemies":"2 Louse","floor":4,"turns":1},{"damage":8,"enemies":"Large Slime","floor":5,"turns":4},{"damage":44,"enemies":"Gremlin Nob","floor":6,"turns":5},{"damage":0,"enemies":"Exordium Thugs","floor":7,"turns":2},{"damage":20,"enemies":"Lagavulin","floor":8,"turns":5},{"damage":0,"enemies":"Looter","floor":10,"turns":3},{"damage":0,"enemies":"Lots of Slimes","floor":12,"turns":2},{"damage":9,"enemies":"Exordium Thugs","floor":13,"turns":4},{"damage":6,"enemies":"Gremlin Nob","floor":14,"turns":5},{"damage":0,"enemies":"Slime Boss","floor":16,"turns":4},{"damage":0,"enemies":"Chosen","floor":18,"turns":4},{"damage":15,"enemies":"3 Byrds","floor":20,"turns":4},{"damage":0,"enemies":"Centurion and Healer","floor":21,"turns":4},{"damage":9,"enemies":"Slavers","floor":24,"turns":2},{"damage":22,"enemies":"Colosseum Slavers","floor":27,"turns":2},{"damage":18,"enemies":"Colosseum Nobs","floor":27,"turns":3},{"damage":28,"enemies":"Book of Stabbing","floor":28,"turns":4},{"damage":24,"enemies":"Snake Plant","floor":31,"turns":2},{"damage":52,"enemies":"Collector","floor":33,"turns":12},{"damage":0,"enemies":"3 Shapes","floor":35,"turns":2},{"damage":33,"enemies":"3 Darklings","floor":36,"turns":5},{"damage":9,"enemies":"Jaw Worm Horde","floor":37,"turns":3},{"damage":9,"enemies":"Writhing Mass","floor":39,"turns":6},{"damage":12,"enemies":"Giant Head","floor":40,"turns":8},{"damage":42,"enemies":"Reptomancer","floor":42,"turns":4},{"damage":40,"enemies":"Transient","floor":44,"turns":4}],"seed_played":"-6317244114587172839","potions_obtained":[{"floor":1,"key":"Dexterity Potion"},{"floor":4,"key":"Strength Potion"},{"floor":6,"key":"Regen Potion"},{"floor":10,"key":"Swift Potion"},{"floor":12,"key":"SpeedPotion"},{"floor":13,"key":"Dexterity Potion"},{"floor":14,"key":"FearPotion"},{"floor":20,"key":"Block Potion"},{"floor":28,"key":"Explosive Potion"},{"floor":31,"key":"SneckoOil"},{"floor":33,"key":"SneckoOil"},{"floor":35,"key":"Strength Potion"},{"floor":36,"key":"PowerPotion"},{"floor":37,"key":"SkillPotion"},{"floor":39,"key":"PotionOfCapacity"},{"floor":40,"key":"Explosive Potion"},{"floor":42,"key":"Strength Potion"}],"is_trial":false,"path_per_floor":["M","M","?","M","M","E","M","E","T","M","R","M","M","E","R","B",null,"M","?","M","M","$","R","E","R","T","?","E","?","$","M","R","B",null,"M","M","M","$","M","E","R","E","T","M"],"character_chosen":"DEFECT","items_purchased":["Ice Cream","Ball Lightning","Loop","Whetstone","Apotheosis"],"campfire_rested":1,"item_purchase_floors":[22,22,30,30,38],"current_hp_per_floor":[74,62,62,62,54,10,10,4,4,16,16,28,31,37,37,49,75,75,75,60,60,60,60,51,51,51,35,19,44,44,32,54,14,75,75,42,45,45,48,48,48,18,28,0,0],"gold":158,"neow_bonus":"ONE_RARE_RELIC","is_daily":false,"chose_seed":false,"campfire_upgraded":5,"win_rate":0.0,"timestamp":1613824001,"path_taken":["M","?","?","M","M","E","?","E","T","M","R","M","M","E","R","BOSS","M","?","?","M","$","R","E","R","T","?","E","?","$","M","R","BOSS","M","M","M","$","M","E","R","E","T","M"],"items_purchased_type":["Relic","Card","Card","Relic","Card"],"build_version":"2020-12-13","purchased_purges":0,"victory":false,"max_hp_per_floor":[75,75,75,75,75,75,75,75,75,75,75,75,75,75,75,75,75,75,75,75,75,75,75,75,75,75,75,75,75,75,75,75,75,75,75,75,75,75,75,75,75,75,85,85,85],"card_choices":[{"not_picked":["Ball Lightning","Heatsinks"],"picked":"Sunder","floor":1},{"not_picked":["Gash","Coolheaded"],"picked":"Doom and Gloom","floor":2},{"not_picked":["Reprogram","Genetic Algorithm"],"picked":"White Noise","floor":4},{"not_picked":["Conserve Battery","Genetic Algorithm"],"picked":"Reinforced Body","floor":5},{"not_picked":["Steam","Cold Snap"],"picked":"Rebound","floor":6},{"not_picked":["Redo","Go for the Eyes"],"picked":"Conserve Battery","floor":7},{"not_picked":["Steam","Turbo"],"picked":"Undo","floor":8},{"not_picked":["Hologram","Streamline"],"picked":"Darkness","floor":10},{"not_picked":["Sunder","Go for the Eyes"],"picked":"Ball Lightning","floor":12},{"not_picked":["Coolheaded","Rebound"],"picked":"Electrodynamics","floor":13},{"not_picked":["Storm","Steam"],"picked":"Hello World","floor":14},{"not_picked":["Creative AI","Meteor Strike"],"picked":"Core Surge","floor":16},{"not_picked":["Coolheaded+1","Streamline"],"picked":"Darkness","floor":18},{"not_picked":["Compile Driver","Rebound","Consume"],"picked":"SKIP","floor":20},{"not_picked":["Turbo","Recycle"],"picked":"Tempest+1","floor":21},{"not_picked":["White Noise","Hologram","Stack"],"picked":"SKIP","floor":24},{"not_picked":["Gash+1","Go for the Eyes"],"picked":"Darkness","floor":27},{"not_picked":["Gash","Static Discharge"],"picked":"Leap","floor":28},{"not_picked":["Hologram","Streamline","Coolheaded"],"picked":"SKIP","floor":31},{"not_picked":["Buffer","Thunder Strike"],"picked":"Fission","floor":33},{"not_picked":["Sweeping Beam+1","Hello World+1"],"picked":"Skim+1","floor":35},{"not_picked":["Ball Lightning","Steam+1"],"picked":"Stack+1","floor":36},{"not_picked":["Rebound+1","Turbo"],"picked":"Double Energy+1","floor":37},{"not_picked":["Leap","Coolheaded+1","Steam"],"picked":"SKIP","floor":39},{"not_picked":["Hyperbeam","Leap"],"picked":"Steam Power+1","floor":40},{"not_picked":["Blizzard+1","Sweeping Beam"],"picked":"Aggregate+1","floor":42}],"player_experience":294845,"relics_obtained":[{"floor":6,"key":"Pen Nib"},{"floor":8,"key":"Meat on the Bone"},{"floor":9,"key":"Potion Belt"},{"floor":14,"key":"InkBottle"},{"floor":24,"key":"Art of War"},{"floor":27,"key":"CaptainsWheel"},{"floor":27,"key":"White Beast Statue"},{"floor":28,"key":"Bottled Flame"},{"floor":40,"key":"Dead Branch"},{"floor":42,"key":"Oddly Smooth Stone"},{"floor":43,"key":"Pear"}],"event_choices":[{"damage_healed":0,"gold_gain":0,"player_choice":"Forge","damage_taken":0,"max_hp_gain":0,"max_hp_loss":0,"event_name":"Accursed Blacksmith","floor":3,"gold_loss":0,"cards_upgraded":["Sunder"]},{"cards_removed":["Defend_B"],"damage_healed":0,"gold_gain":0,"player_choice":"Offered Basic","damage_taken":0,"max_hp_gain":0,"max_hp_loss":0,"event_name":"Bonfire Elementals","floor":19,"gold_loss":0},{"damage_healed":0,"gold_gain":0,"player_choice":"Fight","damage_taken":0,"max_hp_gain":0,"max_hp_loss":0,"event_name":"Colosseum","floor":27,"gold_loss":0},{"damage_healed":0,"gold_gain":0,"player_choice":"Fought Nobs","damage_taken":0,"max_hp_gain":0,"max_hp_loss":0,"event_name":"Colosseum","floor":27,"gold_loss":0},{"damage_healed":25,"gold_gain":0,"player_choice":"Heal","damage_taken":0,"max_hp_gain":0,"max_hp_loss":0,"event_name":"The Library","floor":29,"gold_loss":0}],"is_beta":false,"boss_relics":[{"not_picked":["Sozu","Coffee Dripper"],"picked":"Nuclear Battery"},{"not_picked":["Pandora\u0027s Box","FrozenCore"],"picked":"Astrolabe"}],"items_purged_floors":[],"is_endless":false,"potions_floor_spawned":[1,4,6,10,12,13,14,20,27,28,31,33,35,36,37,39,40,42],"killed_by":"Transient","ascension_level":3}}