{"host":"dm3der2z84gf27js","time":1613799155,"event":{"mods":["AchievementEnabler","BaseMod","Bestiary","Better Note","Better Third Choice","Colored Map","Colored Powertips","Marisa????????","Minty Spire (QoL Compilation)","Onozuka Komachi Mod","StSLib","The Marked","The Servant 0.9.4"],"gold_per_floor":[112,112,37,47,62,87,103,130,130,160,179,179,206,7,7,107,107,122,136,136,165,217,217,263,321,367,367,404,404,57,101,101,286,286,305,353,390,28,43,43,99,149,149,202,202,219,381,406,406,406,406,406,15,44,44],"floor_reached":56,"language":"ENG","playtime":3886,"items_purged":["Pain"],"score":1508,"play_id":"84ee5452-85fa-40a9-82b5-3532d15cbbdc","local_time":"20210220003235","is_ascension_mode":true,"campfire_choices":[{"floor":12,"key":"REST"},{"floor":15,"key":"REST"},{"floor":23,"key":"REST"},{"floor":27,"key":"REST"},{"floor":29,"key":"RECALL"},{"floor":32,"key":"REST"},{"data":"1","floor":40,"key":"LIFT"},{"data":"2","floor":45,"key":"LIFT"},{"data":"3","floor":49,"key":"LIFT"},{"data":"CasketOfStar","floor":52,"key":"SMITH"}],"circlet_count":0,"master_deck":["Strike_MRS","Strike_MRS","Strike_MRS","Strike_MRS","Defend_MRS","Defend_MRS","Defend_MRS","MasterSpark","UpSweep","AsteroidBelt","DarkMatter","NonDirectionalLaser","DeepEcoloBomb","OortCloud","MysteriousBeam","CasketOfStar","PulseMagic","GrandCross","PowerUp","CasketOfStar+1","MilkyWay","GravityBeat+1","Robbery+1","UnstableBomb","AsteroidBelt","Acceleration+1","EnergyRecoil","OpenUniverse","MilkyWay","ShootingEcho+1","ManaRampage","MagicAbsorber","6A+1","UnstableBomb+1","IllusionStar+1","SatelliteIllusion","StarlightTyphoon+1","IllusionStar+1","GasGiant","EarthLightRay+1","MagicChant+1","AsteroidBelt","PowerUp","IllusionStar","MagicChant"],"relics":["BewitchedHakkero","Du-Vu Doll","Bag of Preparation","Bronze Scales","AmplifyWand","Girya","The Courier","BreadOfAWashokuLover","Red Mask","Pen Nib","Anchor","SimpleLauncher","RampagingMagicTools","FossilizedHelix","Lee\u0027s Waffle","Lizard Tail","Strawberry","StoneCalendar","Gremlin Horn","Mango","CatCart","Gambling Chip","Ornamental Fan","Oddly Smooth Stone"],"acts_visited":["Exordium","TheCity","TheBeyond","TheEnding"],"potions_floor_usage":[6,8,16,19,21,21,22,31,31,31,31,33,35,44,47,47,54,55,55,55,55,55,55],"damage_taken":[{"damage":1,"enemies":"Small Slimes","floor":1,"turns":3},{"damage":0,"enemies":"Cultist","floor":4,"turns":2},{"damage":0,"enemies":"Jaw Worm","floor":5,"turns":4},{"damage":21,"enemies":"3 Sentries","floor":6,"turns":8},{"damage":16,"enemies":"Exordium Thugs","floor":7,"turns":8},{"damage":6,"enemies":"Lagavulin","floor":8,"turns":5},{"damage":12,"enemies":"3 Sentries","floor":10,"turns":4},{"damage":5,"enemies":"Blue Slaver","floor":11,"turns":3},{"damage":4,"enemies":"Gremlin Nob","floor":13,"turns":3},{"damage":14,"enemies":"The Guardian","floor":16,"turns":6},{"damage":0,"enemies":"Spheric Guardian","floor":18,"turns":3},{"damage":6,"enemies":"Chosen","floor":19,"turns":3},{"damage":3,"enemies":"Centurion and Healer","floor":21,"turns":4},{"damage":32,"enemies":"Masked Bandits","floor":22,"turns":4},{"damage":27,"enemies":"Book of Stabbing","floor":24,"turns":4},{"damage":18,"enemies":"Sentry and Sphere","floor":25,"turns":5},{"damage":6,"enemies":"Gremlin Leader","floor":28,"turns":6},{"damage":18,"enemies":"Cultist and Chosen","floor":31,"turns":4},{"damage":28,"enemies":"Champ","floor":33,"turns":9},{"damage":7,"enemies":"Orb Walker","floor":35,"turns":3},{"damage":22,"enemies":"2 Orb Walkers","floor":36,"turns":4},{"damage":8,"enemies":"3 Shapes","floor":37,"turns":11},{"damage":0,"enemies":"Transient","floor":39,"turns":5},{"damage":0,"enemies":"Giant Head","floor":41,"turns":5},{"damage":31,"enemies":"Mind Bloom Boss Battle","floor":42,"turns":5},{"damage":0,"enemies":"Reptomancer","floor":44,"turns":3},{"damage":0,"enemies":"Sphere and 2 Shapes","floor":46,"turns":2},{"damage":0,"enemies":"Orin","floor":47,"turns":7},{"damage":0,"enemies":"Nemesis","floor":48,"turns":3},{"damage":9,"enemies":"Awakened One","floor":50,"turns":5},{"damage":14,"enemies":"Shield and Spear","floor":54,"turns":4},{"damage":107,"enemies":"The Heart","floor":55,"turns":6}],"seed_played":"2989326273844831194","potions_obtained":[{"floor":5,"key":"GamblersBrew"},{"floor":6,"key":"PowerPotion"},{"floor":11,"key":"SteroidPotion"},{"floor":13,"key":"BlessingOfTheForge"},{"floor":16,"key":"DistilledChaos"},{"floor":18,"key":"Energy Potion"},{"floor":19,"key":"BlessingOfTheForge"},{"floor":21,"key":"Ancient Potion"},{"floor":28,"key":"EntropicBrew"},{"floor":33,"key":"Fire Potion"},{"floor":35,"key":"BottledSpark"},{"floor":37,"key":"LiquidBronze"},{"floor":39,"key":"DuplicationPotion"}],"is_trial":false,"path_per_floor":["M","?","$","M","M","E","M","E","T","E","M","R","E","$","R","B",null,"M","M","?","M","?","R","E","M","T","R","E","R","$","M","R","B",null,"M","?","M","$","M","R","E","?","T","E","R","M","?","E","R","B",null,"R","$","E","B",null],"character_chosen":"MARISA","items_purchased":["BreadOfAWashokuLover","SimpleLauncher","MilkyWay","Regen Potion","Lee\u0027s Waffle","Lizard Tail","Ornamental Fan","AsteroidBelt","PowerUp","IllusionStar","EntropicBrew"],"campfire_rested":5,"item_purchase_floors":[14,30,30,30,38,38,53,53,53,53,53],"current_hp_per_floor":[74,74,74,74,74,53,37,31,31,19,14,36,32,32,54,40,75,75,69,69,66,34,56,29,11,11,33,27,27,27,21,43,15,75,68,46,64,95,95,95,102,71,71,85,85,85,85,85,85,82,116,116,116,102,58],"gold":44,"neow_bonus":"ONE_RARE_RELIC","is_daily":false,"chose_seed":false,"campfire_upgraded":1,"win_rate":0.0,"timestamp":1613799155,"path_taken":["M","?","$","M","?","E","M","E","T","E","M","R","E","?","R","BOSS","M","M","?","M","?","R","E","M","T","R","E","R","?","M","R","BOSS","M","?","M","$","M","R","E","?","T","E","R","M","?","E","R","BOSS","R","$","E","BOSS"],"items_purchased_type":["Relic","Relic","Card","Potion","Relic","Relic","Relic","Card","Card","Card","Potion"],"build_version":"2020-12-22","purchased_purges":1,"victory":true,"max_hp_per_floor":[75,75,75,75,75,75,75,75,75,75,75,75,75,75,75,75,75,75,75,75,75,75,75,75,75,75,75,75,75,75,75,75,75,75,75,75,88,95,95,95,102,102,102,116,116,116,116,116,116,116,116,116,116,116,116],"card_choices":[{"not_picked":["DragonMeteor","GasGiant"],"picked":"AsteroidBelt","floor":1},{"not_picked":["LuminesStrike","GalacticHalo"],"picked":"NonDirectionalLaser","floor":4},{"not_picked":["Orbital","UnstableBomb"],"picked":"DeepEcoloBomb","floor":5},{"not_picked":["SporeBomb","WitchOfGreed"],"picked":"OortCloud","floor":6},{"not_picked":["UnstableBomb","GalacticHalo"],"picked":"MysteriousBeam","floor":7},{"not_picked":["Orbital","EnergyRecoil"],"picked":"CasketOfStar","floor":8},{"not_picked":["DoubleSpark","OortCloud"],"picked":"PulseMagic","floor":10},{"not_picked":["GasGiant","UnstableBomb"],"picked":"GrandCross","floor":11},{"not_picked":["DC","MysteriousBeam"],"picked":"PowerUp","floor":13},{"not_picked":["MaximisePower","JA"],"picked":"CasketOfStar","floor":16},{"not_picked":["GrandCross+1","PowerUp"],"picked":"MilkyWay","floor":18},{"not_picked":["DoubleSpark","EventHorizon"],"picked":"GravityBeat+1","floor":19},{"not_picked":["LuminesStrike","MysteriousBeam+1"],"picked":"UnstableBomb","floor":21},{"not_picked":["OortCloud","LuminesStrike"],"picked":"AsteroidBelt","floor":22},{"not_picked":["BlazeAway","BigCrunch"],"picked":"Acceleration+1","floor":24},{"not_picked":["DC","DeepEcoloBomb"],"picked":"EnergyRecoil","floor":25},{"not_picked":["UnstableBomb","GrandCross"],"picked":"OpenUniverse","floor":28},{"not_picked":["SporeBomb","WitchOfGreed+1"],"picked":"ShootingEcho+1","floor":31},{"not_picked":["StarDustReverie","BlazingStar"],"picked":"ManaRampage","floor":33},{"not_picked":["AlicesGift","GravityBeat+1"],"picked":"MagicAbsorber","floor":35},{"not_picked":["ChargeUpSpray","GrandCross+1"],"picked":"6A+1","floor":36},{"not_picked":["ManaConvection","WitchLeyline"],"picked":"UnstableBomb+1","floor":37},{"not_picked":["AlicesGift","Robbery+1"],"picked":"IllusionStar+1","floor":39},{"not_picked":["IllusionStar+1","MagicAbsorber+1"],"picked":"SatelliteIllusion","floor":41},{"not_picked":["UnstableBomb+1","LuminesStrike+1"],"picked":"StarlightTyphoon+1","floor":42},{"not_picked":["OpenUniverse+1","MachineGunSpark+1"],"picked":"IllusionStar+1","floor":44},{"not_picked":["GravityBeat","ShootingEcho+1"],"picked":"GasGiant","floor":46},{"not_picked":["NonDirectionalLaser","GalacticHalo+1"],"picked":"EarthLightRay+1","floor":47},{"not_picked":["ShootingEcho","MagicAbsorber+1"],"picked":"MagicChant+1","floor":48},{"not_picked":["StarBarrage+1","DoubleSpark"],"picked":"MagicChant","floor":54}],"player_experience":232266,"relics_obtained":[{"floor":6,"key":"Bag of Preparation"},{"floor":8,"key":"Bronze Scales"},{"floor":9,"key":"AmplifyWand"},{"floor":10,"key":"Girya"},{"floor":13,"key":"The Courier"},{"floor":22,"key":"Red Mask"},{"floor":24,"key":"Pen Nib"},{"floor":28,"key":"Anchor"},{"floor":36,"key":"FossilizedHelix"},{"floor":41,"key":"Strawberry"},{"floor":42,"key":"StoneCalendar"},{"floor":43,"key":"Gremlin Horn"},{"floor":44,"key":"Mango"},{"floor":47,"key":"CatCart"},{"floor":48,"key":"Gambling Chip"},{"floor":54,"key":"Oddly Smooth Stone"}],"event_choices":[{"damage_healed":0,"gold_gain":0,"cards_transformed":["Defend_MRS"],"player_choice":"Transformed","damage_taken":0,"max_hp_gain":0,"max_hp_loss":0,"event_name":"Transmorgrifier","floor":2,"gold_loss":0,"cards_obtained":["DarkMatter"]},{"cards_removed":["CasketOfStar"],"damage_healed":0,"gold_gain":0,"player_choice":"Take \u0026 Give","damage_taken":0,"max_hp_gain":0,"max_hp_loss":0,"event_name":"betterNote:BetterNote","floor":20,"gold_loss":0,"cards_obtained":["Robbery"]},{"damage_healed":0,"gold_gain":0,"player_choice":"Fought Bandits","damage_taken":0,"max_hp_gain":0,"max_hp_loss":0,"event_name":"Masked Bandits","floor":22,"gold_loss":0},{"damage_healed":0,"gold_gain":0,"player_choice":"Fight","damage_taken":0,"max_hp_gain":0,"max_hp_loss":0,"event_name":"Mysterious Sphere","floor":36,"gold_loss":0},{"damage_healed":0,"gold_gain":0,"player_choice":"Fight","damage_taken":0,"max_hp_gain":0,"max_hp_loss":0,"event_name":"MindBloom","floor":42,"gold_loss":0},{"damage_healed":0,"gold_gain":0,"player_choice":"Fight","damage_taken":0,"max_hp_gain":0,"max_hp_loss":0,"event_name":"OrinTheCat","floor":47,"gold_loss":0}],"is_beta":false,"boss_relics":[{"not_picked":["Calling Bell","Empty Cage"],"picked":"BewitchedHakkero"},{"not_picked":["Philosopher\u0027s Stone","Coffee Dripper"],"picked":"RampagingMagicTools"}],"items_purged_floors":[3],"is_endless":false,"potions_floor_spawned":[5,6,11,13,16,18,19,21,28,33,35,37,39],"ascension_level":1}}