{"host":"i8x3uekhioq8aaet","time":1613808806,"event":{"mods":["AchievementEnabler","BaseMod","Colored Map","Colored Powertips","DeckTracker","Minty Spire (QoL Compilation)","Relic Sorter","StSLib"],"gold_per_floor":[110,185,195,212,13,13,42,55,55,55,31,31,31,46,46,141,141,156,156,106,122,133,133,143,159,159,171,96,116,148,163,163,266,316,332,332,332,34,34,34,34,48,48,270,282,282,302,327,327,327,327],"floor_reached":50,"language":"ZHT","playtime":1996,"items_purged":[],"score":665,"play_id":"35f26673-df3b-4cad-8b49-8a7185f3d5d0","local_time":"20210220161326","is_ascension_mode":true,"campfire_choices":[{"data":"Perfected Strike","floor":6.0,"key":"SMITH"},{"floor":10.0,"key":"REST"},{"data":"Flex","floor":12.0,"key":"SMITH"},{"data":"Perfected Strike","floor":15.0,"key":"SMITH"},{"data":"Flame Barrier","floor":23.0,"key":"SMITH"},{"floor":32.0,"key":"REST"},{"data":"Madness","floor":40.0,"key":"SMITH"},{"data":"Madness","floor":46.0,"key":"SMITH"},{"floor":49.0,"key":"REST"}],"circlet_count":0,"master_deck":["Strike_R","Strike_R","Strike_R","Strike_R","Strike_R","Defend_R","Defend_R","Defend_R","Bash","Thunderclap","Perfected Strike+1","Flame Barrier+1","Heavy Blade","Armaments+1","Flex+1","True Grit","Perfected Strike+1","Impervious","Uppercut","Armaments+1","Pommel Strike","Double Tap","Madness+1","Madness+1","Enlightenment","Parasite","Whirlwind+1","Dual Wield+1"],"relics":["Burning Blood","NeowsBlessing","ClockworkSouvenir","Potion Belt","White Beast Statue","Busted Crown","MutagenicStrength","Bottled Lightning","Red Mask","Tiny House","Lee\u0027s Waffle","Centennial Puzzle","Eternal Feather","Question Card"],"acts_visited":["Exordium","TheCity","TheBeyond"],"potions_floor_usage":[50,50],"damage_taken":[{"damage":0.0,"enemies":"Cultist","floor":1.0,"turns":1.0},{"damage":0.0,"enemies":"2 Louse","floor":3.0,"turns":1.0},{"damage":0.0,"enemies":"Small Slimes","floor":4.0,"turns":1.0},{"damage":35.0,"enemies":"3 Sentries","floor":7.0,"turns":7.0},{"damage":0.0,"enemies":"3 Louse","floor":8.0,"turns":4.0},{"damage":0.0,"enemies":"Large Slime","floor":14.0,"turns":5.0},{"damage":32.0,"enemies":"The Guardian","floor":16.0,"turns":11.0},{"damage":0.0,"enemies":"Spheric Guardian","floor":18.0,"turns":3.0},{"damage":16.0,"enemies":"Shell Parasite","floor":21.0,"turns":4.0},{"damage":17.0,"enemies":"Cultist and Chosen","floor":22.0,"turns":4.0},{"damage":19.0,"enemies":"Snake Plant","floor":24.0,"turns":2.0},{"damage":17.0,"enemies":"Shelled Parasite and Fungi","floor":25.0,"turns":3.0},{"damage":4.0,"enemies":"Centurion and Healer","floor":27.0,"turns":4.0},{"damage":0.0,"enemies":"3 Cultists","floor":29.0,"turns":4.0},{"damage":12.0,"enemies":"Masked Bandits","floor":30.0,"turns":5.0},{"damage":0.0,"enemies":"Snake Plant","floor":31.0,"turns":3.0},{"damage":65.0,"enemies":"Champ","floor":33.0,"turns":13.0},{"damage":29.0,"enemies":"3 Darklings","floor":35.0,"turns":5.0},{"damage":0.0,"enemies":"Orb Walker","floor":42.0,"turns":1.0},{"damage":21.0,"enemies":"Writhing Mass","floor":45.0,"turns":5.0},{"damage":14.0,"enemies":"Jaw Worm Horde","floor":47.0,"turns":3.0},{"damage":51.0,"enemies":"Reptomancer","floor":48.0,"turns":5.0},{"damage":109,"enemies":"Awakened One","floor":50,"turns":7}],"seed_played":"-6227949758946482633","potions_obtained":[{"floor":3.0,"key":"Energy Potion"},{"floor":4.0,"key":"BloodPotion"},{"floor":8.0,"key":"FearPotion"},{"floor":14.0,"key":"Fruit Juice"},{"floor":16.0,"key":"Dexterity Potion"},{"floor":18.0,"key":"Strength Potion"},{"floor":21.0,"key":"EntropicBrew"},{"floor":24.0,"key":"DistilledChaos"},{"floor":25.0,"key":"AttackPotion"},{"floor":27.0,"key":"Dexterity Potion"},{"floor":29.0,"key":"HeartOfIron"},{"floor":30.0,"key":"PowerPotion"},{"floor":31.0,"key":"Weak Potion"},{"floor":33.0,"key":"BloodPotion"},{"floor":34.0,"key":"Energy Potion"},{"floor":35.0,"key":"Energy Potion"},{"floor":45.0,"key":"FearPotion"},{"floor":47.0,"key":"LiquidMemories"},{"floor":48.0,"key":"ElixirPotion"}],"is_trial":false,"path_per_floor":["M","?","M","M","$","R","E","M","T","R","$","R","?","M","R","B",null,"M","?","?","M","M","R","M","M","T","M","?","M","?","M","R","B",null,"M","?","?","$","?","R","$","M","T","?","M","R","M","E","R","B"],"character_chosen":"IRONCLAD","items_purchased":["ClockworkSouvenir","Heavy Blade","True Grit","Lee\u0027s Waffle","Centennial Puzzle"],"campfire_rested":3,"item_purchase_floors":[5,5,11,38,38],"current_hp_per_floor":[78,70,76,80,80,80,51,57,57,80,80,80,80,85,85,59,79,85,85,85,75,64,64,68,57,57,59,59,65,59,65,85,26,75,70,59,59,97,97,97,97,97,97,97,82,97,89,44,88,0,0],"gold":327,"neow_bonus":"THREE_ENEMY_KILL","is_daily":false,"chose_seed":false,"campfire_upgraded":6,"win_rate":0.0,"timestamp":1613808806,"path_taken":["M","?","M","?","$","R","E","M","T","R","$","R","?","M","R","BOSS","M","?","?","M","M","R","M","M","T","?","?","M","?","M","R","BOSS","M","?","?","$","?","R","$","M","T","?","M","R","M","E","R","BOSS"],"items_purchased_type":["Relic","Card","Card","Relic","Relic"],"build_version":"2020-12-22","purchased_purges":0,"victory":false,"max_hp_per_floor":[80,80,80,80,80,80,80,80,80,80,80,80,80,85,85,85,85,85,85,85,85,85,85,85,85,85,85,85,85,85,85,85,85,90,90,90,90,97,97,97,97,97,97,97,97,97,97,97,97,97,97],"card_choices":[{"not_picked":["Entrench","Clash"],"picked":"Thunderclap","floor":1.0},{"not_picked":["Combust","Havoc"],"picked":"Perfected Strike","floor":3.0},{"not_picked":["Intimidate","Heavy Blade"],"picked":"Flame Barrier","floor":4.0},{"not_picked":["Shrug It Off","Clothesline"],"picked":"Armaments","floor":7.0},{"not_picked":["Rampage","Armaments"],"picked":"Flex","floor":8.0},{"not_picked":["Reckless Charge","Anger"],"picked":"Perfected Strike","floor":14.0},{"not_picked":["Double Tap","Feed"],"picked":"Impervious","floor":16.0},{"not_picked":["Body Slam"],"picked":"SKIP","floor":18.0},{"not_picked":[],"picked":"Uppercut","floor":21.0},{"not_picked":["Rampage"],"picked":"SKIP","floor":22.0},{"not_picked":["Rage"],"picked":"SKIP","floor":24.0},{"not_picked":["Thunderclap+1"],"picked":"SKIP","floor":25.0},{"not_picked":["Sword Boomerang"],"picked":"SKIP","floor":27.0},{"not_picked":[],"picked":"Armaments+1","floor":29.0},{"not_picked":[],"picked":"Pommel Strike","floor":31.0},{"not_picked":[],"picked":"Double Tap","floor":33.0},{"not_picked":["Dark Embrace"],"picked":"SKIP","floor":35.0},{"not_picked":[],"picked":"Enlightenment","floor":39.0},{"not_picked":["Clash"],"picked":"SKIP","floor":42.0},{"not_picked":["True Grit"],"picked":"SKIP","floor":45.0},{"not_picked":[],"picked":"Whirlwind+1","floor":47.0},{"not_picked":[],"picked":"Dual Wield+1","floor":48.0}],"player_experience":336939,"relics_obtained":[{"floor":7.0,"key":"Potion Belt"},{"floor":9.0,"key":"White Beast Statue"},{"floor":26.0,"key":"Bottled Lightning"},{"floor":30.0,"key":"Red Mask"},{"floor":43.0,"key":"Eternal Feather"},{"floor":48.0,"key":"Question Card"}],"event_choices":[{"damage_healed":0.0,"max_hp_gain":0.0,"max_hp_loss":0.0,"gold_gain":75.0,"event_name":"FaceTrader","player_choice":"Touch","floor":2.0,"gold_loss":0.0,"damage_taken":8.0},{"damage_healed":0.0,"max_hp_gain":0.0,"max_hp_loss":0.0,"gold_gain":0.0,"event_name":"Golden Idol","player_choice":"Ignored","floor":13.0,"gold_loss":0.0,"damage_taken":0.0},{"damage_healed":0.0,"max_hp_gain":0.0,"max_hp_loss":0.0,"gold_gain":0.0,"event_name":"Drug Dealer","player_choice":"Inject Mutagens","floor":19.0,"gold_loss":0.0,"damage_taken":0.0,"relics_obtained":["MutagenicStrength"]},{"damage_healed":0.0,"max_hp_gain":0.0,"max_hp_loss":0.0,"gold_gain":0.0,"event_name":"The Joust","player_choice":"Bet on Owner","floor":20.0,"gold_loss":50.0,"damage_taken":0.0},{"cards_removed":["Defend_R"],"damage_healed":0.0,"max_hp_gain":0.0,"max_hp_loss":0.0,"gold_gain":0.0,"event_name":"Beggar","player_choice":"Gave Gold","floor":28.0,"gold_loss":75.0,"damage_taken":0.0},{"damage_healed":0.0,"max_hp_gain":0.0,"max_hp_loss":0.0,"gold_gain":0.0,"event_name":"Masked Bandits","player_choice":"Fought Bandits","floor":30.0,"gold_loss":0.0,"damage_taken":0.0},{"damage_healed":0.0,"max_hp_gain":0.0,"max_hp_loss":0.0,"gold_gain":0.0,"event_name":"Winding Halls","player_choice":"Embrace Madness","floor":36.0,"gold_loss":0.0,"damage_taken":11.0,"cards_obtained":["Madness","Madness"]},{"damage_healed":0.0,"max_hp_gain":0.0,"max_hp_loss":0.0,"gold_gain":0.0,"event_name":"Mysterious Sphere","player_choice":"Ignored","floor":37.0,"gold_loss":0.0,"damage_taken":0.0},{"damage_healed":0.0,"max_hp_gain":0.0,"max_hp_loss":0.0,"gold_gain":0.0,"event_name":"SensoryStone","player_choice":"Memory 1","floor":39.0,"gold_loss":0.0,"damage_taken":0.0},{"damage_healed":0.0,"max_hp_gain":0.0,"max_hp_loss":0.0,"gold_gain":222.0,"event_name":"Tomb of Lord Red Mask","player_choice":"Wore Mask","floor":44.0,"gold_loss":0.0,"damage_taken":0.0}],"is_beta":false,"boss_relics":[{"not_picked":["Velvet Choker","Runic Dome"],"picked":"Busted Crown"},{"not_picked":["Empty Cage","Sozu"],"picked":"Tiny House"}],"items_purged_floors":[],"is_endless":false,"potions_floor_spawned":[3,4,8,14,16,18,21,22,24,25,27,29,30,31,33,35,42,45,47,48],"killed_by":"Awakened One","ascension_level":7}}