{"host":"y6s8mw1hb3jg98nz","time":1613809000,"event":{"mods":["Aspiration","BaseMod","Better Match","Better Note","Better Third Choice","BetterRewards","Colored Map","Colored Powertips","Googly Eyes","Halation","Minty Spire (QoL Compilation)","Quick Restart","Rare Cards Sparkle","Relic Stats","Replay The Spire","Shop Mod","Spicy Shops","StSLib"],"gold_per_floor":[117,117,117,9,21,52,52,70,70,87,105,134,134,153,153,256,256,273,273,98,109,109,143,162,172,196,206,305,305,305],"floor_reached":29,"language":"ENG","playtime":2658,"items_purged":[],"score":382,"play_id":"67fa231c-0656-4c09-8aad-c48b534fba7c","local_time":"20210220184640","is_ascension_mode":false,"campfire_choices":[{"floor":7,"key":"REST"},{"floor":15,"key":"REST"}],"circlet_count":0,"master_deck":["Strike_R","Strike_R","Strike_R","Strike_R","Strike_R","Defend_R","Defend_R","Defend_R","Defend_R","Bash","True Grit","Clash","Pommel Strike","Body Slam","Body Slam","Perfected Strike+1","Wild Strike","Juggernaut","Barricade","Shrug It Off","Entrench","Thunderclap","Thunderclap","Anger","Headbutt","Fire Breathing+1","Impervious","Power Through+1","Pot Of Greed","Pot Of Greed","Pot Of Greed","Pommel Strike"],"relics":["Burning Blood","PreservedInsect","halation:EternalFortune","Replay:Rubber Ducky","ReplayTheSpireMod:CursedCoin","Pear","Replay:Bottled Snecko","Bottled Flame","Smiling Mask","aspiration:FutureDiary","ReplayFunnel","Grinning Jar"],"acts_visited":["Exordium","TheCity"],"potions_floor_usage":[6,14,16,24,29],"damage_taken":[{"damage":6,"enemies":"2 Louse","floor":1,"turns":4},{"damage":5,"enemies":"Small Slimes","floor":5,"turns":4},{"damage":6,"enemies":"Gremlin Nob","floor":6,"turns":3},{"damage":1,"enemies":"Jaw Worm","floor":8,"turns":5},{"damage":6,"enemies":"Lots of Slimes","floor":10,"turns":6},{"damage":12,"enemies":"Blue Slaver","floor":11,"turns":4},{"damage":25,"enemies":"Replay:BlueRogue","floor":12,"turns":5},{"damage":6,"enemies":"Gremlin Gang","floor":14,"turns":5},{"damage":48,"enemies":"Slime Boss","floor":16,"turns":13},{"damage":5,"enemies":"Chosen","floor":18,"turns":4},{"damage":10,"enemies":"3 Byrds","floor":21,"turns":7},{"damage":30,"enemies":"Book of Stabbing","floor":23,"turns":3},{"damage":41,"enemies":"3 Cultists","floor":24,"turns":7},{"damage":0,"enemies":"Snecko","floor":25,"turns":4},{"damage":41,"enemies":"Snake Plant","floor":27,"turns":6},{"damage":7,"enemies":"Centurion and Healer","floor":29,"turns":2}],"seed_played":"1497100817044619642","potions_obtained":[{"floor":1,"key":"Fire Potion"},{"floor":11,"key":"Flashbang"},{"floor":12,"key":"Block Potion"},{"floor":18,"key":"Dexterity Potion"},{"floor":23,"key":"Dexterity Potion"},{"floor":27,"key":"DuplicationPotion"}],"is_trial":false,"path_per_floor":["M","?","?","$","M","E","R","M","T","M","M","E","?","M","R","B",null,"M","?","$","M","?","E","M","M","T","M","?","M"],"character_chosen":"IRONCLAD","items_purchased":["PreservedInsect","ReplayTheSpireMod:CursedCoin","Pear","Entrench","Thunderclap","Anger"],"campfire_rested":2,"item_purchase_floors":[0,4,4,20,20,20],"current_hp_per_floor":[80,83,58,68,69,72,96,96,96,96,90,71,71,71,96,57,99,99,99,99,95,95,71,36,42,42,7,7,0,0],"gold":305,"neow_bonus":"","is_daily":false,"chose_seed":false,"campfire_upgraded":0,"win_rate":0.0,"timestamp":1613809000,"path_taken":["M","?","?","$","M","E","R","M","T","M","M","E","?","M","R","BOSS","M","?","$","?","?","E","?","M","T","?","?","M"],"items_purchased_type":["Relic","Relic","Relic","Card","Card","Card"],"build_version":"2020-12-22","purchased_purges":0,"victory":false,"max_hp_per_floor":[80,83,83,93,93,96,96,96,96,96,96,96,96,96,96,99,99,99,99,99,99,99,99,99,99,99,99,99,99,99],"relic_stats":{"counters":[31,145],"PreservedInsect":84,"Smiling Mask":0,"obtain_stats":[{"ReplayFunnel":23,"Lantern":6,"Pear":4,"NeowsBlessing":0,"ReplayTheSpireMod:CursedCoin":4,"Astrolabe":17,"PreservedInsect":0,"Bag of Preparation":21,"Frozen Egg 2":3,"War Paint":13,"Smiling Mask":12,"Burning Blood":0,"Replay:Rubber Ducky":3,"Nunchaku":26,"Bottled Flame":9,"halation:EternalFortune":2,"Replay:Bottled Flurry":12,"Replay:Bottled Snecko":6,"aspiration:FutureDiary":17,"Grinning Jar":26,"aspiration:HatOfInfinitePower":20,"InkBottle":9},{"ReplayFunnel":27,"Lantern":4,"Pear":16,"NeowsBlessing":0,"ReplayTheSpireMod:CursedCoin":16,"Astrolabe":7,"PreservedInsect":15,"Bag of Preparation":8,"Frozen Egg 2":1,"War Paint":6,"Smiling Mask":22,"Burning Blood":0,"Replay:Rubber Ducky":16,"Nunchaku":10,"Bottled Flame":19,"halation:EternalFortune":16,"Replay:Bottled Flurry":6,"Replay:Bottled Snecko":18,"aspiration:FutureDiary":24,"Grinning Jar":29,"aspiration:HatOfInfinitePower":8,"InkBottle":5},{"ReplayFunnel":126,"Lantern":12,"Pear":67,"NeowsBlessing":0,"ReplayTheSpireMod:CursedCoin":67,"Astrolabe":31,"PreservedInsect":63,"Bag of Preparation":37,"Frozen Egg 2":1,"War Paint":20,"Smiling Mask":94,"Burning Blood":0,"Replay:Rubber Ducky":67,"Nunchaku":43,"Bottled Flame":79,"halation:EternalFortune":67,"Replay:Bottled Flurry":20,"Replay:Bottled Snecko":74,"aspiration:FutureDiary":112,"Grinning Jar":137,"aspiration:HatOfInfinitePower":37,"InkBottle":18}],"Burning Blood":150},"card_choices":[{"not_picked":["Defy Death","Hemokinesis"],"picked":"Clash","floor":1},{"not_picked":["Armaments","Havoc"],"picked":"Pommel Strike","floor":5},{"not_picked":["Wild Strike","ReplayTheSpireMod:Corrosion Curse"],"picked":"Body Slam","floor":6},{"not_picked":["Twin Strike","Reckless Charge"],"picked":"Body Slam","floor":8},{"not_picked":["Evolve","Hemogenesis","Hemokinesis"],"picked":"SKIP","floor":10},{"not_picked":["Clash","Heavy Blade"],"picked":"Perfected Strike","floor":11},{"not_picked":["Warcry","Clothesline"],"picked":"Wild Strike","floor":12},{"not_picked":["Fire Breathing","ReplayTheSpireMod:Strike From Hell"],"picked":"Juggernaut","floor":14},{"not_picked":["Feed","Demonic Infusion"],"picked":"Barricade","floor":16},{"not_picked":["ReplayTheSpireMod:Strike From Hell+1","Heavy Blade"],"picked":"Shrug It Off","floor":18},{"not_picked":["Clash","Feel No Pain"],"picked":"Headbutt","floor":21},{"not_picked":["Sword Boomerang+1","Burning Pact"],"picked":"Fire Breathing+1","floor":23},{"not_picked":["Spot Weakness","Iron Wave+1"],"picked":"Impervious","floor":24},{"not_picked":["Anger","Cleave+1"],"picked":"Power Through+1","floor":25},{"not_picked":["Evolve","Sword Boomerang"],"picked":"Pommel Strike","floor":27}],"player_experience":163282,"relics_obtained":[{"floor":6,"key":"halation:EternalFortune"},{"floor":6,"key":"Replay:Bottled Snecko"},{"floor":9,"key":"Bottled Flame"},{"floor":12,"key":"Smiling Mask"},{"floor":16,"key":"halation:EternalFortune"},{"floor":23,"key":"ReplayFunnel"},{"floor":26,"key":"Grinning Jar"}],"event_choices":[{"damage_healed":0,"gold_gain":0,"player_choice":"Relic ","damage_taken":25,"max_hp_gain":0,"max_hp_loss":0,"event_name":"betterThird:BetterScrap","floor":3,"gold_loss":0,"cards_obtained":["Riddle With Holes"]},{"damage_healed":0,"gold_gain":0,"player_choice":"Grow","damage_taken":0,"max_hp_gain":0,"max_hp_loss":0,"event_name":"Living Wall","floor":13,"gold_loss":0,"cards_upgraded":["Perfected Strike"]},{"cards_removed":["Injury"],"damage_healed":0,"gold_gain":0,"player_choice":"Purged","damage_taken":0,"max_hp_gain":0,"max_hp_loss":0,"event_name":"Purifier","floor":19,"gold_loss":0},{"damage_healed":0,"gold_gain":0,"player_choice":"Ignored","damage_taken":0,"max_hp_gain":0,"max_hp_loss":0,"event_name":"betterNote:BetterNote","floor":22,"gold_loss":0,"cards_obtained":["Perfected Strike"]},{"damage_healed":0,"gold_gain":99,"player_choice":"Steal","damage_taken":0,"max_hp_gain":0,"max_hp_loss":0,"event_name":"betterThird:BetterNest","floor":28,"gold_loss":0}],"is_beta":false,"boss_relics":[{"not_picked":["Sozu","aspiration:WatcherSkillbook"],"picked":"aspiration:FutureDiary"}],"items_purged_floors":[],"is_endless":false,"potions_floor_spawned":[1,11,12,18,23,27],"killed_by":"Centurion and Healer","ascension_level":0}}