{"host":"vk2xyavtylxbvrfq","time":1613861491,"event":{"mods":["Bard","BaseMod","Bestiary","Better Altar","Better Match","Better Note","Better Sensory Stone","Better Skull","Better Vampires","Block Reminder","Bossed Relics","Colored Map","Curses Come First","Displayed Cursed Tome","Downfall","Extra Virgin Snecko Oil","Fox Events","Hermit","Ironclad Rager","Marked Mod","Minty Spire (QoL Compilation)","Quick Restart","Rare Cards Sparkle","Relic Sorter","Reliquary","Robot Space Explorer","Shapeshifter Mod","StSLib","The Hayseed","The Marked","The Runesmith","Unceasing Turn Reminder"],"gold_per_floor":[111,111,111,14,27,27,61,61,111,141,141,151,163,182,182,286,286,267,267,282,282,282,282,282,312,312,312,59,78,78,78],"floor_reached":30,"language":"ENG","playtime":689,"items_purged":[],"score":379,"play_id":"82169986-4c8a-4d47-b7f2-994e0be06927","local_time":"20210220175131","is_ascension_mode":true,"campfire_choices":[{"data":"hermit:Maintenance","floor":6,"key":"SMITH"},{"data":"hermit:HighCaliber","floor":8,"key":"SMITH"},{"data":"Madness","floor":15,"key":"SMITH"},{"data":"hermit:Adapt","floor":23,"key":"SMITH"},{"floor":27,"key":"REST"}],"circlet_count":0,"master_deck":["hermit:Strike_Hermit","hermit:Strike_Hermit","hermit:Strike_Hermit","hermit:Strike_Hermit","hermit:Defend_Hermit","hermit:Defend_Hermit","hermit:Defend_Hermit","hermit:Defend_Hermit","hermit:Snapshot","hermit:Covet","hermit:Maintenance+1","Madness+1","Bandage Up","hermit:HighCaliber+1","hermit:Glare","hermit:Vantage","hermit:WideOpen","hermit:HighCaliber","hermit:Vantage","hermit:Adapt+1","hermit:Deadeye+1","hermit:Showdown","hermit:Dive+1"],"relics":["hermit:Momento","NeowsBlessing","Bronze Scales","Tiny Chest","Omamori","Busted Crown","sneckomod:BabySnecko","Bottled Tornado","Nloth\u0027s Gift","Ornamental Fan","reliquary:GummyVitamins","Shuriken"],"acts_visited":["Exordium","TheCity"],"potions_floor_usage":[10,18,20,25,30],"damage_taken":[{"damage":0,"enemies":"2 Louse","floor":1,"turns":1},{"damage":0,"enemies":"Small Slimes","floor":5,"turns":1},{"damage":0,"enemies":"Gremlin Nob","floor":7,"turns":2},{"damage":14,"enemies":"3 Sentries","floor":10,"turns":7},{"damage":12,"enemies":"Jaw Worm","floor":12,"turns":3},{"damage":0,"enemies":"Exordium Thugs","floor":13,"turns":4},{"damage":0,"enemies":"Exordium Wildlife","floor":14,"turns":2},{"damage":23,"enemies":"Hexaghost","floor":16,"turns":9},{"damage":9,"enemies":"2 Thieves","floor":18,"turns":4},{"damage":18,"enemies":"Shell Parasite","floor":20,"turns":4},{"damage":36,"enemies":"Slavers","floor":25,"turns":5},{"damage":30,"enemies":"Snake Plant","floor":29,"turns":3},{"damage":22,"enemies":"Gremlin Leader","floor":30,"turns":4}],"seed_played":"-2452522760405173906","potions_obtained":[{"floor":1,"key":"BlessingOfTheForge"},{"floor":7,"key":"LiquidBronze"},{"floor":16,"key":"SkillPotion"},{"floor":18,"key":"Block Potion"},{"floor":25,"key":"bronze:BurnAndBuffPotion"}],"is_trial":false,"path_per_floor":["M","?","$","$","M","R","E","R","T","E","?","M","M","M","R","B",null,"M","?","M","?","T","R","?","E","T","R","$","M","E"],"character_chosen":"HERMIT","items_purchased":["Bandage Up","Shuriken"],"campfire_rested":1,"item_purchase_floors":[4,28],"current_hp_per_floor":[68,68,68,68,68,68,72,72,72,61,54,46,50,54,54,52,69,64,64,50,50,50,50,50,18,18,40,40,14,0,0],"gold":78,"neow_bonus":"THREE_ENEMY_KILL","is_daily":false,"chose_seed":false,"campfire_upgraded":4,"win_rate":0.0,"timestamp":1613861491,"path_taken":["M","?","?","$","?","R","E","R","T","E","?","M","M","M","R","BOSS","M","?","M","?","?","R","?","E","T","R","$","M","E"],"items_purchased_type":["Card","Relic"],"build_version":"2020-12-22","purchased_purges":0,"victory":false,"max_hp_per_floor":[75,75,75,75,75,75,75,75,75,75,75,75,75,75,75,75,75,75,75,75,75,75,75,75,75,75,75,75,75,75,75],"card_choices":[{"not_picked":["hermit:Determination","hermit:Desperado"],"picked":"hermit:Maintenance","floor":1},{"not_picked":["Chrysalis","Discovery"],"picked":"Madness","floor":2},{"not_picked":["hermit:WideOpen","hermit:NoHoldsBarred"],"picked":"hermit:HighCaliber","floor":5},{"not_picked":["hermit:Midnight","hermit:Reprieve"],"picked":"hermit:Glare","floor":7},{"not_picked":["hermit:TrackingShot","hermit:Feint"],"picked":"hermit:Vantage","floor":10},{"not_picked":["hermit:Grudge","hermit:HoleUp"],"picked":"hermit:WideOpen","floor":12},{"not_picked":["hermit:Midnight","hermit:Combo"],"picked":"hermit:HighCaliber","floor":13},{"not_picked":["hermit:DeadMansHand","hermit:Midnight"],"picked":"hermit:Vantage","floor":14},{"not_picked":["hermit:EternalForm","hermit:DeadOrAlive"],"picked":"hermit:Adapt","floor":16},{"not_picked":[],"picked":"hermit:Deadeye+1","floor":18},{"not_picked":["hermit:CalledShot"],"picked":"SKIP","floor":20},{"not_picked":["hermit:Desperado+1"],"picked":"SKIP","floor":25},{"not_picked":[],"picked":"hermit:Dive+1","floor":29}],"player_experience":1452394,"relics_obtained":[{"floor":7,"key":"Bronze Scales"},{"floor":9,"key":"Tiny Chest"},{"floor":10,"key":"Omamori"},{"floor":22,"key":"Bottled Tornado"},{"floor":25,"key":"Ornamental Fan"},{"floor":26,"key":"reliquary:GummyVitamins"}],"event_choices":[{"damage_healed":0,"gold_gain":1,"player_choice":"1","damage_taken":0,"max_hp_gain":0,"max_hp_loss":0,"event_name":"betterStone:BetterStone","floor":2,"gold_loss":0},{"damage_healed":0,"gold_gain":0,"player_choice":"Success","damage_taken":7,"relics_obtained":["Pantograph"],"max_hp_gain":0,"max_hp_loss":0,"event_name":"Scrap Ooze","floor":11,"gold_loss":0},{"damage_healed":0,"gold_gain":0,"player_choice":"Read","damage_taken":0,"max_hp_gain":0,"max_hp_loss":0,"event_name":"The Library","floor":19,"gold_loss":0,"cards_obtained":["hermit:Showdown"]},{"damage_healed":0,"gold_gain":0,"player_choice":"Traded Relic","damage_taken":0,"relics_obtained":["Nloth\u0027s Gift"],"max_hp_gain":0,"max_hp_loss":0,"event_name":"N\u0027loth","floor":24,"relics_lost":["Pantograph"],"gold_loss":0}],"is_beta":false,"boss_relics":[{"not_picked":["Velvet Choker","Runesmith:UraniumAnvil"],"picked":"Busted Crown"}],"items_purged_floors":[],"is_endless":false,"potions_floor_spawned":[1,7,16,18,25],"killed_by":"Gremlin Leader","ascension_level":7}}