{"host":"lx933ja015x1ub68","time":1613821680,"event":{"mods":["AchievementEnabler","BaseMod","Better Match","Better Third Choice","BetterRewards","Colored Map","Exacting","FTL Soundtrack","Minty Spire (QoL Compilation)","RNG Fix","Shop Mod","StSLib"],"gold_per_floor":[110,110,69,82,93,93,112,138,138,138,168,195,211,237,237,334,334,348,365,381,395,395,395,395,395],"floor_reached":24,"language":"ENG","playtime":1884,"items_purged":[],"score":223,"play_id":"13c39d0d-7e17-4f94-a201-05b269e8d9b6","local_time":"20210220224800","is_ascension_mode":true,"campfire_choices":[{"data":"Zap","floor":6.0,"key":"SMITH"},{"floor":10.0,"key":"REST"},{"floor":15,"key":"REST"},{"data":"Capacitor","floor":23,"key":"SMITH"}],"circlet_count":0,"master_deck":["Strike_B","Strike_B","Strike_B","Defend_B","Defend_B","Defend_B","Defend_B","Zap+1","Dualcast","Ball Lightning","Capacitor+1","Streamline","Melter","Gash","Self Repair","Steam","Chaos+1","Ball Lightning","All For One","Beam Cell","Capacitor+1","Turbo+1","Steam"],"relics":["Cracked Core","MerchantsRug","MealTicket","Oddly Smooth Stone","WarpedTongs","Singing Bowl","Toy Ornithopter","Incense Burner","Empty Cage"],"acts_visited":["Exordium","TheCity"],"potions_floor_usage":[14,16,18,20,21,21],"damage_taken":[{"damage":5.0,"enemies":"Jaw Worm","floor":1.0,"turns":3.0},{"damage":9.0,"enemies":"2 Louse","floor":4.0,"turns":3.0},{"damage":1.0,"enemies":"Small Slimes","floor":5.0,"turns":3.0},{"damage":6.0,"enemies":"3 Louse","floor":7.0,"turns":3.0},{"damage":31.0,"enemies":"3 Sentries","floor":8.0,"turns":5.0},{"damage":0.0,"enemies":"Looter","floor":11.0,"turns":2.0},{"damage":6.0,"enemies":"2 Fungi Beasts","floor":12.0,"turns":3.0},{"damage":2.0,"enemies":"Large Slime","floor":13.0,"turns":4.0},{"damage":40,"enemies":"Gremlin Nob","floor":14,"turns":5},{"damage":47,"enemies":"Hexaghost","floor":16,"turns":8},{"damage":0,"enemies":"Spheric Guardian","floor":18,"turns":3},{"damage":20,"enemies":"Shell Parasite","floor":19,"turns":5},{"damage":17,"enemies":"Centurion and Healer","floor":20,"turns":5},{"damage":11,"enemies":"Snake Plant","floor":21,"turns":5},{"damage":76,"enemies":"Slavers","floor":24,"turns":5}],"seed_played":"7288787141500935458","potions_obtained":[{"floor":7.0,"key":"SkillPotion"},{"floor":8.0,"key":"Fire Potion"},{"floor":11.0,"key":"BlessingOfTheForge"},{"floor":14,"key":"Energy Potion"},{"floor":16,"key":"EntropicBrew"},{"floor":18,"key":"Energy Potion"},{"floor":21,"key":"Energy Potion"}],"is_trial":false,"path_per_floor":["M","?","$","M","M","R","M","E","T","R","M","M","M","E","R","B",null,"M","M","M","M","?","R","E"],"character_chosen":"DEFECT","items_purchased":["MerchantsRug","MealTicket","Oddly Smooth Stone","Centennial Puzzle","Capacitor"],"campfire_rested":2,"item_purchase_floors":[0,0,0,0,3],"current_hp_per_floor":[43,43,58,49,48,48,42,11,11,33,47,48,53,28,51,16,77,77,64,62,70,70,70,0,0],"gold":395,"neow_bonus":"","is_daily":false,"chose_seed":false,"campfire_upgraded":2,"win_rate":0.0,"timestamp":1613821680,"path_taken":["M","?","?","M","M","R","M","E","T","R","?","M","M","E","R","BOSS","M","M","M","M","?","R","E"],"items_purchased_type":["Relic","Relic","Relic","Relic","Card"],"build_version":"2020-12-22","purchased_purges":0,"victory":false,"max_hp_per_floor":[75,75,75,75,75,75,75,75,75,75,77,77,77,77,77,77,77,77,77,77,79,79,79,79,79],"card_choices":[{"not_picked":["Compile Driver","Reinforced Body"],"picked":"Ball Lightning","floor":1.0},{"not_picked":["Hologram","Rebound"],"picked":"Streamline","floor":4.0},{"not_picked":["Beam Cell","Coolheaded"],"picked":"Melter","floor":5.0},{"not_picked":["Reprogram","Coolheaded"],"picked":"Gash","floor":7.0},{"not_picked":["Beam Cell","Heatsinks"],"picked":"Self Repair","floor":8.0},{"not_picked":["Compile Driver","Melter","Rip and Tear"],"picked":"Singing Bowl","floor":11.0},{"not_picked":["Streamline","Hologram"],"picked":"Steam","floor":12.0},{"not_picked":["Lockon","Seek"],"picked":"Chaos","floor":13.0},{"not_picked":["Aggregate","Fusion"],"picked":"Ball Lightning","floor":14},{"not_picked":["Meteor Strike","Creative AI"],"picked":"All For One","floor":16},{"not_picked":["Skim","Rebound"],"picked":"Beam Cell","floor":18},{"not_picked":["Barrage","BootSequence"],"picked":"Capacitor+1","floor":18},{"not_picked":["Barrage","Blizzard"],"picked":"Turbo+1","floor":19},{"not_picked":["Streamline+1","Conserve Battery"],"picked":"Steam","floor":20},{"not_picked":["Cold Snap+1","Ball Lightning+1","Sweeping Beam"],"picked":"Singing Bowl","floor":21}],"player_experience":118274,"relics_obtained":[{"floor":8.0,"key":"Singing Bowl"},{"floor":9.0,"key":"Toy Ornithopter"},{"floor":14,"key":"Incense Burner"}],"event_choices":[{"damage_healed":0.0,"max_hp_gain":0.0,"max_hp_loss":0.0,"gold_gain":0.0,"event_name":"Accursed Blacksmith","player_choice":"Rummage","floor":2.0,"gold_loss":0.0,"damage_taken":0.0,"relics_obtained":["WarpedTongs"],"cards_obtained":["Pain"]},{"damage_healed":0,"gold_gain":0,"player_choice":"Upgraded","damage_taken":0,"max_hp_gain":0,"max_hp_loss":0,"event_name":"Upgrade Shrine","floor":22,"gold_loss":0,"cards_upgraded":["Chaos"]}],"is_beta":false,"boss_relics":[{"not_picked":["Ectoplasm","SlaversCollar"],"picked":"Empty Cage"}],"items_purged_floors":[],"is_endless":false,"potions_floor_spawned":[7,8,11,14,16,18,19,21],"killed_by":"Slavers","ascension_level":1}}