{"host":"lly094a91h6n5nv5","time":1613801712,"event":{"mods":["AchievementEnabler","BaseMod","Block Reminder","Colored Map","Minty Spire (QoL Compilation)","Permanent Neow"],"gold_per_floor":[366,30,50,69,69,94,94,108,108,127,145,110,110,122,122,194,194,207,219,1,16,16,16,16,16],"floor_reached":24,"language":"ENG","playtime":1433,"items_purged":["Strike_G"],"score":330,"play_id":"ee35a68b-c578-4b10-a8d8-169ac3ada9ed","local_time":"20210220001512","is_ascension_mode":true,"campfire_choices":[{"data":"Neutralize","floor":7.0,"key":"SMITH"},{"data":"Skewer","floor":13.0,"key":"SMITH"},{"data":"Cloak And Dagger","floor":15.0,"key":"SMITH"},{"floor":23,"key":"REST"}],"circlet_count":0,"master_deck":["AscendersBane","Strike_G","Strike_G","Defend_G","Defend_G","Defend_G","Defend_G","Defend_G","Survivor","Neutralize+1","Dash","Crippling Poison","Dagger Spray","Blade Dance","Infinite Blades","Flying Knee","Endless Agony","Skewer+1","Cloak And Dagger+1","Envenom","Deflect","Dodge and Roll"],"relics":["Ring of the Snake","Kunai","Darkstone Periapt","Empty Cage","Snake Skull","Nloth\u0027s Gift"],"acts_visited":["Exordium","TheCity"],"potions_floor_usage":[24],"damage_taken":[{"damage":3.0,"enemies":"2 Louse","floor":1.0,"turns":4.0},{"damage":2.0,"enemies":"Small Slimes","floor":3.0,"turns":4.0},{"damage":0.0,"enemies":"Cultist","floor":4.0,"turns":3.0},{"damage":28.0,"enemies":"Lagavulin","floor":6.0,"turns":8.0},{"damage":10.0,"enemies":"Red Slaver","floor":8.0,"turns":5.0},{"damage":0.0,"enemies":"2 Fungi Beasts","floor":10.0,"turns":2.0},{"damage":0.0,"enemies":"Looter","floor":11.0,"turns":3.0},{"damage":0.0,"enemies":"3 Louse","floor":14.0,"turns":2.0},{"damage":36,"enemies":"The Guardian","floor":16,"turns":13},{"damage":10,"enemies":"Spheric Guardian","floor":18,"turns":4},{"damage":9,"enemies":"3 Byrds","floor":19,"turns":4},{"damage":22,"enemies":"Centurion and Healer","floor":21,"turns":7},{"damage":33,"enemies":"Slavers","floor":24,"turns":4}],"seed_played":"-7207827480183263241","potions_obtained":[{"floor":1.0,"key":"Swift Potion"},{"floor":8.0,"key":"PowerPotion"},{"floor":14.0,"key":"DuplicationPotion"},{"floor":16,"key":"CultistPotion"}],"is_trial":false,"path_per_floor":["M","$","M","M","?","E","R","M","T","M","M","?","R","M","R","B",null,"M","M","$","M","?","R","E"],"character_chosen":"THE_SILENT","items_purchased":["Crippling Poison","Dagger Spray","Kunai","Snake Skull"],"campfire_rested":1,"item_purchase_floors":[2,2,2,20],"current_hp_per_floor":[60,60,58,58,63,35,35,25,25,25,25,42,42,42,42,6,53,43,34,34,12,12,32,0,0],"gold":16,"neow_bonus":"TWO_FIFTY_GOLD","is_daily":false,"chose_seed":false,"campfire_upgraded":3,"win_rate":0.0,"timestamp":1613801712,"path_taken":["M","$","M","M","?","E","R","M","T","M","M","?","R","M","R","BOSS","M","M","$","M","?","R","E"],"items_purchased_type":["Card","Card","Relic","Relic"],"build_version":"2020-12-22","purchased_purges":1,"victory":false,"max_hp_per_floor":[63,63,63,63,68,68,68,68,68,68,68,68,68,68,68,68,68,68,68,68,68,68,68,68,68],"card_choices":[{"not_picked":["Riddle With Holes","PiercingWail"],"picked":"Dash","floor":1.0},{"not_picked":["Backflip","Outmaneuver"],"picked":"Blade Dance","floor":3.0},{"not_picked":["Eviscerate","Quick Slash"],"picked":"Infinite Blades","floor":4.0},{"not_picked":["Tactician","Well Laid Plans"],"picked":"Flying Knee","floor":6.0},{"not_picked":["Sucker Punch","Slice","Flying Knee"],"picked":"SKIP","floor":8.0},{"not_picked":["All Out Attack","Deadly Poison"],"picked":"Endless Agony","floor":10.0},{"not_picked":["Infinite Blades","Calculated Gamble"],"picked":"Skewer","floor":11.0},{"not_picked":["Bane","Poisoned Stab"],"picked":"Cloak And Dagger","floor":14.0},{"not_picked":["After Image","Burst"],"picked":"Envenom","floor":16},{"not_picked":["Prepared","Dagger Throw"],"picked":"Deflect","floor":18},{"not_picked":["Backflip","Flying Knee"],"picked":"Dodge and Roll","floor":19},{"not_picked":["Heel Hook","Dagger Throw","Sucker Punch"],"picked":"SKIP","floor":21}],"player_experience":268355,"relics_obtained":[{"floor":6.0,"key":"Bronze Scales"},{"floor":9.0,"key":"Darkstone Periapt"}],"event_choices":[{"damage_healed":0.0,"max_hp_gain":5.0,"max_hp_loss":0.0,"gold_gain":0.0,"event_name":"Big Fish","player_choice":"Donut","floor":5.0,"gold_loss":0.0,"damage_taken":0.0},{"damage_healed":17.0,"max_hp_gain":0.0,"max_hp_loss":0.0,"gold_gain":0.0,"event_name":"The Cleric","player_choice":"Healed","floor":12.0,"gold_loss":35.0,"damage_taken":0.0},{"damage_healed":0,"gold_gain":0,"player_choice":"Traded Relic","damage_taken":0,"relics_obtained":["Nloth\u0027s Gift"],"max_hp_gain":0,"max_hp_loss":0,"event_name":"N\u0027loth","floor":22,"relics_lost":["Bronze Scales"],"gold_loss":0}],"is_beta":false,"boss_relics":[{"not_picked":["SacredBark","Tiny House"],"picked":"Empty Cage"}],"items_purged_floors":[20],"is_endless":false,"potions_floor_spawned":[1,8,10,14,16,18],"killed_by":"Slavers","ascension_level":13}}