{"host":"snwds314m19k249i","time":1613823416,"event":{"mods":["BaseMod","Colored Map","Minty Spire (QoL Compilation)","Shop Mod","StSLib"],"gold_per_floor":[115,115,42,62,237,267,287,287,365,365,378,406,406,61,61,161,161,172,29,29,29,29,29,43,43,43,73,73,100,116,136,136,241,241,254,254,254,304,324,324,649,660,660,685,685,701,732,732,732,732],"floor_reached":51,"language":"ZHS","playtime":2936,"items_purged":["Doubt"],"score":1056,"play_id":"2570555c-86cd-4bce-88e8-94b3407d327d","local_time":"20210220201656","is_ascension_mode":false,"campfire_choices":[{"data":"Adrenaline","floor":8.0,"key":"SMITH"},{"data":"Blade Dance","floor":13.0,"key":"SMITH"},{"data":"Prepared","floor":15.0,"key":"SMITH"},{"data":"Neutralize","floor":23.0,"key":"SMITH"},{"data":"Backflip","floor":28.0,"key":"SMITH"},{"data":"Blade Dance","floor":32,"key":"SMITH"},{"data":"Survivor","floor":40,"key":"SMITH"},{"data":"Burst","floor":45,"key":"SMITH"},{"data":"Madness","floor":49,"key":"SMITH"}],"circlet_count":0,"master_deck":["Strike_G","Strike_G","Strike_G","Defend_G","Defend_G","Defend_G","Defend_G","Survivor+1","Neutralize+1","Predator","Deadly Poison","Noxious Fumes+1","Backstab","Backflip+1","Adrenaline+1","Blade Dance+1","Prepared+1","After Image+1","Infinite Blades+1","Heel Hook","Eviscerate","Blade Dance+1","Envenom+1","After Image+1","Blade Dance+1","Burst+1","Blade Dance+1","Madness","Madness+1"],"relics":["Ring of the Snake","NeowsBlessing","MerchantsRug","Frozen Egg 2","Coffee Dripper","Nilry\u0027s Codex","Oddly Smooth Stone","Darkstone Periapt","MealTicket","WristBlade","Thread and Needle","Old Coin","Shuriken","Vajra","Kunai"],"acts_visited":["Exordium","TheCity","TheBeyond"],"potions_floor_usage":[33,33,33,33,33,33,41,50,50,50,50,50],"damage_taken":[{"damage":0.0,"enemies":"Cultist","floor":1.0,"turns":1.0},{"damage":0.0,"enemies":"Small Slimes","floor":2.0,"turns":1.0},{"damage":0.0,"enemies":"Jaw Worm","floor":4.0,"turns":1.0},{"damage":28.0,"enemies":"3 Sentries","floor":6.0,"turns":8.0},{"damage":6.0,"enemies":"Exordium Wildlife","floor":7.0,"turns":3.0},{"damage":0.0,"enemies":"3 Louse","floor":11.0,"turns":3.0},{"damage":18.0,"enemies":"Lagavulin","floor":12.0,"turns":5.0},{"damage":34.0,"enemies":"Hexaghost","floor":16.0,"turns":10.0},{"damage":7.0,"enemies":"Spheric Guardian","floor":18.0,"turns":4.0},{"damage":0.0,"enemies":"Chosen","floor":24.0,"turns":4.0},{"damage":0.0,"enemies":"Book of Stabbing","floor":27.0,"turns":6.0},{"damage":18.0,"enemies":"Gremlin Leader","floor":29.0,"turns":7.0},{"damage":9.0,"enemies":"Snecko","floor":30.0,"turns":5.0},{"damage":3,"enemies":"Snake Plant","floor":31,"turns":4},{"damage":0,"enemies":"Automaton","floor":33,"turns":10},{"damage":1,"enemies":"Orb Walker","floor":35,"turns":4},{"damage":0,"enemies":"Mind Bloom Boss Battle","floor":38,"turns":7},{"damage":0,"enemies":"3 Darklings","floor":39,"turns":4},{"damage":13,"enemies":"Nemesis","floor":41,"turns":7},{"damage":0,"enemies":"Transient","floor":42,"turns":5},{"damage":0,"enemies":"Giant Head","floor":44,"turns":5},{"damage":0,"enemies":"Sphere and 2 Shapes","floor":46,"turns":3},{"damage":0,"enemies":"Nemesis","floor":47,"turns":5},{"damage":0,"enemies":"Donu and Deca","floor":50,"turns":5}],"seed_played":"-8899693014651148327","potions_obtained":[{"floor":6.0,"key":"SkillPotion"},{"floor":16.0,"key":"LiquidBronze"},{"floor":30.0,"key":"PowerPotion"},{"floor":31,"key":"EntropicBrew"},{"floor":33,"key":"EssenceOfSteel"},{"floor":35,"key":"DuplicationPotion"},{"floor":39,"key":"Dexterity Potion"},{"floor":47,"key":"EntropicBrew"}],"is_trial":false,"path_per_floor":["M","M","$","M","?","E","M","R","T","?","M","E","R","$","R","B",null,"M","$","?","?","?","R","M","$","T","E","R","E","M","M","R","B",null,"M","?","?","?","M","R","E","M","T","E","R","M","E","?","R","B",null],"character_chosen":"THE_SILENT","items_purchased":["Noxious Fumes","MerchantsRug","Frozen Egg 2","Infinite Blades+1"],"campfire_rested":0,"item_purchase_floors":[3,14,14,19],"current_hp_per_floor":[70,70,70,70,70,56,50,50,60,60,60,49,49,49,49,15,101,94,94,94,78,78,78,78,78,78,78,78,60,51,48,48,48,101,100,100,100,100,100,100,87,87,87,87,87,87,87,74,74,74],"gold":732,"neow_bonus":"THREE_ENEMY_KILL","is_daily":false,"chose_seed":false,"campfire_upgraded":9,"win_rate":0.0,"timestamp":1613823416,"path_taken":["M","M","$","M","?","E","M","R","T","?","?","E","R","?","R","BOSS","M","$","?","?","?","R","M","$","T","E","R","E","M","M","R","BOSS","M","?","?","?","M","R","E","?","T","E","R","M","E","?","R","BOSS"],"items_purchased_type":["Card","Relic","Relic","Card"],"build_version":"2020-12-22","purchased_purges":1,"victory":true,"max_hp_per_floor":[70,70,70,70,70,84,84,84,94,94,94,101,101,101,101,101,101,101,101,101,101,101,101,101,101,101,101,101,101,101,101,101,101,101,101,101,101,101,101,101,101,101,101,101,101,101,101,101,101,101],"card_choices":[{"not_picked":["PiercingWail","Expertise"],"picked":"Predator","floor":1.0},{"not_picked":["Quick Slash","Dodge and Roll"],"picked":"Deadly Poison","floor":2.0},{"not_picked":["Terror","Deadly Poison"],"picked":"Backstab","floor":4.0},{"not_picked":["Blur","Quick Slash"],"picked":"Backflip","floor":6.0},{"not_picked":["Expertise","Poisoned Stab"],"picked":"Adrenaline","floor":7.0},{"not_picked":["PiercingWail","Dagger Throw"],"picked":"Blade Dance","floor":11.0},{"not_picked":["Quick Slash","Calculated Gamble"],"picked":"Prepared","floor":12.0},{"not_picked":["Night Terror","Envenom+1"],"picked":"After Image+1","floor":16.0},{"not_picked":["Quick Slash","Slice","Backflip"],"picked":"SKIP","floor":18.0},{"not_picked":["Heel Hook","Poisoned Stab"],"picked":"Blade Dance","floor":24.0},{"not_picked":["Prepared+1","Backflip+1"],"picked":"Envenom+1","floor":27.0},{"not_picked":["Deflect","Flying Knee","Terror+1"],"picked":"SKIP","floor":29.0},{"not_picked":["Dagger Spray","Dagger Throw","Calculated Gamble"],"picked":"SKIP","floor":30.0},{"not_picked":["Slice","PiercingWail","Sucker Punch"],"picked":"SKIP","floor":31},{"not_picked":["Venomology","Adrenaline"],"picked":"After Image+1","floor":33},{"not_picked":["Distraction+1","Deadly Poison+1","Poisoned Stab"],"picked":"SKIP","floor":35},{"not_picked":["Backstab+1","PiercingWail","Blade Dance"],"picked":"SKIP","floor":39},{"not_picked":["Slice","Dagger Throw+1"],"picked":"Blade Dance+1","floor":41},{"not_picked":["Dodge and Roll+1","Deflect+1","Slice+1"],"picked":"SKIP","floor":42},{"not_picked":["Finisher+1","Doppelganger"],"picked":"Burst","floor":44},{"not_picked":["PiercingWail","Poisoned Stab","Masterful Stab"],"picked":"SKIP","floor":46},{"not_picked":["Noxious Fumes+1","Dagger Throw+1"],"picked":"Blade Dance+1","floor":47}],"player_experience":3569,"relics_obtained":[{"floor":6.0,"key":"Mango"},{"floor":9.0,"key":"Pear"},{"floor":12.0,"key":"Strawberry"},{"floor":21.0,"key":"Nilry\u0027s Codex"},{"floor":26.0,"key":"Oddly Smooth Stone"},{"floor":27.0,"key":"Darkstone Periapt"},{"floor":29.0,"key":"MealTicket"},{"floor":38,"key":"Thread and Needle"},{"floor":41,"key":"Old Coin"},{"floor":43,"key":"Shuriken"},{"floor":44,"key":"Vajra"},{"floor":47,"key":"Kunai"}],"event_choices":[{"damage_healed":0.0,"max_hp_gain":0.0,"max_hp_loss":0.0,"gold_gain":175.0,"event_name":"Liars Game","player_choice":"AGREE","floor":5.0,"gold_loss":0.0,"damage_taken":0.0,"cards_obtained":["Doubt"]},{"damage_healed":0.0,"max_hp_gain":0.0,"max_hp_loss":0.0,"gold_gain":0.0,"event_name":"Upgrade Shrine","player_choice":"Upgraded","floor":10.0,"gold_loss":0.0,"damage_taken":0.0,"cards_upgraded":["Noxious Fumes"]},{"damage_healed":0.0,"max_hp_gain":0.0,"max_hp_loss":0.0,"gold_gain":0.0,"cards_transformed":["Strike_G","Strike_G"],"event_name":"Drug Dealer","player_choice":"Became Test Subject","floor":20.0,"gold_loss":0.0,"damage_taken":0.0,"cards_obtained":["Heel Hook","Eviscerate"]},{"damage_healed":0.0,"max_hp_gain":0.0,"max_hp_loss":0.0,"gold_gain":0.0,"event_name":"Cursed Tome","player_choice":"Obtained Book","floor":21.0,"gold_loss":0.0,"damage_taken":16.0},{"damage_healed":0.0,"max_hp_gain":0.0,"max_hp_loss":0.0,"gold_gain":0.0,"event_name":"Vampires","player_choice":"Ignored","floor":22.0,"gold_loss":0.0,"damage_taken":0.0},{"cards_removed":["Defend_G"],"damage_healed":0,"gold_gain":0,"player_choice":"Removed Skill","damage_taken":0,"max_hp_gain":0,"max_hp_loss":0,"event_name":"Falling","floor":36,"gold_loss":0},{"damage_healed":0,"gold_gain":0,"player_choice":"Ignored","damage_taken":0,"max_hp_gain":0,"max_hp_loss":0,"event_name":"Tomb of Lord Red Mask","floor":37,"gold_loss":0},{"damage_healed":0,"gold_gain":0,"player_choice":"Fight","damage_taken":0,"max_hp_gain":0,"max_hp_loss":0,"event_name":"MindBloom","floor":38,"gold_loss":0},{"damage_healed":0,"gold_gain":0,"player_choice":"Embrace Madness","damage_taken":13,"max_hp_gain":0,"max_hp_loss":0,"event_name":"Winding Halls","floor":48,"gold_loss":0,"cards_obtained":["Madness","Madness"]}],"is_beta":false,"boss_relics":[{"not_picked":["SacredBark","Ectoplasm"],"picked":"Coffee Dripper"},{"not_picked":["Fusion Hammer","Calling Bell"],"picked":"WristBlade"}],"items_purged_floors":[19],"is_endless":false,"potions_floor_spawned":[6,16,30,31,33,35,39,47],"ascension_level":0}}