{"host":"f5gffvlv6a66yqkd","time":1613795926,"event":{"mods":["2.2 Compatiblity","BaseMod","Colored Map","Custom Start","DeckTracker","Keyboard Shortcuts","Minty Spire (QoL Compilation)","Permanent Neow","Quick Restart","Relic Stats","StSLib","SuperFastMode"],"gold_per_floor":[118,118,118,128,53,53,71,99,111,45,45,45,64,77,77,150,150,161,161,161,161,161,161,194,23,23,23,33,50,50,64,64,136,186,202,12,32,46,56,56,56,56],"floor_reached":41,"language":"KOR","playtime":1160,"items_purged":["CrushJoints"],"score":922,"play_id":"fa286981-b741-42a6-a9ca-1419894179a9","local_time":"20210220133846","is_ascension_mode":true,"campfire_choices":[{"data":"Eruption","floor":6.0,"key":"SMITH"},{"floor":12.0,"key":"REST"},{"data":"Prostrate","floor":15.0,"key":"SMITH"},{"data":"Prostrate","floor":23.0,"key":"SMITH"},{"data":"Devotion","floor":30.0,"key":"SMITH"},{"data":"Wallop","floor":32,"key":"SMITH"},{"floor":40,"key":"REST"}],"circlet_count":0,"master_deck":["AscendersBane","Eruption+1","Vigilance","Brilliance","Prostrate+1","Prostrate+1","MentalFortress","LessonLearned+1","Ragnarok+1","Devotion","DeceiveReality","DeceiveReality+1","Devotion+1","Judgement+1","Tantrum+1","InnerPeace+1","Wallop+1","DeusExMachina","EmptyBody+1","Study","Wallop"],"relics":["PureWater","Incense Burner","MawBank","StrikeDummy","Regal Pillow","Pandora\u0027s Box","Letter Opener","Lee\u0027s Waffle","The Courier","Tiny House","Orrery"],"acts_visited":["Exordium","TheCity","TheBeyond"],"potions_floor_usage":[31,33,37,39],"damage_taken":[{"damage":0.0,"enemies":"2 Louse","floor":1.0,"turns":3.0},{"damage":2.0,"enemies":"Small Slimes","floor":4.0,"turns":3.0},{"damage":0.0,"enemies":"Jaw Worm","floor":7.0,"turns":3.0},{"damage":21.0,"enemies":"3 Sentries","floor":8.0,"turns":5.0},{"damage":8.0,"enemies":"Exordium Thugs","floor":13.0,"turns":4.0},{"damage":0.0,"enemies":"3 Louse","floor":14.0,"turns":1.0},{"damage":0.0,"enemies":"Slime Boss","floor":16.0,"turns":4.0},{"damage":14.0,"enemies":"3 Byrds","floor":18.0,"turns":5.0},{"damage":45.0,"enemies":"Slavers","floor":24.0,"turns":6.0},{"damage":0.0,"enemies":"Spheric Guardian","floor":28.0,"turns":3.0},{"damage":1.0,"enemies":"Centurion and Healer","floor":29.0,"turns":5.0},{"damage":28,"enemies":"3 Cultists","floor":31,"turns":5},{"damage":33,"enemies":"Champ","floor":33,"turns":7},{"damage":0,"enemies":"Orb Walker","floor":35,"turns":2},{"damage":35,"enemies":"3 Darklings","floor":37,"turns":5},{"damage":0,"enemies":"Jaw Worm Horde","floor":38,"turns":5},{"damage":16,"enemies":"Spire Growth","floor":39,"turns":8},{"damage":105,"enemies":"Nemesis","floor":41,"turns":5}],"seed_played":"3342260173726735773","potions_obtained":[{"floor":4.0,"key":"Block Potion"},{"floor":14.0,"key":"FairyPotion"},{"floor":24.0,"key":"Explosive Potion"},{"floor":28.0,"key":"Block Potion"},{"floor":29.0,"key":"AttackPotion"},{"floor":31,"key":"Energy Potion"},{"floor":34,"key":"Weak Potion"},{"floor":37,"key":"SkillPotion"}],"is_trial":false,"path_per_floor":["M","?","?","M","?","R","M","E","T","$","?","R","M","M","R","B",null,"M","?","?","?","?","R","E","$","T","$","M","M","R","M","R","B",null,"M","$","M","M","M","R","E"],"character_chosen":"WATCHER","items_purchased":["MentalFortress","Lee\u0027s Waffle","Orrery"],"campfire_rested":2,"item_purchase_floors":[10,25,36],"current_hp_per_floor":[61,50,30,28,28,28,28,7,7,7,7,42,34,34,34,34,60,46,46,46,46,46,46,1,75,75,75,75,74,74,46,46,13,65,65,65,30,30,14,53,0,0],"gold":56,"neow_bonus":"ONE_RANDOM_RARE_CARD","is_daily":false,"chose_seed":false,"campfire_upgraded":5,"win_rate":0.0,"timestamp":1613795926,"path_taken":["M","?","?","M","?","R","M","E","T","$","?","R","?","M","R","BOSS","M","?","?","?","?","R","E","?","T","$","?","M","R","M","R","BOSS","M","?","M","M","M","R","E"],"items_purchased_type":["Card","Relic","Relic"],"build_version":"2020-12-22","purchased_purges":1,"victory":false,"max_hp_per_floor":[68,68,68,68,68,68,68,68,68,68,68,68,68,68,68,68,68,68,68,68,68,68,68,68,75,75,75,75,75,75,75,75,75,80,80,80,80,80,80,80,80,80],"relic_stats":{"Regal Pillow":30,"Lee\u0027s Waffle":74,"counters":[18,79],"Pandora\u0027s Box":["Ragnarok","Devotion","DeceiveReality","DeceiveReality","Devotion","Judgement","PathToVictory"],"Letter Opener":[116],"MawBank":24,"obtain_stats":[{"Regal Pillow":11,"Lee\u0027s Waffle":25,"Tiny House":34,"Orrery":36,"Pandora\u0027s Box":17,"The Courier":26,"Incense Burner":2,"Letter Opener":24,"PureWater":0,"MawBank":8,"StrikeDummy":9},{"Regal Pillow":4,"Lee\u0027s Waffle":9,"Tiny House":13,"Orrery":14,"Pandora\u0027s Box":7,"The Courier":9,"Incense Burner":1,"Letter Opener":9,"PureWater":0,"MawBank":4,"StrikeDummy":4},{"Regal Pillow":14,"Lee\u0027s Waffle":34,"Tiny House":54,"Orrery":56,"Pandora\u0027s Box":23,"The Courier":34,"Incense Burner":3,"Letter Opener":34,"PureWater":0,"MawBank":14,"StrikeDummy":14}]},"card_choices":[{"not_picked":["FlurryOfBlows","Weave"],"picked":"Prostrate","floor":1.0},{"not_picked":["EmptyBody","FollowUp","FlyingSleeves"],"picked":"SKIP","floor":4.0},{"not_picked":["Swivel","FlurryOfBlows"],"picked":"Prostrate","floor":7.0},{"not_picked":["FlyingSleeves","Consecrate"],"picked":"CrushJoints","floor":8.0},{"not_picked":["CutThroughFate","Protect","ReachHeaven"],"picked":"SKIP","floor":13.0},{"not_picked":["Prostrate","Nirvana","Wireheading"],"picked":"SKIP","floor":14.0},{"not_picked":["Scrawl","DeusExMachina"],"picked":"LessonLearned","floor":16.0},{"not_picked":["WreathOfFlame","CutThroughFate+1"],"picked":"Tantrum","floor":18.0},{"not_picked":["Halt","Tantrum","JustLucky"],"picked":"SKIP","floor":24.0},{"not_picked":["FollowUp","EmptyBody"],"picked":"Wallop","floor":28.0},{"not_picked":["Protect","Crescendo","Consecrate"],"picked":"SKIP","floor":29.0},{"not_picked":["WindmillStrike","JustLucky","ReachHeaven+1"],"picked":"SKIP","floor":31},{"not_picked":["Ragnarok","Devotion"],"picked":"DeusExMachina","floor":33},{"not_picked":["Crescendo+1","Fasting2+1","EmptyBody"],"picked":"SKIP","floor":35},{"not_picked":["PathToVictory+1","WheelKick"],"picked":"EmptyBody+1","floor":36},{"not_picked":["CutThroughFate+1","CrushJoints"],"picked":"Study","floor":36},{"not_picked":["Meditate","EmptyFist"],"picked":"Wallop","floor":36},{"not_picked":["EmptyMind","Weave","JustLucky"],"picked":"SKIP","floor":37},{"not_picked":["Protect","FlyingSleeves","Consecrate"],"picked":"SKIP","floor":38},{"not_picked":["WreathOfFlame+1","DeceiveReality","Evaluate"],"picked":"SKIP","floor":39}],"player_experience":1526621,"relics_obtained":[{"floor":8.0,"key":"MawBank"},{"floor":9.0,"key":"StrikeDummy"},{"floor":24.0,"key":"Letter Opener"},{"floor":26.0,"key":"The Courier"}],"event_choices":[{"damage_healed":0.0,"max_hp_gain":0.0,"max_hp_loss":0.0,"gold_gain":0.0,"event_name":"Scrap Ooze","player_choice":"Success","floor":2.0,"gold_loss":0.0,"damage_taken":11.0,"relics_obtained":["Incense Burner"]},{"damage_healed":0.0,"max_hp_gain":0.0,"max_hp_loss":0.0,"gold_gain":0.0,"event_name":"Shining Light","player_choice":"Entered Light","floor":3.0,"gold_loss":0.0,"damage_taken":20.0,"cards_upgraded":["Strike_P","Defend_P"]},{"cards_removed":["Defend_P"],"damage_healed":0.0,"max_hp_gain":0.0,"max_hp_loss":0.0,"gold_gain":0.0,"event_name":"The Cleric","player_choice":"Card Removal","floor":5.0,"gold_loss":75.0,"damage_taken":0.0},{"damage_healed":0.0,"max_hp_gain":0.0,"max_hp_loss":0.0,"gold_gain":0.0,"event_name":"Dead Adventurer","player_choice":"Searched \u00272\u0027 times","floor":11.0,"gold_loss":0.0,"damage_taken":0.0,"relics_obtained":["Regal Pillow"]},{"damage_healed":0.0,"max_hp_gain":0.0,"max_hp_loss":0.0,"gold_gain":0.0,"event_name":"The Library","player_choice":"Read","floor":19.0,"gold_loss":0.0,"damage_taken":0.0,"cards_obtained":["InnerPeace"]},{"cards_removed":["PathToVictory"],"damage_healed":0.0,"max_hp_gain":0.0,"max_hp_loss":0.0,"gold_gain":0.0,"event_name":"Back to Basics","player_choice":"Elegance","floor":20.0,"gold_loss":0.0,"damage_taken":0.0},{"damage_healed":0.0,"max_hp_gain":0.0,"max_hp_loss":0.0,"gold_gain":0.0,"event_name":"Vampires","player_choice":"Ignored","floor":21.0,"gold_loss":0.0,"damage_taken":0.0},{"damage_healed":0.0,"max_hp_gain":0.0,"max_hp_loss":0.0,"gold_gain":0.0,"event_name":"Cursed Tome","player_choice":"Ignored","floor":22.0,"gold_loss":0.0,"damage_taken":0.0}],"is_beta":false,"boss_relics":[{"not_picked":["Cursed Key","Empty Cage"],"picked":"Pandora\u0027s Box"},{"not_picked":["Coffee Dripper","Busted Crown"],"picked":"Tiny House"}],"items_purged_floors":[36],"is_endless":false,"potions_floor_spawned":[4,14,24,28,29,31,37],"killed_by":"Nemesis","ascension_level":20}}