{"host":"kn32u0f2pym5bozc","time":1613812624,"event":{"mods":["2.2 Compatiblity","BaseMod","Better Third Choice","Decade(???)","Minty Spire (QoL Compilation)","Permanent Neow","Relic Stats","StSLib","The Animator"],"gold_per_floor":[129,178,236,252,273,273,301,301,327,369,61,61,94,46,46,170,170,194,208,233,233,27,27,57,80,157,157,157],"floor_reached":27,"language":"ENG","playtime":1220,"items_purged":["animator:Strike"],"score":437,"play_id":"67e48e28-fb44-4c63-a699-8a39fdfe0735","local_time":"20210220041704","is_ascension_mode":true,"campfire_choices":[{"data":"animator:MumenRider","floor":6,"key":"SMITH"},{"data":"animator:SilverFang","floor":8,"key":"SMITH"},{"data":"animator:DwarfShaman","floor":12,"key":"SMITH"},{"floor":15,"key":"REST"},{"data":"animator:Kagari","floor":23,"key":"SMITH"}],"circlet_count":0,"master_deck":["AscendersBane","animator:Defend_OnePunchMan","animator:Strike","animator:Strike","animator:Defend","animator:Defend","animator:Defend","animator:Genos","animator:MumenRider+1","animator:Saitama","animator:Chris","animator:KyokoSakura","animator:DwarfShaman+1","animator:SilverFang+1","animator:Kagari+1","animator:Saber","animator:Biyorigo","animator:Lancer","animator:Shigure","animator:MetalKnight","animator:Emonzaemon","animator:CrowleyEusford","animator:Demiurge"],"relics":["animator:LivingPicture","animator:TheMissingPiece","animator:PurgingStone","Blood Vial","MealTicket","Sling","animator:AlchemistGlove","Sozu","PreservedInsect","Strawberry","Eternal Feather"],"acts_visited":["Exordium","TheCity"],"potions_floor_usage":[10,16],"damage_taken":[{"damage":2,"enemies":"2 Louse","floor":1,"turns":3},{"damage":1,"enemies":"Small Slimes","floor":4,"turns":3},{"damage":2,"enemies":"Jaw Worm","floor":5,"turns":3},{"damage":2,"enemies":"3 Louse","floor":7,"turns":3},{"damage":25,"enemies":"3 Sentries","floor":10,"turns":8},{"damage":29,"enemies":"Lagavulin","floor":13,"turns":4},{"damage":0,"enemies":"Slime Boss","floor":16,"turns":6},{"damage":4,"enemies":"Chosen","floor":18,"turns":4},{"damage":8,"enemies":"3 Byrds","floor":19,"turns":4},{"damage":8,"enemies":"Centurion and Healer","floor":20,"turns":6},{"damage":29,"enemies":"Slavers","floor":24,"turns":4},{"damage":18,"enemies":"Snake Plant","floor":25,"turns":4},{"damage":16,"enemies":"3 Cultists","floor":27,"turns":3}],"seed_played":"6874668813553127647","potions_obtained":[{"floor":1,"key":"SteroidPotion"},{"floor":5,"key":"Fire Potion"}],"is_trial":false,"path_per_floor":["M","?","?","M","M","R","M","R","T","E","$","R","E","?","R","B",null,"M","M","M","?","$","R","E","M","T","M"],"character_chosen":"THE_ANIMATOR","items_purchased":["animator:Kagari","Sling","animator:Emonzaemon","PreservedInsect"],"campfire_rested":1,"item_purchase_floors":[11,11,22,22],"current_hp_per_floor":[57,57,57,56,54,54,52,52,52,29,44,44,17,17,36,38,59,57,51,46,34,49,49,29,13,13,0,0],"gold":157,"neow_bonus":"ONE_RANDOM_RARE_CARD","is_daily":false,"chose_seed":false,"campfire_upgraded":4,"win_rate":0.0,"timestamp":1613812624,"path_taken":["M","?","?","M","M","R","M","R","T","E","$","R","E","?","R","BOSS","M","M","M","?","$","R","E","M","T","M"],"items_purchased_type":["Card","Relic","Card","Relic"],"build_version":"2020-12-22","purchased_purges":1,"victory":false,"max_hp_per_floor":[66,66,66,66,66,66,66,66,66,66,66,66,66,66,66,66,66,66,66,67,72,72,72,79,79,79,79,79],"relic_stats":{"Blood Vial":18,"Sozu":3,"counters":[13,54],"MealTicket":30,"Eternal Feather":0,"PreservedInsect":41,"obtain_stats":[{"Blood Vial":9,"Sozu":17,"animator:PurgingStone":0,"animator:TheMissingPiece":0,"Strawberry":24,"MealTicket":10,"Eternal Feather":26,"animator:LivingPicture":0,"PreservedInsect":22,"animator:AlchemistGlove":13,"Sling":11},{"Blood Vial":4,"Sozu":7,"animator:PurgingStone":0,"animator:TheMissingPiece":0,"Strawberry":11,"MealTicket":5,"Eternal Feather":12,"animator:LivingPicture":0,"PreservedInsect":10,"animator:AlchemistGlove":6,"Sling":5},{"Blood Vial":12,"Sozu":29,"animator:PurgingStone":0,"animator:TheMissingPiece":0,"Strawberry":47,"MealTicket":20,"Eternal Feather":51,"animator:LivingPicture":0,"PreservedInsect":43,"animator:AlchemistGlove":24,"Sling":20}]},"card_choices":[{"not_picked":["animator:Ain","animator:Sloth"],"picked":"animator:Chris","floor":1},{"not_picked":["animator:Arpeggio","animator:FielNirvalen"],"picked":"animator:KyokoSakura","floor":4},{"not_picked":["animator:Shion","animator:Shuna"],"picked":"animator:DwarfShaman","floor":5},{"not_picked":["animator:Sonic","animator:MumenRider"],"picked":"animator:SilverFang","floor":7},{"not_picked":["animator:Evileye","animator:FeridBathory","animator:Azekura"],"picked":"SKIP","floor":10},{"not_picked":["animator:Bozes","animator:Mikaela"],"picked":"animator:Saber","floor":13},{"not_picked":["animator:Shiro","animator:Rimuru"],"picked":"animator:Biyorigo","floor":16},{"not_picked":["animator:LeleiLaLalena","animator:DolaRiku"],"picked":"animator:Lancer","floor":18},{"not_picked":["animator:Mitsuba","animator:Mikaela"],"picked":"animator:Shigure","floor":19},{"not_picked":["animator:Togame","animator:DolaRiku"],"picked":"animator:MetalKnight","floor":20},{"not_picked":["animator:Ara","animator:AcuraShin"],"picked":"animator:CrowleyEusford","floor":24},{"not_picked":["animator:EmiyaShirou","animator:WinryRockbell"],"picked":"animator:Demiurge","floor":25}],"player_experience":949513,"relics_obtained":[{"floor":9,"key":"Blood Vial"},{"floor":10,"key":"MealTicket"},{"floor":13,"key":"animator:AlchemistGlove"},{"floor":24,"key":"Strawberry"},{"floor":26,"key":"Eternal Feather"}],"event_choices":[{"damage_healed":0,"gold_gain":58,"player_choice":"Gained Gold","damage_taken":0,"max_hp_gain":0,"max_hp_loss":0,"event_name":"Golden Wing","floor":3,"gold_loss":0},{"damage_healed":0,"gold_gain":0,"player_choice":"Left","damage_taken":0,"max_hp_gain":0,"max_hp_loss":0,"event_name":"betterThird:BetterGoop","floor":14,"gold_loss":48},{"damage_healed":0,"gold_gain":0,"player_choice":"Shed Blood","damage_taken":17,"max_hp_gain":5,"max_hp_loss":0,"event_name":"Forgotten Altar","floor":21,"gold_loss":0}],"is_beta":false,"boss_relics":[{"not_picked":["animator:CrumblingOrb","animator:HolyGrailRelic"],"picked":"Sozu"}],"items_purged_floors":[11],"is_endless":false,"potions_floor_spawned":[1,5,18,20,24],"killed_by":"3 Cultists","ascension_level":10}}