{"host":"8u7tvcybuv0u72fd","time":1613801034,"event":{"mods":["BaseMod","BetterRewards","Colored Map","Colored Powertips","Minty Spire (QoL Compilation)","Quick Restart","Shop Mod"],"gold_per_floor":[115,190,210,220,75,75,90,109,135,135,145,155,172,206,218,329,341,366,477,66,66,78,78,78,91,91,91,91,101,101,128,128,227,227,243,243,257,257,271,271,271,301,301,331,341,341,359,196,196,196,196,196,6,41,41,41],"floor_reached":55,"language":"ENG","playtime":2830,"items_purged":["Strike_R"],"score":949,"play_id":"64803b0a-b385-4199-98c2-5c18272243d3","local_time":"20210220010354","is_ascension_mode":false,"campfire_choices":[{"data":"Body Slam","floor":6.0,"key":"SMITH"},{"data":"Bash","floor":15.0,"key":"SMITH"},{"data":"Apotheosis","floor":23.0,"key":"SMITH"},{"floor":27.0,"key":"RECALL"},{"data":"Rage","floor":30.0,"key":"SMITH"},{"data":"Juggernaut","floor":32.0,"key":"SMITH"},{"data":"Barricade","floor":41.0,"key":"SMITH"},{"data":"Seeing Red","floor":46.0,"key":"SMITH"},{"data":"Shrug It Off","floor":49.0,"key":"SMITH"},{"data":"Dropkick","floor":52,"key":"SMITH"}],"circlet_count":0,"master_deck":["Strike_R+1","Strike_R+1","Strike_R+1","Defend_R+1","Defend_R+1","Defend_R+1","Defend_R+1","Bash+1","Body Slam+1","Dropkick+1","Pommel Strike","Rage+1","Double Tap","Juggernaut+1","Shrug It Off+1","Apotheosis+1","Headbutt","Metallicize+1","Barricade+1","Iron Wave+1","Seeing Red+1"],"relics":["Black Blood","StoneCalendar","Bag of Preparation","Orichalcum","Boot","Bronze Scales","Toy Ornithopter","MerchantsRug","HandDrill","Unceasing Top","Bottled Lightning","Gremlin Horn","Philosopher\u0027s Stone","Vajra","CaptainsWheel","Oddly Smooth Stone","Bag of Marbles"],"acts_visited":["Exordium","TheCity","TheBeyond","TheEnding"],"potions_floor_usage":[50,55,55,55],"damage_taken":[{"damage":1.0,"enemies":"Cultist","floor":1.0,"turns":4.0},{"damage":1.0,"enemies":"Jaw Worm","floor":3.0,"turns":5.0},{"damage":2.0,"enemies":"Small Slimes","floor":4.0,"turns":4.0},{"damage":3.0,"enemies":"Exordium Wildlife","floor":7.0,"turns":5.0},{"damage":8.0,"enemies":"Exordium Thugs","floor":8.0,"turns":4.0},{"damage":0.0,"enemies":"3 Louse","floor":11.0,"turns":3.0},{"damage":8.0,"enemies":"Red Slaver","floor":12.0,"turns":2.0},{"damage":15.0,"enemies":"Large Slime","floor":13.0,"turns":6.0},{"damage":14.0,"enemies":"3 Sentries","floor":14.0,"turns":7.0},{"damage":31.0,"enemies":"The Guardian","floor":16.0,"turns":8.0},{"damage":19.0,"enemies":"Spheric Guardian","floor":18.0,"turns":4.0},{"damage":6.0,"enemies":"Shell Parasite","floor":22.0,"turns":5.0},{"damage":4.0,"enemies":"Chosen and Byrds","floor":25.0,"turns":4.0},{"damage":14.0,"enemies":"Sentry and Sphere","floor":29.0,"turns":3.0},{"damage":21.0,"enemies":"Gremlin Leader","floor":31.0,"turns":4.0},{"damage":31.0,"enemies":"Collector","floor":33.0,"turns":8.0},{"damage":26.0,"enemies":"Orb Walker","floor":35.0,"turns":4.0},{"damage":12.0,"enemies":"3 Shapes","floor":37.0,"turns":5.0},{"damage":4.0,"enemies":"3 Darklings","floor":39.0,"turns":5.0},{"damage":0.0,"enemies":"Giant Head","floor":42.0,"turns":6.0},{"damage":4.0,"enemies":"Reptomancer","floor":44.0,"turns":7.0},{"damage":2.0,"enemies":"Transient","floor":45.0,"turns":5.0},{"damage":0.0,"enemies":"4 Shapes","floor":47.0,"turns":5.0},{"damage":38,"enemies":"Time Eater","floor":50,"turns":9},{"damage":31,"enemies":"Shield and Spear","floor":54,"turns":6},{"damage":82,"enemies":"The Heart","floor":55,"turns":8}],"seed_played":"-1538267616317280325","potions_obtained":[{"floor":0.0,"key":"EntropicBrew"},{"floor":0.0,"key":"FearPotion"},{"floor":0.0,"key":"Fire Potion"},{"floor":11.0,"key":"LiquidMemories"},{"floor":33.0,"key":"SpeedPotion"},{"floor":42.0,"key":"Block Potion"}],"is_trial":false,"path_per_floor":["M","?","M","M","$","R","M","M","T","?","M","M","M","E","R","B",null,"M","?","$","?","M","R","?","M","T","R","?","M","R","E","R","B",null,"M","?","M","?","M","?","R","E","T","E","M","R","M","$","R","B",null,"R","$","E","B"],"character_chosen":"IRONCLAD","items_purchased":["Body Slam","Bag of Preparation","Cauldron","Boot","Apotheosis","MerchantsRug","HandDrill","Membership Card","Energy Potion","CaptainsWheel","Oddly Smooth Stone","LiquidMemories"],"campfire_rested":0,"item_purchase_floors":[0,0,0,5,20,20,20,48,48,53,53,53],"current_hp_per_floor":[56,48,53,57,57,57,60,58,58,46,52,50,41,48,48,23,80,73,73,73,73,79,79,79,80,80,80,80,78,78,69,69,55,80,66,66,66,66,79,79,79,80,80,80,80,80,80,80,80,59,80,80,80,61,0,0],"gold":41,"neow_bonus":"","is_daily":false,"chose_seed":false,"campfire_upgraded":9,"win_rate":0.0,"timestamp":1613801034,"path_taken":["M","?","M","M","$","R","?","M","T","?","M","M","M","E","R","BOSS","M","?","$","?","?","R","?","M","T","R","?","M","R","E","R","BOSS","M","?","M","?","M","?","R","E","T","E","M","R","?","$","R","BOSS","R","$","E","BOSS"],"items_purchased_type":["Card","Relic","Relic","Relic","Card","Relic","Relic","Relic","Potion","Relic","Relic","Potion"],"build_version":"2020-12-22","purchased_purges":1,"victory":false,"max_hp_per_floor":[80,80,80,80,80,80,80,80,80,80,80,80,80,80,80,80,80,80,80,80,80,80,80,80,80,80,80,80,80,80,80,80,80,80,80,80,80,80,80,80,80,80,80,80,80,80,80,80,80,80,80,80,80,80,80,80],"card_choices":[{"not_picked":["Combust","Armaments","Entrench"],"picked":"SKIP","floor":1.0},{"not_picked":["Thunderclap","Wild Strike","Rupture"],"picked":"SKIP","floor":3.0},{"not_picked":["Hemokinesis","Whirlwind"],"picked":"Dropkick","floor":4.0},{"not_picked":["True Grit","Reckless Charge","Anger"],"picked":"SKIP","floor":7.0},{"not_picked":["Thunderclap","Body Slam","Sever Soul"],"picked":"SKIP","floor":8.0},{"not_picked":["Offering","Feel No Pain"],"picked":"Pommel Strike","floor":11.0},{"not_picked":["Power Through","Searing Blow"],"picked":"Rage","floor":12.0},{"not_picked":["True Grit","Wild Strike","Rage"],"picked":"SKIP","floor":13.0},{"not_picked":["Headbutt","Anger"],"picked":"Double Tap","floor":14.0},{"not_picked":["Fiend Fire","Feed"],"picked":"Juggernaut","floor":16.0},{"not_picked":["Entrench","Dropkick"],"picked":"Shrug It Off","floor":18.0},{"not_picked":["Havoc","True Grit","Clothesline+1"],"picked":"SKIP","floor":22.0},{"not_picked":["Infernal Blade","Anger+1","Cleave"],"picked":"SKIP","floor":25.0},{"not_picked":["Infernal Blade","Anger+1","Cleave"],"picked":"SKIP","floor":25.0},{"not_picked":["Infernal Blade","Anger+1","Cleave"],"picked":"SKIP","floor":25.0},{"not_picked":["Thunderclap","Blood for Blood+1"],"picked":"Headbutt","floor":29.0},{"not_picked":["Flame Barrier","Carnage"],"picked":"Metallicize+1","floor":31.0},{"not_picked":["Limit Break","Bludgeon"],"picked":"Barricade","floor":33.0},{"not_picked":["Clothesline+1","Fire Breathing+1","Bloodletting"],"picked":"SKIP","floor":35.0},{"not_picked":["Thunderclap+1","Bloodletting"],"picked":"Iron Wave+1","floor":37.0},{"not_picked":["Anger","Inflame+1","Wild Strike"],"picked":"SKIP","floor":39.0},{"not_picked":["Dark Embrace+1","Warcry+1","Pommel Strike+1"],"picked":"SKIP","floor":42.0},{"not_picked":["Clothesline+1","Sentinel"],"picked":"Seeing Red","floor":44.0},{"not_picked":["Power Through","Cleave+1","Body Slam+1"],"picked":"SKIP","floor":45.0},{"not_picked":["Warcry+1","Twin Strike","Ghostly Armor+1"],"picked":"SKIP","floor":47.0},{"not_picked":["Sever Soul+1","Shrug It Off+1","Cleave+1"],"picked":"SKIP","floor":54}],"player_experience":1534154,"relics_obtained":[{"floor":9.0,"key":"Bronze Scales"},{"floor":14.0,"key":"MawBank"},{"floor":26.0,"key":"Bottled Lightning"},{"floor":31.0,"key":"Gremlin Horn"},{"floor":42.0,"key":"Vajra"},{"floor":44.0,"key":"Smiling Mask"},{"floor":54,"key":"Bag of Marbles"}],"event_choices":[{"damage_healed":0.0,"max_hp_gain":0.0,"max_hp_loss":0.0,"gold_gain":75.0,"event_name":"FaceTrader","player_choice":"Touch","floor":2.0,"gold_loss":0.0,"damage_taken":8.0},{"damage_healed":0.0,"max_hp_gain":0.0,"max_hp_loss":0.0,"gold_gain":0.0,"event_name":"Scrap Ooze","player_choice":"Success","floor":10.0,"gold_loss":0.0,"damage_taken":12.0,"relics_obtained":["Toy Ornithopter"]},{"damage_healed":0.0,"max_hp_gain":0.0,"max_hp_loss":0.0,"gold_gain":99.0,"event_name":"Nest","player_choice":"Stole From Cult","floor":19.0,"gold_loss":0.0,"damage_taken":0.0},{"damage_healed":0.0,"max_hp_gain":0.0,"max_hp_loss":0.0,"gold_gain":0.0,"event_name":"The Mausoleum","player_choice":"Opened","floor":21.0,"gold_loss":0.0,"damage_taken":0.0,"relics_obtained":["Unceasing Top"]},{"damage_healed":0.0,"max_hp_gain":0.0,"max_hp_loss":0.0,"gold_gain":0.0,"event_name":"Back to Basics","player_choice":"Simplicity","floor":24.0,"gold_loss":0.0,"damage_taken":0.0,"cards_upgraded":["Strike_R","Strike_R","Strike_R","Strike_R","Defend_R","Defend_R","Defend_R","Defend_R"]},{"damage_healed":0.0,"max_hp_gain":0.0,"max_hp_loss":0.0,"gold_gain":0.0,"event_name":"Lab","player_choice":"Got Potions","floor":28.0,"gold_loss":0.0,"damage_taken":0.0},{"damage_healed":0.0,"max_hp_gain":0.0,"max_hp_loss":0.0,"gold_gain":0.0,"event_name":"Tomb of Lord Red Mask","player_choice":"Ignored","floor":36.0,"gold_loss":0.0,"damage_taken":0.0},{"damage_healed":0.0,"max_hp_gain":0.0,"max_hp_loss":0.0,"gold_gain":0.0,"event_name":"SensoryStone","player_choice":"Memory 1","floor":38.0,"gold_loss":0.0,"damage_taken":0.0},{"cards_removed":["Strike_R"],"damage_healed":0.0,"max_hp_gain":0.0,"max_hp_loss":0.0,"gold_gain":0.0,"event_name":"Bonfire Elementals","player_choice":"Offered Basic","floor":40.0,"gold_loss":0.0,"damage_taken":0.0}],"is_beta":false,"boss_relics":[{"not_picked":["Astrolabe","Black Star"],"picked":"Black Blood"},{"not_picked":["SacredBark","Runic Pyramid"],"picked":"Philosopher\u0027s Stone"}],"items_purged_floors":[0],"is_endless":false,"potions_floor_spawned":[3,7,11,14,22,29,33,42,44,45],"killed_by":"The Heart","ascension_level":0}}