{"host":"eksvfr80mef7di1h","time":1613837150,"event":{"mods":["AchievementEnabler","BaseMod","Colored Map","Minty Spire (QoL Compilation)","StSLib","SuperFastMode"],"gold_per_floor":[116,128,128,146,166,166,182,182,182,212,231,243,275,275,275,398,398,419,444,444,118,118,157,178,198,198,198,239,89,105,129,129,129,129],"floor_reached":33,"language":"ENG","playtime":1276,"items_purged":[],"score":291,"play_id":"caf6c545-efd8-4ee8-891c-5e09f1542c07","local_time":"20210220170550","is_ascension_mode":false,"campfire_choices":[{"data":"Neutralize","floor":6,"key":"SMITH"},{"data":"Quick Slash","floor":15,"key":"SMITH"},{"data":"Apotheosis","floor":27,"key":"SMITH"},{"data":"Blade Dance","floor":32,"key":"SMITH"}],"circlet_count":0,"master_deck":["Strike_G","Strike_G","Strike_G+1","Strike_G","Strike_G","Defend_G+1","Defend_G","Defend_G+1","Defend_G","Defend_G","Survivor","Neutralize+1","Quick Slash+1","Deflect","Backstab","Tools of the Trade","Quick Slash","Slice","Deflect","Quick Slash","Injury","Tools of the Trade","PiercingWail","Backflip+1","RitualDagger","Apotheosis+1","Writhe","Cloak And Dagger+1","Slice+1","Calculated Gamble+1","Pain","Blade Dance+1","Blur+1","Riddle With Holes+1"],"relics":["HoveringKite","Du-Vu Doll","The Specimen","Golden Idol","Cursed Key","PreservedInsect","Letter Opener","Calipers","Lizard Tail","Art of War","War Paint"],"acts_visited":["TheCity"],"potions_floor_usage":[12,16,23,23,25,28,30],"damage_taken":[{"damage":0.0,"enemies":"Small Slimes","floor":1.0,"turns":4.0},{"damage":0.0,"enemies":"Jaw Worm","floor":2.0,"turns":3.0},{"damage":1.0,"enemies":"2 Louse","floor":4.0,"turns":4.0},{"damage":0,"enemies":"Looter","floor":5,"turns":3},{"damage":5,"enemies":"3 Louse","floor":7,"turns":3},{"damage":0,"enemies":"Red Slaver","floor":11,"turns":3},{"damage":0,"enemies":"Gremlin Gang","floor":12,"turns":5},{"damage":9,"enemies":"3 Sentries","floor":13,"turns":8},{"damage":8,"enemies":"The Guardian","floor":16,"turns":12},{"damage":2,"enemies":"Chosen","floor":18,"turns":4},{"damage":14,"enemies":"Spheric Guardian","floor":19,"turns":4},{"damage":18,"enemies":"Slavers","floor":23,"turns":5},{"damage":8,"enemies":"Snecko","floor":24,"turns":6},{"damage":7,"enemies":"Centurion and Healer","floor":25,"turns":4},{"damage":8,"enemies":"Book of Stabbing","floor":28,"turns":4},{"damage":21,"enemies":"Snake Plant","floor":30,"turns":2},{"damage":0,"enemies":"Chosen and Byrds","floor":31,"turns":5},{"damage":32,"enemies":"Champ","floor":33,"turns":8}],"seed_played":"-5907949308616688271","potions_obtained":[{"floor":2.0,"key":"Ancient Potion"},{"floor":4.0,"key":"Fire Potion"},{"floor":7,"key":"EssenceOfSteel"},{"floor":11,"key":"Block Potion"},{"floor":16,"key":"Poison Potion"},{"floor":23,"key":"SteroidPotion"},{"floor":25,"key":"SteroidPotion"},{"floor":28,"key":"Strength Potion"}],"is_trial":false,"path_per_floor":["M","M","?","M","M","R","M","?","T","?","M","M","E","?","R","B",null,"M","M","?","$","?","E","M","M","T","R","E","$","M","M","R","B"],"character_chosen":"THE_SILENT","items_purchased":["Apotheosis","PreservedInsect","War Paint"],"campfire_rested":0,"item_purchase_floors":[21,21,29],"current_hp_per_floor":[70,70,75,74,74,74,69,54,54,54,54,54,45,45,45,37,75,73,59,53,53,53,35,27,20,20,20,12,12,30,30,30,0,0],"gold":129,"neow_bonus":"BOSS_RELIC","is_daily":false,"chose_seed":false,"campfire_upgraded":4,"win_rate":0.0,"timestamp":1613837150,"path_taken":["M","M","?","M","M","R","M","?","T","?","M","M","E","?","R","BOSS","M","M","?","$","?","E","M","M","T","R","E","$","M","M","R","BOSS"],"items_purchased_type":["Card","Relic","Relic"],"build_version":"2020-12-22","purchased_purges":0,"victory":false,"max_hp_per_floor":[70,70,75,75,75,75,75,75,75,75,75,75,75,75,75,75,75,75,75,75,75,75,75,75,75,75,75,75,75,75,75,75,75,75],"card_choices":[{"not_picked":["Sucker Punch","Footwork"],"picked":"Quick Slash","floor":1.0},{"not_picked":["Cloak And Dagger","PiercingWail"],"picked":"Deflect","floor":2.0},{"not_picked":["Acrobatics","Well Laid Plans"],"picked":"Backstab","floor":4.0},{"not_picked":["Infinite Blades","Sucker Punch"],"picked":"Tools of the Trade","floor":5},{"not_picked":["Blade Dance","Flying Knee"],"picked":"Quick Slash","floor":7},{"not_picked":["Sucker Punch","Deflect"],"picked":"Slice","floor":11},{"not_picked":["Acrobatics","Outmaneuver"],"picked":"Deflect","floor":12},{"not_picked":["Deadly Poison","Outmaneuver"],"picked":"Quick Slash","floor":13},{"not_picked":["Night Terror","Envenom"],"picked":"Tools of the Trade","floor":16},{"not_picked":["All Out Attack","Predator+1"],"picked":"PiercingWail","floor":18},{"not_picked":["Expertise+1","Outmaneuver"],"picked":"Backflip+1","floor":19},{"not_picked":["Accuracy+1","Doppelganger"],"picked":"Cloak And Dagger+1","floor":23},{"not_picked":["Catalyst","Distraction+1"],"picked":"Slice+1","floor":24},{"not_picked":["Bouncing Flask","Dagger Spray"],"picked":"Calculated Gamble","floor":25},{"not_picked":["All Out Attack","Acrobatics"],"picked":"Blade Dance","floor":28},{"not_picked":["Skewer+1","Riddle With Holes"],"picked":"Blur+1","floor":30},{"not_picked":["PiercingWail","Quick Slash"],"picked":"Riddle With Holes+1","floor":31}],"player_experience":165195,"relics_obtained":[{"floor":9,"key":"Du-Vu Doll"},{"floor":13,"key":"The Specimen"},{"floor":23,"key":"Calipers"},{"floor":26,"key":"Lizard Tail"},{"floor":28,"key":"Art of War"}],"event_choices":[{"damage_healed":0.0,"max_hp_gain":5.0,"max_hp_loss":0.0,"gold_gain":0.0,"event_name":"Big Fish","player_choice":"Donut","floor":3.0,"gold_loss":0.0,"damage_taken":0.0},{"damage_healed":0,"gold_gain":0,"player_choice":"Entered Light","damage_taken":15,"max_hp_gain":0,"max_hp_loss":0,"event_name":"Shining Light","floor":8,"gold_loss":0,"cards_upgraded":["Defend_G","Strike_G"]},{"damage_healed":0,"gold_gain":30,"player_choice":"Searched \u00271\u0027 times","damage_taken":0,"max_hp_gain":0,"max_hp_loss":0,"event_name":"Dead Adventurer","floor":10,"gold_loss":0},{"damage_healed":0,"gold_gain":0,"player_choice":"Take Wound","damage_taken":0,"relics_obtained":["Golden Idol"],"max_hp_gain":0,"max_hp_loss":0,"event_name":"Golden Idol","floor":14,"gold_loss":0,"cards_obtained":["Injury"]},{"damage_healed":0,"gold_gain":0,"player_choice":"Joined the Cult","damage_taken":6,"max_hp_gain":0,"max_hp_loss":0,"event_name":"Nest","floor":20,"gold_loss":0,"cards_obtained":["RitualDagger"]},{"damage_healed":0,"gold_gain":0,"player_choice":"Opened","damage_taken":0,"relics_obtained":["Letter Opener"],"max_hp_gain":0,"max_hp_loss":0,"event_name":"The Mausoleum","floor":22,"gold_loss":0,"cards_obtained":["Writhe"]}],"is_beta":false,"boss_relics":[{"not_picked":["Ectoplasm","Runic Pyramid"],"picked":"Cursed Key"}],"items_purged_floors":[],"is_endless":false,"potions_floor_spawned":[2,4,7,11,16,23,25,28],"killed_by":"Champ","ascension_level":0}}