{"host":"6xsbn6ynqlzwllfm","time":1613781606,"event":{"mods":["2.2 Compatiblity","BaseMod","Bestiary","Colored Map","Colored Powertips","Curses Come First","Downfall","Highlight Path","Keyboard Shortcuts","Minty Spire (QoL Compilation)","Quick Restart","Relic Stats","Slay the Relics Exporter","StSLib","SuperFastMode"],"gold_per_floor":[113,133,153,153,118,118,148,161,161,161,161,174,191,222,222,296,296,307,323,343,23,38,68,84,117,117,151,51,64,83,83,83,160,160,178,196,196,196,196],"floor_reached":37,"language":"ENG","playtime":1605,"items_purged":["bronze:Strike","bronze:Strike"],"score":799,"play_id":"cc98c003-d594-4d51-bf38-9386d98dcb26","local_time":"20210219194006","is_ascension_mode":true,"campfire_choices":[{"data":"bronze:Fortify","floor":6,"key":"SMITH"},{"data":"bronze:Goto","floor":10,"key":"SMITH"},{"data":"bronze:NullPointer","floor":15,"key":"SMITH"},{"data":"bronze:Replicate","floor":32,"key":"SMITH"}],"circlet_count":0,"master_deck":["AscendersBane","bronze:Strike","bronze:Strike","bronze:Defend","bronze:Defend","bronze:Defend","bronze:Defend","bronze:Replicate+1","bronze:Goto+1","bronze:NullPointer+1","bronze:Fortify+1","bronze:Overheat","bronze:ChildClass","bronze:DelayedGuard","bronze:GetLatest+1","bronze:DelayedGuard+1","bronze:Boost+1","bronze:Verify","bronze:Repair+1","bronze:GetLatest+1","bronze:Refactor+1","bronze:BronzeArmor+1","bronze:Iterate+1","bronze:Verify"],"relics":["bronze:BronzeCore","bronze:BottledCode","MealTicket","Toxic Egg 2","Blue Candle","Philosopher\u0027s Stone","Pear","Omamori","Ginger","Incense Burner","Pen Nib","Cursed Key"],"acts_visited":["Exordium","TheCity","TheBeyond"],"potions_floor_usage":[18],"damage_taken":[{"damage":13,"enemies":"Jaw Worm","floor":1,"turns":4},{"damage":6,"enemies":"Small Slimes","floor":2,"turns":5},{"damage":10,"enemies":"2 Louse","floor":3,"turns":2},{"damage":12,"enemies":"Lagavulin","floor":7,"turns":6},{"damage":7,"enemies":"2 Fungi Beasts","floor":8,"turns":3},{"damage":1,"enemies":"Looter","floor":12,"turns":4},{"damage":1,"enemies":"Blue Slaver","floor":13,"turns":2},{"damage":0,"enemies":"3 Sentries","floor":14,"turns":7},{"damage":2,"enemies":"Hexaghost","floor":16,"turns":9},{"damage":0,"enemies":"2 Thieves","floor":18,"turns":4},{"damage":4,"enemies":"Spheric Guardian","floor":19,"turns":3},{"damage":9,"enemies":"Cultist and Chosen","floor":20,"turns":4},{"damage":19,"enemies":"Snake Plant","floor":22,"turns":3},{"damage":1,"enemies":"Book of Stabbing","floor":23,"turns":6},{"damage":0,"enemies":"3 Cultists","floor":24,"turns":6},{"damage":27,"enemies":"Slavers","floor":25,"turns":8},{"damage":24,"enemies":"Book of Stabbing","floor":27,"turns":7},{"damage":17,"enemies":"Centurion and Healer","floor":29,"turns":8},{"damage":8,"enemies":"Cultist and Chosen","floor":30,"turns":7},{"damage":4,"enemies":"Collector","floor":33,"turns":10},{"damage":16,"enemies":"Orb Walker","floor":35,"turns":3},{"damage":8,"enemies":"3 Shapes","floor":36,"turns":5},{"damage":88,"enemies":"2 Orb Walkers","floor":37,"turns":7}],"seed_played":"-6427375032951464647","potions_obtained":[{"floor":3,"key":"LiquidBronze"},{"floor":7,"key":"Swift Potion"},{"floor":20,"key":"SteroidPotion"},{"floor":23,"key":"Ancient Potion"}],"is_trial":false,"path_per_floor":["M","M","M","?","?","R","E","M","T","R","T","M","M","E","R","B",null,"M","M","M","$","M","E","M","E","T","E","$","M","M","?","R","B",null,"M","M","?"],"character_chosen":"THE_AUTOMATON","items_purchased":["Pear"],"campfire_rested":0,"item_purchase_floors":[21],"current_hp_per_floor":[50,44,34,34,48,48,36,29,29,29,29,28,27,27,27,25,51,51,47,48,69,60,68,69,52,52,38,53,46,48,48,48,54,65,53,55,0,0,0],"gold":196,"neow_bonus":"TEN_PERCENT_HP_BONUS","is_daily":false,"chose_seed":false,"campfire_upgraded":4,"win_rate":0.0,"timestamp":1613781606,"path_taken":["M","M","M","?","?","R","E","M","T","R","?","M","M","E","R","BOSS","M","M","M","$","M","E","M","E","T","E","$","M","M","?","R","BOSS","M","M","?"],"items_purchased_type":["Relic"],"build_version":"2020-12-22","purchased_purges":2,"victory":false,"max_hp_per_floor":[69,69,69,59,59,59,59,59,59,59,59,59,59,59,59,59,59,59,59,59,69,69,69,69,69,69,69,69,69,69,69,69,69,69,69,69,69,69,69],"relic_stats":{"counters":[23,123],"Blue Candle":[1],"MealTicket":26,"Pen Nib":[8],"Ginger":[6],"Cursed Key":0,"obtain_stats":[{"bronze:BottledCode":4,"bronze:BronzeCore":0,"Pear":21,"Blue Candle":14,"MealTicket":7,"Philosopher\u0027s Stone":17,"Pen Nib":27,"Omamori":23,"Incense Burner":26,"Ginger":25,"Toxic Egg 2":11,"Cursed Key":34},{"bronze:BottledCode":3,"bronze:BronzeCore":0,"Pear":12,"Blue Candle":8,"MealTicket":4,"Philosopher\u0027s Stone":9,"Pen Nib":17,"Omamori":14,"Incense Burner":16,"Ginger":16,"Toxic Egg 2":5,"Cursed Key":20},{"bronze:BottledCode":11,"bronze:BronzeCore":0,"Pear":53,"Blue Candle":33,"MealTicket":17,"Philosopher\u0027s Stone":42,"Pen Nib":83,"Omamori":62,"Incense Burner":76,"Ginger":76,"Toxic Egg 2":20,"Cursed Key":108}]},"card_choices":[{"not_picked":["bronze:WildBeam","bronze:Frontload"],"picked":"bronze:NullPointer","floor":1},{"not_picked":["bronze:ForLoop","bronze:Separator"],"picked":"bronze:Fortify","floor":2},{"not_picked":["bronze:Iterate","bronze:Flail"],"picked":"bronze:Overheat","floor":3},{"not_picked":["bronze:CutThrough","bronze:BurnOut"],"picked":"bronze:ChildClass","floor":7},{"not_picked":["bronze:NullPointer","bronze:Fortify"],"picked":"bronze:DelayedGuard","floor":8},{"not_picked":["bronze:Separator","bronze:CloningBeam"],"picked":"bronze:GetLatest+1","floor":12},{"not_picked":["bronze:Branch","bronze:DarkDash"],"picked":"bronze:DelayedGuard+1","floor":13},{"not_picked":["bronze:OilSpill","bronze:MaxOutput"],"picked":"bronze:Boost+1","floor":14},{"not_picked":["bronze:RecursiveStrike","bronze:CleanCode"],"picked":"bronze:Verify","floor":16},{"not_picked":["bronze:DelayedSlice","bronze:FineTuning+1"],"picked":"bronze:Repair+1","floor":18},{"not_picked":["bronze:DigitalCarnage","bronze:Shield+1","bronze:Overload+1"],"picked":"SKIP","floor":19},{"not_picked":["bronze:BugBarrage","bronze:NullPointer"],"picked":"bronze:GetLatest+1","floor":20},{"not_picked":["bronze:BitShift+1","bronze:InfiniteBeams","bronze:Safeguard+1"],"picked":"SKIP","floor":22},{"not_picked":["bronze:Backtrace+1","bronze:Allocate+1"],"picked":"bronze:Refactor+1","floor":23},{"not_picked":["bronze:Shield+1","bronze:WildBeam+1","bronze:BronzeOrb"],"picked":"SKIP","floor":24},{"not_picked":["bronze:SpaghettiCode+1","bronze:WhirlingStrike","bronze:Branch"],"picked":"SKIP","floor":25},{"not_picked":["bronze:Overload+1","bronze:Fortify"],"picked":"bronze:BronzeArmor+1","floor":27},{"not_picked":["bronze:Shield+1","bronze:WildBeam","bronze:Frontload+1"],"picked":"SKIP","floor":29},{"not_picked":["bronze:Safeguard+1","bronze:WhirlingStrike"],"picked":"bronze:Iterate+1","floor":30},{"not_picked":["bronze:HardenedForm","bronze:ShipIt"],"picked":"bronze:Verify","floor":33},{"not_picked":["bronze:Branch","bronze:WhirlingStrike","bronze:FineTuning+1"],"picked":"SKIP","floor":35},{"not_picked":["bronze:Frontload+1","bronze:FineTuning+1","bronze:BuggyMess+1"],"picked":"SKIP","floor":36}],"player_experience":1807142,"relics_obtained":[{"floor":7,"key":"MealTicket"},{"floor":11,"key":"Toxic Egg 2"},{"floor":14,"key":"Blue Candle"},{"floor":23,"key":"Omamori"},{"floor":25,"key":"Ginger"},{"floor":26,"key":"Incense Burner"},{"floor":27,"key":"Pen Nib"}],"event_choices":[{"damage_healed":14,"gold_gain":0,"player_choice":"Healed","damage_taken":0,"max_hp_gain":0,"max_hp_loss":0,"event_name":"The Cleric","floor":5,"gold_loss":35},{"damage_healed":0,"gold_gain":0,"player_choice":"Ignored","damage_taken":0,"max_hp_gain":0,"max_hp_loss":0,"event_name":"Vampires","floor":31,"gold_loss":0},{"damage_healed":0,"gold_gain":0,"player_choice":"Fight","damage_taken":0,"max_hp_gain":0,"max_hp_loss":0,"event_name":"Mysterious Sphere","floor":37,"gold_loss":0}],"is_beta":false,"boss_relics":[{"not_picked":["SacredBark","Ectoplasm"],"picked":"Philosopher\u0027s Stone"},{"not_picked":["Runic Dome","SlaversCollar"],"picked":"Cursed Key"}],"items_purged_floors":[21,28],"is_endless":false,"potions_floor_spawned":[3,7,8,14,16,20,23,24,30],"killed_by":"2 Orb Walkers","ascension_level":14}}