{"host":"gg","time":1613812020,"event":{"mods":["AchievementEnabler","BaseMod","Colored Map","Googly Eyes","Minty Spire (QoL Compilation)","Permanent Neow","Relic Stats","The IronCluck"],"gold_per_floor":[114,124,124,124,177,210,210,244,244,264,264,279,279,300,300,393,393,408,424,424,459,459,490,490,509,580,14,29,53,178,202,202,297,297,321,344,369,400,622,658,677,677,677,378,378,64,105,105,105,105,105],"floor_reached":50,"language":"ENG","playtime":4715,"items_purged":["Establishment"],"score":1110,"play_id":"60ff8bd1-feb5-4a33-ac1c-b582a6b7638a","local_time":"20210220010700","is_ascension_mode":true,"campfire_choices":[{"floor":7.0,"key":"REST"},{"floor":13.0,"key":"REST"},{"data":"Eruption","floor":15.0,"key":"SMITH"},{"floor":24,"key":"REST"},{"floor":32,"key":"REST"},{"floor":42,"key":"REST"},{"floor":49,"key":"RECALL"}],"circlet_count":0,"master_deck":["AscendersBane","Strike_P+1","Strike_P+1","Strike_P+1","Defend_P+1","Defend_P+1","Eruption+1","Vigilance","SandsOfTime","CutThroughFate","CutThroughFate","FearNoEvil","Meditate+1","SpiritShield+1","Vault+1","InnerPeace+1","Omniscience+1","CrushJoints+1","Indignation","Halt","SashWhip","Adaptation","EmptyBody+1","Alpha","Fasting2+1","EmptyFist+1","WheelKick","CrushJoints+1","FlurryOfBlows","Secret Weapon","Trip"],"relics":["Runic Pyramid","Golden Idol","Regal Pillow","Potion Belt","Turnip","Peace Pipe","Astrolabe","Red Mask","Gambling Chip","Ornamental Fan","Frozen Eye","CaptainsWheel","CloakClasp","Sundial","Fusion Hammer","Unceasing Top","Dead Branch","Membership Card","War Paint","Bottled Tornado","Medical Kit","Boot","CeramicFish"],"acts_visited":["Exordium","TheCity","TheBeyond"],"potions_floor_usage":[28,30,31,33,36,36,47,47,47,50],"damage_taken":[{"damage":12.0,"enemies":"Cultist","floor":1.0,"turns":3.0},{"damage":4.0,"enemies":"2 Louse","floor":2.0,"turns":3.0},{"damage":11.0,"enemies":"3 Sentries","floor":6.0,"turns":6.0},{"damage":32.0,"enemies":"Gremlin Nob","floor":8.0,"turns":4.0},{"damage":2.0,"enemies":"Small Slimes","floor":10.0,"turns":3.0},{"damage":3.0,"enemies":"Blue Slaver","floor":12.0,"turns":4.0},{"damage":11.0,"enemies":"3 Louse","floor":14.0,"turns":4.0},{"damage":11.0,"enemies":"Hexaghost","floor":16.0,"turns":6.0},{"damage":3.0,"enemies":"Spheric Guardian","floor":18.0,"turns":4.0},{"damage":11.0,"enemies":"Shell Parasite","floor":19.0,"turns":5.0},{"damage":20.0,"enemies":"Masked Bandits","floor":21.0,"turns":4.0},{"damage":17,"enemies":"Gremlin Leader","floor":23,"turns":8},{"damage":6,"enemies":"3 Cultists","floor":25,"turns":5},{"damage":11,"enemies":"Snake Plant","floor":28,"turns":3},{"damage":0,"enemies":"Centurion and Healer","floor":29,"turns":6},{"damage":2,"enemies":"Colosseum Slavers","floor":30,"turns":4},{"damage":12,"enemies":"Colosseum Nobs","floor":30,"turns":4},{"damage":2,"enemies":"Chosen and Byrds","floor":31,"turns":5},{"damage":24,"enemies":"Champ","floor":33,"turns":9},{"damage":0,"enemies":"3 Shapes","floor":35,"turns":4},{"damage":2,"enemies":"3 Darklings","floor":36,"turns":5},{"damage":0,"enemies":"4 Shapes","floor":37,"turns":3},{"damage":3,"enemies":"Mind Bloom Boss Battle","floor":38,"turns":6},{"damage":5,"enemies":"Nemesis","floor":40,"turns":6},{"damage":28,"enemies":"Spire Growth","floor":41,"turns":6},{"damage":23,"enemies":"Reptomancer","floor":47,"turns":5},{"damage":56,"enemies":"Awakened One","floor":50,"turns":9}],"seed_played":"4325404264345482617","potions_obtained":[{"floor":2.0,"key":"AttackPotion"},{"floor":12.0,"key":"BlessingOfTheForge"},{"floor":23,"key":"SkillPotion"},{"floor":28,"key":"SpeedPotion"},{"floor":29,"key":"BottledMiracle"},{"floor":30,"key":"DistilledChaos"},{"floor":33,"key":"StancePotion"},{"floor":35,"key":"SkillPotion"},{"floor":37,"key":"CultistPotion"},{"floor":41,"key":"StancePotion"},{"floor":47,"key":"StancePotion"}],"is_trial":false,"path_per_floor":["M","M","?","?","T","E","R","E","T","M","?","M","R","M","R","B",null,"M","M","?","?","?","E","R","M","T","$","M","M","?","M","R","B",null,"M","M","M","?","?","E","M","R","T","$","?","$","E","?","R","B"],"character_chosen":"WATCHER","items_purchased":["Frozen Eye","CaptainsWheel","Membership Card","War Paint","AttackPotion","Swift Potion","Bottled Tornado","Medical Kit","Boot"],"campfire_rested":5,"item_purchase_floors":[27,27,44,44,44,44,46,46,46],"current_hp_per_floor":[49,45,45,26,26,15,48,16,16,14,14,11,44,33,33,22,52,49,38,38,18,18,1,34,28,28,28,17,17,3,1,34,10,49,49,47,47,44,44,39,11,44,44,44,39,39,16,51,51,0,0],"gold":105,"neow_bonus":"BOSS_RELIC","is_daily":false,"chose_seed":false,"campfire_upgraded":1,"win_rate":0.0,"timestamp":1613812020,"path_taken":["M","?","?","?","?","E","R","E","T","M","?","?","R","M","R","BOSS","M","M","?","?","?","E","R","M","T","$","M","?","?","M","R","BOSS","M","M","M","?","?","E","M","R","T","$","?","$","E","?","R","BOSS"],"items_purchased_type":["Relic","Relic","Relic","Relic","Potion","Potion","Relic","Relic","Relic"],"build_version":"2020-12-18","purchased_purges":1,"victory":false,"max_hp_per_floor":[68,68,62,62,62,62,62,62,62,62,62,62,62,62,62,62,62,62,62,62,62,62,62,62,62,62,62,62,62,62,62,62,62,62,62,62,62,62,62,62,62,62,62,62,62,62,62,51,51,51,51],"relic_stats":{"Regal Pillow":75,"counters":[27,134],"Golden Idol":171,"Astrolabe":["Vault","InnerPeace","Omniscience"],"Dead Branch":[16],"CeramicFish":0,"CloakClasp":[293],"War Paint":["SpiritShield","Meditate"],"Medical Kit":[0],"Boot":[0],"Peace Pipe":0,"Ornamental Fan":[124],"Sundial":[4],"Gambling Chip":[13],"Turnip":[15],"obtain_stats":[{"Potion Belt":6,"Regal Pillow":5,"Golden Idol":3,"Astrolabe":17,"Dead Branch":40,"CeramicFish":47,"CloakClasp":30,"War Paint":44,"Bottled Tornado":46,"Medical Kit":46,"Boot":46,"Peace Pipe":9,"Frozen Eye":27,"CaptainsWheel":27,"Ornamental Fan":26,"Sundial":30,"Gambling Chip":23,"Turnip":8,"Fusion Hammer":34,"Red Mask":21,"Membership Card":44,"PureWater":0,"Unceasing Top":38,"Runic Pyramid":0},{"Potion Belt":3,"Regal Pillow":2,"Golden Idol":2,"Astrolabe":8,"Dead Branch":24,"CeramicFish":26,"CloakClasp":17,"War Paint":25,"Bottled Tornado":25,"Medical Kit":25,"Boot":25,"Peace Pipe":4,"Frozen Eye":13,"CaptainsWheel":13,"Ornamental Fan":13,"Sundial":17,"Gambling Chip":12,"Turnip":4,"Fusion Hammer":19,"Red Mask":11,"Membership Card":25,"PureWater":0,"Unceasing Top":23,"Runic Pyramid":0},{"Potion Belt":12,"Regal Pillow":6,"Golden Idol":6,"Astrolabe":33,"Dead Branch":114,"CeramicFish":125,"CloakClasp":76,"War Paint":120,"Bottled Tornado":120,"Medical Kit":120,"Boot":120,"Peace Pipe":16,"Frozen Eye":59,"CaptainsWheel":59,"Ornamental Fan":59,"Sundial":76,"Gambling Chip":54,"Turnip":16,"Fusion Hammer":90,"Red Mask":46,"Membership Card":120,"PureWater":0,"Unceasing Top":108,"Runic Pyramid":0}],"Unceasing Top":[0]},"card_choices":[{"not_picked":["Halt","Prostrate","Evaluate"],"picked":"SKIP","floor":1.0},{"not_picked":["Evaluate","Prostrate"],"picked":"SandsOfTime","floor":2.0},{"not_picked":["BowlingBash","ThirdEye"],"picked":"CutThroughFate","floor":6.0},{"not_picked":["Vault","Protect"],"picked":"Establishment","floor":8.0},{"not_picked":["DeceiveReality","WheelKick"],"picked":"CutThroughFate","floor":10.0},{"not_picked":["EmptyBody","Swivel"],"picked":"FearNoEvil","floor":12.0},{"not_picked":["EmptyFist","Study"],"picked":"Meditate","floor":14.0},{"not_picked":["DevaForm","Scrawl"],"picked":"SpiritShield","floor":16.0},{"not_picked":["Evaluate","EmptyBody"],"picked":"CrushJoints","floor":18.0},{"not_picked":["SashWhip","Wireheading"],"picked":"Indignation","floor":19.0},{"not_picked":["Conclude","Evaluate"],"picked":"Halt","floor":23},{"not_picked":["PathToVictory","Protect"],"picked":"SashWhip","floor":25},{"not_picked":["ClearTheMind","Indignation","DeceiveReality"],"picked":"SKIP","floor":28},{"not_picked":["Evaluate","JustLucky"],"picked":"Adaptation","floor":29},{"not_picked":["BowlingBash","SignatureMove+1"],"picked":"EmptyBody+1","floor":30},{"not_picked":["EmptyMind","ThirdEye","Vengeance"],"picked":"SKIP","floor":31},{"not_picked":["Omniscience","Establishment"],"picked":"Alpha","floor":33},{"not_picked":["CrushJoints","WreathOfFlame+1","Indignation"],"picked":"SKIP","floor":35},{"not_picked":["PathToVictory","FlyingSleeves+1"],"picked":"Fasting2+1","floor":36},{"not_picked":["FlyingSleeves","EmptyBody"],"picked":"EmptyFist+1","floor":37},{"not_picked":["Prostrate","Weave"],"picked":"WheelKick","floor":38},{"not_picked":["Evaluate","SignatureMove"],"picked":"CrushJoints+1","floor":40},{"not_picked":["ClearTheMind","ThirdEye+1"],"picked":"FlurryOfBlows","floor":41},{"not_picked":["Secret Technique","Enlightenment"],"picked":"Secret Weapon","floor":45},{"not_picked":["Forethought","Swift Strike"],"picked":"Trip","floor":45},{"not_picked":["WheelKick","Adaptation","PathToVictory"],"picked":"SKIP","floor":47}],"player_experience":1354585,"relics_obtained":[{"floor":5.0,"key":"Regal Pillow"},{"floor":6.0,"key":"Potion Belt"},{"floor":8.0,"key":"Turnip"},{"floor":9.0,"key":"Peace Pipe"},{"floor":21.0,"key":"Red Mask"},{"floor":23,"key":"Gambling Chip"},{"floor":26,"key":"Ornamental Fan"},{"floor":30,"key":"CloakClasp"},{"floor":30,"key":"Sundial"},{"floor":38,"key":"Unceasing Top"},{"floor":40,"key":"Dead Branch"},{"floor":47,"key":"CeramicFish"}],"event_choices":[{"damage_healed":0.0,"max_hp_gain":0.0,"max_hp_loss":6.0,"gold_gain":0.0,"event_name":"Golden Idol","player_choice":"Lose Max HP","floor":3.0,"gold_loss":0.0,"damage_taken":0.0,"relics_obtained":["Golden Idol"]},{"damage_healed":0.0,"max_hp_gain":0.0,"max_hp_loss":0.0,"gold_gain":0.0,"event_name":"Shining Light","player_choice":"Entered Light","floor":4.0,"gold_loss":0.0,"damage_taken":19.0,"cards_upgraded":["Defend_P","Defend_P"]},{"damage_healed":0.0,"max_hp_gain":0.0,"max_hp_loss":0.0,"gold_gain":0.0,"event_name":"FaceTrader","player_choice":"Leave","floor":11.0,"gold_loss":0.0,"damage_taken":0.0},{"damage_healed":0.0,"max_hp_gain":0.0,"max_hp_loss":0.0,"gold_gain":0.0,"event_name":"Back to Basics","player_choice":"Simplicity","floor":20.0,"gold_loss":0.0,"damage_taken":0.0,"cards_upgraded":["Strike_P","Strike_P","Strike_P"]},{"damage_healed":0.0,"max_hp_gain":0.0,"max_hp_loss":0.0,"gold_gain":0.0,"event_name":"Masked Bandits","player_choice":"Fought Bandits","floor":21.0,"gold_loss":0.0,"damage_taken":0.0},{"damage_healed":0.0,"max_hp_gain":0.0,"max_hp_loss":0.0,"gold_gain":0.0,"event_name":"Accursed Blacksmith","player_choice":"Forge","floor":22.0,"gold_loss":0.0,"damage_taken":0.0,"cards_upgraded":["CrushJoints"]},{"damage_healed":0,"gold_gain":0,"player_choice":"Fight","damage_taken":0,"max_hp_gain":0,"max_hp_loss":0,"event_name":"Colosseum","floor":30,"gold_loss":0},{"damage_healed":0,"gold_gain":0,"player_choice":"Fought Nobs","damage_taken":0,"max_hp_gain":0,"max_hp_loss":0,"event_name":"Colosseum","floor":30,"gold_loss":0},{"damage_healed":0,"gold_gain":0,"player_choice":"Fight","damage_taken":0,"max_hp_gain":0,"max_hp_loss":0,"event_name":"MindBloom","floor":38,"gold_loss":0},{"damage_healed":0,"gold_gain":222,"player_choice":"Wore Mask","damage_taken":0,"max_hp_gain":0,"max_hp_loss":0,"event_name":"Tomb of Lord Red Mask","floor":39,"gold_loss":0},{"damage_healed":0,"gold_gain":0,"player_choice":"Memory 2","damage_taken":5,"max_hp_gain":0,"max_hp_loss":0,"event_name":"SensoryStone","floor":45,"gold_loss":0},{"damage_healed":51,"gold_gain":0,"player_choice":"Heal","damage_taken":0,"max_hp_gain":0,"max_hp_loss":11,"event_name":"The Moai Head","floor":48,"gold_loss":0}],"is_beta":true,"boss_relics":[{"not_picked":["VioletLotus","Tiny House"],"picked":"Astrolabe"},{"not_picked":["Calling Bell","Sozu"],"picked":"Fusion Hammer"}],"items_purged_floors":[27],"is_endless":false,"potions_floor_spawned":[2,12,23,28,29,30,33,35,37,41,47],"killed_by":"Awakened One","ascension_level":20}}