{"host":"n2havra2dgtcizuw","time":1613829080,"event":{"mods":["100% Spire Juice","ATMod(阿瑾Mod)","Bard","BaseMod","Downfall","Marisa（F雨　魔理沙）","Minty Spire (QoL Compilation)","Permanent Neow","Reliquary","Remilia（蕾米莉亚）","Replay The Spire","RumiaBox-露米娅的神秘盒子","StSLib","TestMod","The Alterego","The Animator","The Servant 0.9.4","[IsaacMod]以撒尖塔"],"gold_per_floor":[119,294,305,82,156,156,181,181,230,230,257,257,277,291,291,387,387,417,417,102,149,149,149,79,112,136,168,168,120,120,153,153,302,302,326,364,143,222,242,291,309,309,309,329,340,340,369,42,104,139],"floor_reached":51,"language":"ZHS","playtime":2591,"items_purged":["Doubt"],"score":1212,"play_id":"e0e829c4-fc14-4ad5-a9cb-4a82631f9843","local_time":"20210220215120","is_ascension_mode":true,"campfire_choices":[{"data":"AT_OneInchPunch","floor":6,"key":"SMITH"},{"data":"Eruption","floor":8,"key":"SMITH"},{"data":"AT_ChampionKick","floor":12,"key":"SMITH"},{"floor":15,"key":"REST"},{"floor":23,"key":"REST"},{"floor":30,"key":"REST"},{"floor":32,"key":"REST"},{"data":"AT_EmpoweredMortalDraw","floor":42,"key":"SMITH"}],"circlet_count":0,"master_deck":["AscendersBane","Strike_P","Strike_P","Strike_P","Strike_P","Defend_P","Defend_P","Defend_P","Defend_P","Eruption+1","Vigilance","ScarletShoot","Strike_P","AT_ChampionKick+1","AT_FamilyPortrait","AT_OneInchPunch+1","Prostrate","HandOfGreed","BowlingBash","Wallop","DeusExMachina","EmptyFist","Crescendo","Ragnarok","Ragnarok","BowlingBash","Tantrum","DeceiveReality","Conclude","Replay:Hum","Replay:Battleflow","FlurryOfBlows","WindmillStrike+1","AT_ChampionKick","AT_EmpoweredMortalDraw+1","ClearTheMind+1","Consecrate","Halt+1","FlyingSleeves+1","FearNoEvil","Indignation+1","SashWhip+1","BowlingBash+1","testmod-AssimilatedRune","ReplayTheSpireMod:Splinters","Protect"],"relics":["HolyWater","testmod-TestBox","HushsDoor","AT_ATBox","testmod-IWantAll","HowToJump","Snack Pack","TheBible","Replay:Bottled Snecko","Mercury Hourglass","PunchingBag","Oddly Smooth Stone","Strawberry","AT_GuinsooRageblade","SalivaCoin","AT_MortalBlade","AT_EbonyIvory","FossilizedHelix","LastBattle","MagicDraw4","BookOfRevelations","testmod-IndustrialRevolution"],"acts_visited":["Exordium","TheCity","TheBeyond"],"potions_floor_usage":[14,36,38,50],"damage_taken":[{"damage":10,"enemies":"2 Louse","floor":1,"turns":3},{"damage":4,"enemies":"Small Slimes","floor":3,"turns":4},{"damage":11,"enemies":"3 Sentries","floor":7,"turns":7},{"damage":3,"enemies":"Gremlin Nob","floor":11,"turns":3},{"damage":0,"enemies":"Cultist","floor":13,"turns":1},{"damage":11,"enemies":"Blue Slaver","floor":14,"turns":3},{"damage":9,"enemies":"Fading Forest","floor":16,"turns":11},{"damage":12,"enemies":"Spheric Guardian","floor":18,"turns":3},{"damage":19,"enemies":"2 Thieves","floor":21,"turns":5},{"damage":0,"enemies":"Gremlin Leader","floor":25,"turns":6},{"damage":27,"enemies":"Replay:Snechameleon","floor":27,"turns":4},{"damage":39,"enemies":"Book of Stabbing","floor":31,"turns":6},{"damage":36,"enemies":"Pondfish","floor":33,"turns":7},{"damage":0,"enemies":"3 Shapes","floor":35,"turns":3},{"damage":0,"enemies":"3 Darklings","floor":36,"turns":2},{"damage":4,"enemies":"2 Orb Walkers","floor":38,"turns":4},{"damage":0,"enemies":"Spire Growth","floor":39,"turns":3},{"damage":0,"enemies":"Reptomancer","floor":40,"turns":3},{"damage":0,"enemies":"Maw","floor":41,"turns":5},{"damage":0,"enemies":"Sphere and 2 Shapes","floor":44,"turns":1},{"damage":0,"enemies":"Spire Growth","floor":45,"turns":3},{"damage":0,"enemies":"4 Shapes","floor":47,"turns":3},{"damage":54,"enemies":"Donu and Deca","floor":50,"turns":6}],"seed_played":"-3869718353763018717","potions_obtained":[{"floor":1,"key":"SneckoOil"},{"floor":7,"key":"bronze:BurnAndBuffPotion"},{"floor":13,"key":"Weak Potion"},{"floor":16,"key":"SkillPotion"},{"floor":21,"key":"Fire Potion"},{"floor":36,"key":"BottledMiracle"},{"floor":38,"key":"FearPotion"}],"is_trial":false,"path_per_floor":["M","?","M","$","T","R","E","R","T","T","E","R","M","M","R","B",null,"M","?","$","M","$","R","$","E","T","E","?","$","R","E","R","B",null,"M","M","$","?","M","E","M","R","T","M","M","?","M","$","R","B",null],"character_chosen":"WATCHER","items_purchased":["HandOfGreed","BowlingBash","PunchingBag","Conclude","FlurryOfBlows","AT_EbonyIvory","BookOfRevelations","testmod-AssimilatedRune"],"campfire_rested":4,"item_purchase_floors":[4,4,20,24,29,37,48,48],"current_hp_per_floor":[59,59,61,61,61,61,50,50,50,50,47,47,47,38,59,72,72,60,60,60,43,43,64,64,68,75,50,35,35,60,23,48,18,68,68,70,70,70,72,76,80,80,80,80,82,82,84,84,84,34],"gold":139,"neow_bonus":"THREE_RARE_CARDS","is_daily":false,"chose_seed":false,"campfire_upgraded":4,"win_rate":0.0,"timestamp":1613829080,"path_taken":["M","?","M","$","?","R","E","R","T","?","E","R","M","M","R","BOSS","M","?","$","M","?","R","$","E","T","E","?","$","R","E","R","BOSS","M","M","$","?","M","E","?","R","T","M","M","?","M","$","R","BOSS"],"items_purchased_type":["Card","Card","Relic","Card","Card","Relic","Relic","Card"],"build_version":"2020-12-22","purchased_purges":1,"victory":true,"max_hp_per_floor":[72,72,72,72,72,72,72,72,72,72,72,72,72,72,72,72,72,72,72,72,72,72,72,72,72,79,79,84,84,84,84,84,84,84,84,84,84,84,84,84,84,84,84,84,84,84,84,84,84,84],"card_choices":[{"not_picked":[],"picked":"ChaosCard","floor":0},{"not_picked":["DevaForm","Establishment"],"picked":"AT_ChampionKick","floor":0},{"not_picked":["Wireheading","Swivel"],"picked":"AT_OneInchPunch","floor":1},{"not_picked":["WindmillStrike","CutThroughFate"],"picked":"Prostrate","floor":3},{"not_picked":["FlyingSleeves","FlurryOfBlows"],"picked":"Wallop","floor":7},{"not_picked":["ReachHeaven","Nirvana"],"picked":"DeusExMachina","floor":11},{"not_picked":["Replay:DivineShield","Protect"],"picked":"EmptyFist","floor":13},{"not_picked":["CutThroughFate","Replay:AtTheReady"],"picked":"Crescendo","floor":14},{"not_picked":["Vault","Scrawl"],"picked":"Ragnarok","floor":16},{"not_picked":["Vault","Scrawl"],"picked":"Ragnarok","floor":16},{"not_picked":["Sanctity","JustLucky"],"picked":"BowlingBash","floor":18},{"not_picked":["ThirdEye+1","CutThroughFate+1"],"picked":"DeceiveReality","floor":21},{"not_picked":["ThirdEye","Evaluate"],"picked":"Replay:Hum","floor":25},{"not_picked":["Omniscience","FollowUp"],"picked":"Replay:Battleflow","floor":27},{"not_picked":["Replay:BluntJabs","ClearTheMind"],"picked":"WindmillStrike+1","floor":31},{"not_picked":["AT_MachinaRedman","Omniscience"],"picked":"AT_ChampionKick","floor":33},{"not_picked":["EmptyBody","ThirdEye"],"picked":"ClearTheMind+1","floor":35},{"not_picked":["JustLucky+1","LikeWater"],"picked":"Consecrate","floor":36},{"not_picked":["FollowUp","ThirdEye"],"picked":"Halt+1","floor":38},{"not_picked":["Fasting2+1","SashWhip+1"],"picked":"FlyingSleeves+1","floor":39},{"not_picked":["CutThroughFate","FollowUp"],"picked":"FearNoEvil","floor":40},{"not_picked":["EmptyBody+1","ThirdEye","Replay:DivineShield+1"],"picked":"SKIP","floor":41},{"not_picked":["Protect+1","EmptyBody"],"picked":"Indignation+1","floor":44},{"not_picked":["Wallop+1","FlyingSleeves+1"],"picked":"SashWhip+1","floor":45},{"not_picked":["Conclude+1","Protect"],"picked":"BowlingBash+1","floor":47},{"not_picked":["Replay:ManipulateFuture+1","Replay:AtTheReady+1"],"picked":"Protect","floor":49}],"player_experience":769767,"relics_obtained":[{"floor":5,"key":"Snack Pack"},{"floor":7,"key":"TheBible"},{"floor":10,"key":"Replay:Bottled Snecko"},{"floor":11,"key":"Mercury Hourglass"},{"floor":25,"key":"Oddly Smooth Stone"},{"floor":26,"key":"Strawberry"},{"floor":27,"key":"AT_GuinsooRageblade"},{"floor":31,"key":"SalivaCoin"},{"floor":38,"key":"FossilizedHelix"},{"floor":40,"key":"LastBattle"},{"floor":43,"key":"MagicDraw4"},{"floor":49,"key":"testmod-IndustrialRevolution"}],"event_choices":[{"damage_healed":0,"gold_gain":175,"player_choice":"AGREE","damage_taken":0,"max_hp_gain":0,"max_hp_loss":0,"event_name":"Liars Game","floor":2,"gold_loss":0,"cards_obtained":["Doubt"]},{"damage_healed":0,"gold_gain":0,"player_choice":"Read","damage_taken":0,"max_hp_gain":0,"max_hp_loss":0,"event_name":"The Library","floor":19,"gold_loss":0,"cards_obtained":["Tantrum"]},{"damage_healed":0,"gold_gain":0,"player_choice":"Shed Blood","damage_taken":20,"max_hp_gain":5,"max_hp_loss":0,"event_name":"Forgotten Altar","floor":28,"gold_loss":0},{"damage_healed":0,"gold_gain":0,"player_choice":"Fight","damage_taken":0,"max_hp_gain":0,"max_hp_loss":0,"event_name":"Mysterious Sphere","floor":38,"gold_loss":0},{"damage_healed":0,"gold_gain":0,"player_choice":"Ignored","damage_taken":0,"max_hp_gain":0,"max_hp_loss":0,"event_name":"给自己的盒子","floor":46,"gold_loss":0}],"is_beta":false,"boss_relics":[{"not_picked":["Busted Crown","reliquary:RedCape"],"picked":"HolyWater"},{"not_picked":[]},{"not_picked":["Empty Cage","Replay:Grab Bag"],"picked":"AT_MortalBlade"},{"not_picked":[]}],"items_purged_floors":[37],"is_endless":false,"potions_floor_spawned":[1,7,13,16,21,27,31,35,36,38,44,45],"ascension_level":10}}