{"host":"i0m6ffz3lpe3z1ky","time":1613840660,"event":{"mods":["Aspiration","BaseMod","Bestiary","BetterRewards","Colored Map","Conspire","Energized Spire","Highlight Path","Hubris","Ironclad Rager","Minty Spire (QoL Compilation)","Quick Restart","Reliquary","Shop Mod","Spicy Shops","StSLib","Thieving Mod"],"gold_per_floor":[111,111,125,125,137,169,95,95,119,150,150,175,155,174,174,271,271,282,282,282,126,142,168,168,201,201,217,227,227,255,275,275,374,374,386,397,55,69,79,111,111,136,136,171,185,198,198,198,198,198,198,198,8,35,35],"floor_reached":56,"language":"KOR","playtime":3305,"items_purged":[],"score":1894,"play_id":"e2cc4733-dd16-4ef4-b1d0-35ef32c34054","local_time":"20210221020420","is_ascension_mode":true,"campfire_choices":[{"data":"Limit Break","floor":8.0,"key":"SMITH"},{"data":"Metallicize","floor":11.0,"key":"SMITH"},{"data":"Cleave","floor":15.0,"key":"SMITH"},{"data":"Barricade","floor":24.0,"key":"SMITH"},{"floor":29.0,"key":"RECALL"},{"floor":32,"key":"REST"},{"data":"Limit Break+1","floor":41,"key":"SMITH"},{"data":"hubris:DuctTapeCard","floor":47,"key":"SMITH"},{"data":"hubris:DuctTapeCard","floor":49,"key":"SMITH"},{"data":"hubris:DuctTapeCard+3","floor":52,"key":"SMITH"}],"circlet_count":0,"master_deck":["Strike_R","Strike_R","Strike_R","Strike_R","Defend_R","Defend_R+1","Defend_R+1","Defend_R","Bash","Clothesline","Cleave+1","Barricade+1","Battle Trance","Sword Boomerang","hubris:DuctTapeCard+4","Body Slam","Seeing Red+1","Reaper","conspire:ExplosiveBarrier+1","hubris:StunningStrike","Pummel","hubris:DuctTapeCard+4"],"relics":["Burning Blood","aspiration:Nostalgia","PureWater","Tiny Chest","hubris:EmptyBottle","reliquary:IridiumChain","aspiration:FetidBarrel","Sling","Letter Opener","Matryoshka","hubris:PeanutButter","Strawberry","reliquary:MedicineBall","reliquary:RoseTintedGlasses","Kunai","TungstenRod","Red Skull","War Paint","Dream Catcher","reliquary:NewFriend","ClockworkSouvenir","hubris:DuctTape","Oddly Smooth Stone","aspiration:HatOfInfinitePower","hubris:CrystalStatue","reliquary:BigHammer","Membership Card","reliquary:PorcupineQuills","reliquary:Firecrackers","reliquary:RosewoodLute","hubris:Reverence","Self Forming Clay","reliquary:WeakTea","hubris:DuctTape","reliquary:Boomerang","Bag of Preparation","hubris:TenFootPole","hubris:DeckOfHolding"],"acts_visited":["Exordium","TheCity","TheBeyond","TheEnding"],"potions_floor_usage":[30,30,30,33,40,40,45,45],"damage_taken":[{"damage":0.0,"enemies":"Jaw Worm","floor":1.0,"turns":3.0},{"damage":0.0,"enemies":"Cultist","floor":3.0,"turns":4.0},{"damage":0.0,"enemies":"Small Slimes","floor":5.0,"turns":2.0},{"damage":2.0,"enemies":"Lagavulin","floor":6.0,"turns":5.0},{"damage":3.0,"enemies":"3 Sentries","floor":10.0,"turns":5.0},{"damage":0.0,"enemies":"Exordium Thugs","floor":14.0,"turns":4.0},{"damage":41.0,"enemies":"The Guardian","floor":16.0,"turns":17.0},{"damage":0.0,"enemies":"Chosen","floor":18.0,"turns":6.0},{"damage":1.0,"enemies":"3 Byrds","floor":22.0,"turns":5.0},{"damage":31.0,"enemies":"Book of Stabbing","floor":23.0,"turns":6.0},{"damage":30.0,"enemies":"Gremlin Leader","floor":25.0,"turns":7.0},{"damage":0.0,"enemies":"Shelled Parasite and Fungi","floor":27.0,"turns":4.0},{"damage":16.0,"enemies":"Snake Plant","floor":28.0,"turns":3.0},{"damage":22,"enemies":"Slavers","floor":30,"turns":4},{"damage":0,"enemies":"Snecko","floor":31,"turns":4},{"damage":31,"enemies":"Champ","floor":33,"turns":7},{"damage":4,"enemies":"Orb Walker","floor":35,"turns":4},{"damage":0,"enemies":"3 Shapes","floor":36,"turns":4},{"damage":0,"enemies":"Maw","floor":38,"turns":8},{"damage":42,"enemies":"3 Darklings","floor":39,"turns":7},{"damage":17,"enemies":"Reptomancer","floor":40,"turns":5},{"damage":73,"enemies":"Giant Head","floor":42,"turns":8},{"damage":21,"enemies":"Nemesis","floor":44,"turns":5},{"damage":11,"enemies":"Sphere and 2 Shapes","floor":45,"turns":3},{"damage":13,"enemies":"Transient","floor":46,"turns":5},{"damage":39,"enemies":"Donu and Deca","floor":50,"turns":5},{"damage":5,"enemies":"Shield and Spear","floor":54,"turns":2},{"damage":54,"enemies":"The Heart","floor":55,"turns":9}],"seed_played":"6938320737339606804","potions_obtained":[{"floor":5.0,"key":"Strength Potion"},{"floor":13.0,"key":"BlessingOfTheForge"},{"floor":14.0,"key":"DuplicationPotion"},{"floor":16.0,"key":"Strength Potion"},{"floor":22.0,"key":"DistilledChaos"},{"floor":28.0,"key":"Weak Potion"},{"floor":30,"key":"BloodPotion"},{"floor":33,"key":"EssenceOfSteel"},{"floor":38,"key":"AttackPotion"},{"floor":44,"key":"SneckoOil"},{"floor":54,"key":"LiquidBronze"}],"is_trial":false,"path_per_floor":["M","?","M","T","M","E","$","R","T","E","R","T","?","M","R","B",null,"M","?","?","$","M","E","R","E","T","M","M","R","E","M","R","B",null,"M","M","$","M","M","E","R","E","T","E","M","M","R","T","R","B",null,"R","$","E","B",null],"character_chosen":"IRONCLAD","items_purchased":["aspiration:Nostalgia","Tiny Chest","hubris:EmptyBottle","reliquary:IridiumChain","aspiration:FetidBarrel","Sling","Letter Opener","Matryoshka","hubris:PeanutButter","TungstenRod","ClockworkSouvenir","Membership Card","reliquary:PorcupineQuills","reliquary:Firecrackers","reliquary:Boomerang","Bag of Preparation","hubris:TenFootPole"],"campfire_rested":1,"item_purchase_floors":[0,0,0,0,0,0,0,0,0,7,21,37,37,37,53,53,53],"current_hp_per_floor":[38,38,44,51,57,61,61,61,61,64,64,64,64,70,70,35,74,80,80,80,80,85,60,60,36,36,42,32,32,16,22,48,23,71,73,83,83,87,61,62,62,38,38,23,55,81,81,81,81,87,87,87,87,87,64],"gold":35,"neow_bonus":"","is_daily":false,"chose_seed":false,"campfire_upgraded":8,"win_rate":0.0,"timestamp":1613840660,"path_taken":["M","?","?","?","M","E","$","R","T","E","R","?","?","M","R","BOSS","M","?","?","$","M","E","R","E","T","M","M","R","E","M","R","BOSS","M","M","$","M","M","E","R","E","T","E","M","M","R","?","R","BOSS","R","$","E","BOSS"],"items_purchased_type":["Relic","Relic","Relic","Relic","Relic","Relic","Relic","Relic","Relic","Relic","Relic","Relic","Relic","Relic","Relic","Relic","Relic"],"build_version":"2020-12-22","purchased_purges":0,"victory":true,"max_hp_per_floor":[80,80,80,87,87,87,87,87,87,87,87,87,87,87,87,87,87,87,87,87,87,87,87,87,87,87,87,87,87,87,87,87,87,87,87,87,87,87,87,87,87,87,87,87,87,87,87,87,87,87,87,87,87,87,87],"card_choices":[{"not_picked":["Clash","Wild Strike"],"picked":"Clothesline","floor":1.0},{"not_picked":["Warcry","Thunderclap","Clash"],"picked":"SKIP","floor":3.0},{"not_picked":["Warcry","Anger"],"picked":"Cleave","floor":5.0},{"not_picked":["Havoc","conspire:HitWhereItHurts"],"picked":"Metallicize","floor":6.0},{"not_picked":["Cleave","hubris:ReadiedAction","Twin Strike"],"picked":"SKIP","floor":10.0},{"not_picked":["Sentinel","Flex","Headbutt"],"picked":"SKIP","floor":14.0},{"not_picked":["Corruption","Feed"],"picked":"Barricade","floor":16.0},{"not_picked":["Cleave","Sentinel"],"picked":"Battle Trance","floor":18.0},{"not_picked":["Headbutt","Sever Soul","Sword Boomerang"],"picked":"SKIP","floor":22.0},{"not_picked":["Headbutt","Sever Soul"],"picked":"Sword Boomerang","floor":22.0},{"not_picked":["Armaments","Dark Embrace"],"picked":"Fire Breathing+1","floor":23.0},{"not_picked":["hubris:ReadiedAction","hubris:SharpeningStone","Clash"],"picked":"SKIP","floor":25.0},{"not_picked":["Shockwave","Burning Pact","Anger"],"picked":"SKIP","floor":27.0},{"not_picked":["Anger","Perfected Strike","Clothesline+1"],"picked":"SKIP","floor":28.0},{"not_picked":["Anger+1","Intimidate"],"picked":"Limit Break","floor":30},{"not_picked":["Rampage","Flex"],"picked":"Body Slam","floor":31},{"not_picked":["Sentinel","Clash"],"picked":"Seeing Red+1","floor":32},{"not_picked":["Feed","Exhume"],"picked":"Reaper","floor":33},{"not_picked":["Sever Soul","Clash","Anger"],"picked":"SKIP","floor":35},{"not_picked":["Cleave+1","Rage+1"],"picked":"conspire:ExplosiveBarrier+1","floor":36},{"not_picked":["Twin Strike","Clothesline+1","conspire:ExplosiveBarrier"],"picked":"SKIP","floor":38},{"not_picked":["Heavy Blade+1","Dual Wield+1","Havoc"],"picked":"SKIP","floor":39},{"not_picked":["Wild Strike","Warcry+1","Cleave"],"picked":"SKIP","floor":40},{"not_picked":["Iron Wave","Sword Boomerang"],"picked":"hubris:StunningStrike","floor":42},{"not_picked":["Iron Wave+1","Clothesline"],"picked":"Pummel","floor":44},{"not_picked":["Sword Boomerang","Cleave","Thunderclap"],"picked":"SKIP","floor":45},{"not_picked":["Cleave+1","hubris:CleavingFinish","Carnage+1"],"picked":"SKIP","floor":46},{"not_picked":["Havoc","Hemokinesis","hubris:ReadiedAction"],"picked":"SKIP","floor":54}],"player_experience":405201,"relics_obtained":[{"floor":4.0,"key":"Strawberry"},{"floor":4.0,"key":"reliquary:MedicineBall"},{"floor":6.0,"key":"reliquary:RoseTintedGlasses"},{"floor":9.0,"key":"Red Skull"},{"floor":9.0,"key":"War Paint"},{"floor":10.0,"key":"Dream Catcher"},{"floor":23.0,"key":"hubris:DuctTape"},{"floor":25.0,"key":"Oddly Smooth Stone"},{"floor":26.0,"key":"aspiration:HatOfInfinitePower"},{"floor":30,"key":"hubris:CrystalStatue"},{"floor":40,"key":"reliquary:RosewoodLute"},{"floor":42,"key":"hubris:Reverence"},{"floor":43,"key":"Self Forming Clay"},{"floor":44,"key":"reliquary:WeakTea"},{"floor":48,"key":"hubris:DuctTape"},{"floor":54,"key":"hubris:DeckOfHolding"}],"event_choices":[{"damage_healed":0.0,"max_hp_gain":0.0,"max_hp_loss":0.0,"gold_gain":0.0,"cards_transformed":["Strike_R"],"event_name":"Transmorgrifier","player_choice":"Transformed","floor":2.0,"gold_loss":0.0,"damage_taken":0.0,"cards_obtained":["Limit Break"]},{"damage_healed":0.0,"max_hp_gain":0.0,"max_hp_loss":0.0,"gold_gain":0.0,"event_name":"The Woman in Blue","player_choice":"Bought 1 Potion","floor":13.0,"gold_loss":0.0,"damage_taken":0.0},{"damage_healed":0.0,"max_hp_gain":0.0,"max_hp_loss":0.0,"gold_gain":0.0,"event_name":"Ghosts","player_choice":"Ignored","floor":19.0,"gold_loss":0.0,"damage_taken":0.0},{"damage_healed":0.0,"max_hp_gain":0.0,"max_hp_loss":0.0,"gold_gain":0.0,"event_name":"The Mausoleum","player_choice":"Opened","floor":20.0,"gold_loss":0.0,"damage_taken":0.0,"relics_obtained":["reliquary:NewFriend"]}],"is_beta":false,"boss_relics":[{"not_picked":["conspire:SeveredTorchhead","energizedSpire:StickyHand","energizedSpire:SpiderWeb"]},{"not_picked":["aspiration:SecretTechniqueScroll","energizedSpire:MagnifyingGlass"],"picked":"reliquary:BigHammer"}],"items_purged_floors":[],"is_endless":false,"potions_floor_spawned":[5,14,16,22,28,30,33,38,39,44,54],"ascension_level":5}}