{"host":"guk5h31bsklpp7e4","time":1613854008,"event":{"mods":["AchievementEnabler","BaseMod","Colored Map","Colored Powertips","Highlight Path","Minty Spire (QoL Compilation)","Quick Restart","Rare Cards Sparkle"],"gold_per_floor":[364,377,389,405,50,69,69,97,97,97,107,132,193,193,193,298,298,314,332,332,332,197,197,152,55,79,79,111,111,158,158,158,158,158],"floor_reached":33,"language":"ENG","playtime":2721,"items_purged":["Strike_B","Defend_B"],"score":366,"play_id":"7d0e6e1b-7fb8-4e08-b04f-09cc268a89f7","local_time":"20210220154648","is_ascension_mode":true,"campfire_choices":[{"floor":7,"key":"REST"},{"floor":10,"key":"REST"},{"floor":15,"key":"REST"},{"floor":23,"key":"REST"},{"floor":27,"key":"REST"},{"data":"Panacea","floor":29,"key":"SMITH"},{"floor":32,"key":"REST"}],"circlet_count":0,"master_deck":["Strike_B","Defend_B","Zap","Dualcast","Ball Lightning","Skim","Sweeping Beam","Fusion+1","Ball Lightning","Static Discharge","Consume","Stack","Aggregate","Echo Form","Reinforced Body","Amplify","Steam+1","Thunder Strike+1","Hyperbeam+1","Self Repair","Conserve Battery","Loop","Leap","Panacea+1","Sweeping Beam+1","Lockon+1","Sweeping Beam","Coolheaded+1"],"relics":["Cracked Core","Oddly Smooth Stone","Cables","Gremlin Horn","Peace Pipe","Matryoshka","Astrolabe","Orichalcum","Dream Catcher","Boot","Toy Ornithopter","Art of War"],"acts_visited":["Exordium","TheCity"],"potions_floor_usage":[12,12,12,13,16,19,28,33],"damage_taken":[{"damage":6,"enemies":"2 Louse","floor":1,"turns":4},{"damage":1,"enemies":"Cultist","floor":2,"turns":3},{"damage":7,"enemies":"Jaw Worm","floor":3,"turns":2},{"damage":8,"enemies":"Blue Slaver","floor":4,"turns":3},{"damage":0,"enemies":"2 Fungi Beasts","floor":6,"turns":2},{"damage":22,"enemies":"3 Sentries","floor":8,"turns":5},{"damage":15,"enemies":"Exordium Thugs","floor":11,"turns":4},{"damage":16,"enemies":"Gremlin Nob","floor":12,"turns":3},{"damage":4,"enemies":"3 Sentries","floor":13,"turns":2},{"damage":24,"enemies":"Hexaghost","floor":16,"turns":9},{"damage":30,"enemies":"3 Byrds","floor":18,"turns":4},{"damage":20,"enemies":"Shell Parasite","floor":19,"turns":5},{"damage":12,"enemies":"Gremlin Leader","floor":28,"turns":6},{"damage":81,"enemies":"Champ","floor":33,"turns":9}],"seed_played":"-976623543133383549","potions_obtained":[{"floor":1,"key":"Swift Potion"},{"floor":6,"key":"Regen Potion"},{"floor":11,"key":"AttackPotion"},{"floor":12,"key":"PowerPotion"},{"floor":13,"key":"AttackPotion"},{"floor":18,"key":"Weak Potion"},{"floor":19,"key":"Block Potion"},{"floor":28,"key":"Ancient Potion"}],"is_trial":false,"path_per_floor":["M","M","M","M","$","M","R","E","T","R","M","E","?","?","R","B",null,"M","M","?","?","$","R","$","$","T","R","E","R","T","?","R","B"],"character_chosen":"DEFECT","items_purchased":["Ball Lightning","Static Discharge","Oddly Smooth Stone","Loop","Leap","Panacea"],"campfire_rested":6,"item_purchase_floors":[5,5,5,22,24,25],"current_hp_per_floor":[62,61,54,46,46,46,66,44,44,64,49,42,38,38,58,34,60,30,24,24,24,24,44,44,44,44,64,59,59,59,59,68,0,0],"gold":158,"neow_bonus":"TWO_FIFTY_GOLD","is_daily":false,"chose_seed":false,"campfire_upgraded":1,"win_rate":0.0,"timestamp":1613854008,"path_taken":["M","M","M","M","$","M","R","E","T","R","M","E","?","?","R","BOSS","M","?","?","?","$","R","?","$","T","R","E","R","?","?","R","BOSS"],"items_purchased_type":["Card","Card","Relic","Card","Card","Card"],"build_version":"2020-12-22","purchased_purges":2,"victory":false,"max_hp_per_floor":[68,68,68,68,68,68,68,68,68,68,68,68,68,68,68,68,68,68,68,68,68,68,68,68,68,68,68,68,68,68,68,68,68,68],"card_choices":[{"not_picked":["Doom and Gloom","Cold Snap"],"picked":"Ball Lightning","floor":1},{"not_picked":["Redo","White Noise"],"picked":"Skim","floor":2},{"not_picked":["Hello World","Sunder"],"picked":"Sweeping Beam","floor":3},{"not_picked":["FTL","Beam Cell"],"picked":"Fusion","floor":4},{"not_picked":["Sunder","Static Discharge"],"picked":"Consume","floor":6},{"not_picked":["Doom and Gloom","Go for the Eyes"],"picked":"Stack","floor":8},{"not_picked":["Rip and Tear","Redo"],"picked":"Aggregate","floor":11},{"not_picked":["Leap","Redo"],"picked":"Echo Form","floor":12},{"not_picked":["Recycle","Gash"],"picked":"Reinforced Body","floor":13},{"not_picked":["Buffer","Hyperbeam"],"picked":"Amplify","floor":16},{"not_picked":["Hologram","FTL"],"picked":"Self Repair","floor":18},{"not_picked":["Streamline","Lockon"],"picked":"Conserve Battery","floor":19},{"not_picked":["Consume","Steam"],"picked":"Sweeping Beam+1","floor":27},{"not_picked":["Darkness","Tempest"],"picked":"Lockon+1","floor":28},{"not_picked":["Stack","Genetic Algorithm"],"picked":"Coolheaded+1","floor":32}],"player_experience":378961,"relics_obtained":[{"floor":8,"key":"Cables"},{"floor":9,"key":"Gremlin Horn"},{"floor":12,"key":"Peace Pipe"},{"floor":13,"key":"Matryoshka"},{"floor":26,"key":"Orichalcum"},{"floor":26,"key":"Dream Catcher"},{"floor":28,"key":"Boot"},{"floor":30,"key":"Toy Ornithopter"},{"floor":30,"key":"Art of War"}],"event_choices":[{"damage_healed":0,"gold_gain":0,"player_choice":"Searched \u00271\u0027 times","damage_taken":0,"max_hp_gain":0,"max_hp_loss":0,"event_name":"Dead Adventurer","floor":13,"gold_loss":0},{"damage_healed":0,"gold_gain":0,"player_choice":"Upgraded","damage_taken":0,"max_hp_gain":0,"max_hp_loss":0,"event_name":"Upgrade Shrine","floor":14,"gold_loss":0,"cards_upgraded":["Fusion"]},{"cards_removed":["Strike_B"],"damage_healed":0,"gold_gain":0,"player_choice":"Elegance","damage_taken":0,"max_hp_gain":0,"max_hp_loss":0,"event_name":"Back to Basics","floor":20,"gold_loss":0},{"damage_healed":0,"gold_gain":0,"player_choice":"Ignored","damage_taken":0,"max_hp_gain":0,"max_hp_loss":0,"event_name":"Ghosts","floor":21,"gold_loss":0},{"damage_healed":0,"gold_gain":0,"player_choice":"1 cards matched","damage_taken":0,"max_hp_gain":0,"max_hp_loss":0,"event_name":"Match and Keep!","floor":31,"gold_loss":0,"cards_obtained":["Sweeping Beam"]}],"is_beta":false,"boss_relics":[{"not_picked":["FrozenCore","SacredBark"],"picked":"Astrolabe"}],"items_purged_floors":[5,22],"is_endless":false,"potions_floor_spawned":[1,6,11,12,13,18,19,28],"killed_by":"Champ","ascension_level":7}}