{"host":"soyfmymeou4emntr","time":1613793426,"event":{"mods":["BaseMod","Minty Spire (QoL Compilation)","Permanent Neow","Relic Sorter","Relic Stats","StSLib"],"gold_per_floor":[113,113,124,141,141,167,167,181,181,209,220,220,5,24,24,96,96,116,116,131,151,151,180,195,229,308,308,308,341,353,369,369,446,446,458,468,468,468,488,517,528,555,555,590,638,598,624,649,661,673,685,697,709,50,78,78,78],"floor_reached":56,"language":"ENG","playtime":11922,"items_purged":["Reprogram+1"],"score":2328,"play_id":"f3b43edd-074e-457b-a42f-afe13bb6f327","local_time":"20210219205706","is_ascension_mode":true,"campfire_choices":[{"data":"Consume","floor":7.0,"key":"SMITH"},{"data":"Ball Lightning","floor":12.0,"key":"SMITH"},{"floor":15.0,"key":"REST"},{"data":"Barrage","floor":27.0,"key":"SMITH"},{"data":"Echo Form","floor":32.0,"key":"SMITH"},{"floor":49,"key":"RECALL"},{"data":"Thunder Strike","floor":53,"key":"SMITH"}],"circlet_count":0,"master_deck":["AscendersBane","Defend_B+1","Defend_B+1","Defend_B+1","Defend_B+1","Zap+1","Dualcast","Sweeping Beam+1","Consume+1","Echo Form+1","Ball Lightning+1","Turbo+1","BootSequence+1","Chaos+1","Coolheaded+1","Conserve Battery+1","Fission+1","Chill+1","Bite","Bite","Bite","Bite","Consume+1","Hologram+1","Barrage+1","FTL+1","Coolheaded+1","Thunder Strike+1","Seek+1","Coolheaded+1","Rebound","Seek+1","Capacitor","Tempest+1"],"relics":["Velvet Choker","HornCleat","Matryoshka","Toxic Egg 2","Runic Capacitor","Inserter","FaceOfCleric","Happy Flower","Ice Cream","InkBottle","War Paint","SlaversCollar","Nunchaku","TungstenRod","Art of War","MealTicket","Akabeko","Pocketwatch","MawBank","Frozen Eye","Turnip","Ginger"],"acts_visited":["TheCity","TheBeyond","TheEnding"],"potions_floor_usage":[56,56],"damage_taken":[{"damage":4.0,"enemies":"Small Slimes","floor":1.0,"turns":3.0},{"damage":1.0,"enemies":"Cultist","floor":3.0,"turns":4.0},{"damage":12.0,"enemies":"Jaw Worm","floor":4.0,"turns":3.0},{"damage":20.0,"enemies":"Lagavulin","floor":6.0,"turns":7.0},{"damage":8.0,"enemies":"Blue Slaver","floor":8.0,"turns":3.0},{"damage":21.0,"enemies":"3 Sentries","floor":10.0,"turns":5.0},{"damage":0.0,"enemies":"Looter","floor":11.0,"turns":3.0},{"damage":0.0,"enemies":"2 Fungi Beasts","floor":14.0,"turns":3.0},{"damage":1.0,"enemies":"The Guardian","floor":16.0,"turns":9.0},{"damage":5.0,"enemies":"Spheric Guardian","floor":18.0,"turns":5.0},{"damage":8.0,"enemies":"2 Thieves","floor":20.0,"turns":5.0},{"damage":9.0,"enemies":"Centurion and Healer","floor":21.0,"turns":7.0},{"damage":11.0,"enemies":"Gremlin Leader","floor":23.0,"turns":7.0},{"damage":0.0,"enemies":"Cultist and Chosen","floor":24.0,"turns":5.0},{"damage":0.0,"enemies":"Book of Stabbing","floor":25.0,"turns":6.0},{"damage":1.0,"enemies":"Slavers","floor":29.0,"turns":7.0},{"damage":0.0,"enemies":"3 Cultists","floor":30.0,"turns":4.0},{"damage":2.0,"enemies":"Snake Plant","floor":31.0,"turns":4.0},{"damage":6.0,"enemies":"Champ","floor":33.0,"turns":10.0},{"damage":0.0,"enemies":"3 Shapes","floor":35.0,"turns":5.0},{"damage":0.0,"enemies":"Orb Walker","floor":36.0,"turns":5.0},{"damage":5.0,"enemies":"Writhing Mass","floor":39.0,"turns":9.0},{"damage":0.0,"enemies":"Giant Head","floor":40.0,"turns":9.0},{"damage":1.0,"enemies":"Spire Growth","floor":41.0,"turns":6.0},{"damage":1.0,"enemies":"Nemesis","floor":42.0,"turns":7.0},{"damage":56.0,"enemies":"Reptomancer","floor":44.0,"turns":24.0},{"damage":37.0,"enemies":"2 Orb Walkers","floor":45.0,"turns":7.0},{"damage":0.0,"enemies":"Giant Head","floor":47.0,"turns":16.0},{"damage":0,"enemies":"4 Shapes","floor":48,"turns":5},{"damage":0,"enemies":"Donu and Deca","floor":50,"turns":12},{"damage":8,"enemies":"Time Eater","floor":51,"turns":12},{"damage":9,"enemies":"Shield and Spear","floor":55,"turns":12},{"damage":75,"enemies":"The Heart","floor":56,"turns":3}],"seed_played":"2222823313885599773","potions_obtained":[{"floor":1.0,"key":"BlessingOfTheForge"},{"floor":4.0,"key":"DistilledChaos"},{"floor":14.0,"key":"DuplicationPotion"},{"floor":35.0,"key":"LiquidMemories"},{"floor":42.0,"key":"Fruit Juice"},{"floor":46.0,"key":"EssenceOfDarkness"},{"floor":46.0,"key":"Fire Potion"},{"floor":48,"key":"CultistPotion"}],"is_trial":false,"path_per_floor":["M","?","M","M","?","E","R","M","T","E","M","R","$","M","R","B",null,"M","?","M","M","?","E","M","E","T","R","?","E","M","M","R","B",null,"M","M","?","?","M","E","M","E","T","E","?","?","E","M","R","B","B",null,"R","$","E","B"],"character_chosen":"DEFECT","items_purchased":["Coolheaded+1","Runic Capacitor","Frozen Eye","Capacitor","Turnip"],"campfire_rested":1,"item_purchase_floors":[13,13,54,54,54],"current_hp_per_floor":[60,60,59,47,70,50,50,42,42,21,21,21,21,21,42,41,64,59,49,47,49,49,50,51,52,52,52,52,53,54,55,55,56,56,57,58,58,55,55,57,58,58,58,65,37,37,67,68,68,69,70,70,70,70,71,0,0],"gold":78,"neow_bonus":"BOSS_RELIC","is_daily":false,"chose_seed":false,"campfire_upgraded":5,"win_rate":0.0,"timestamp":1613793426,"path_taken":["M","?","M","M","?","E","R","M","T","E","M","R","$","M","R","BOSS","M","?","M","M","?","E","?","E","T","R","?","E","M","M","R","BOSS","M","M","?","?","M","E","M","E","T","E","?","?","E","M","R","BOSS","BOSS","R","$","E","BOSS"],"items_purchased_type":["Card","Relic","Relic","Card","Relic"],"build_version":"2020-12-22","purchased_purges":1,"victory":false,"max_hp_per_floor":[71,71,71,71,71,71,71,71,71,71,71,71,71,71,71,71,71,71,49,49,49,49,50,51,52,52,52,52,53,54,55,55,56,56,57,58,58,55,56,57,58,59,59,65,66,66,67,68,68,69,70,70,70,70,71,71,71],"relic_stats":{"Inserter":[96],"Happy Flower":[56],"counters":[33,232],"Ginger":[2],"War Paint":["Turbo","Zap"],"MawBank":84,"Nunchaku":[19],"FaceOfCleric":20,"MealTicket":0,"Turnip":[2],"Art of War":[17],"obtain_stats":[{"Ice Cream":25,"Inserter":17,"Happy Flower":23,"Velvet Choker":0,"Runic Capacitor":13,"Ginger":55,"War Paint":29,"MawBank":47,"Akabeko":44,"SlaversCollar":34,"Frozen Eye":54,"Nunchaku":40,"HornCleat":6,"Matryoshka":9,"FaceOfCleric":22,"MealTicket":43,"Turnip":54,"Art of War":43,"Toxic Egg 2":10,"Cracked Core":0,"InkBottle":26,"TungstenRod":42,"Pocketwatch":45},{"Ice Cream":15,"Inserter":9,"Happy Flower":13,"Velvet Choker":0,"Runic Capacitor":7,"Ginger":32,"War Paint":16,"MawBank":28,"Akabeko":26,"SlaversCollar":19,"Frozen Eye":31,"Nunchaku":23,"HornCleat":4,"Matryoshka":5,"FaceOfCleric":12,"MealTicket":25,"Turnip":31,"Art of War":25,"Toxic Egg 2":6,"Cracked Core":0,"InkBottle":15,"TungstenRod":25,"Pocketwatch":27},{"Ice Cream":75,"Inserter":40,"Happy Flower":64,"Velvet Choker":0,"Runic Capacitor":28,"Ginger":229,"War Paint":82,"MawBank":188,"Akabeko":165,"SlaversCollar":100,"Frozen Eye":217,"Nunchaku":128,"HornCleat":17,"Matryoshka":20,"FaceOfCleric":57,"MealTicket":141,"Turnip":217,"Art of War":141,"Toxic Egg 2":25,"Cracked Core":0,"InkBottle":75,"TungstenRod":141,"Pocketwatch":172}],"InkBottle":[69],"TungstenRod":23,"Pocketwatch":[27]},"card_choices":[{"not_picked":["Rip and Tear","Conserve Battery"],"picked":"Sweeping Beam","floor":1.0},{"not_picked":["Reinforced Body","Coolheaded"],"picked":"Consume","floor":3.0},{"not_picked":["Conserve Battery","Cold Snap"],"picked":"Echo Form","floor":4.0},{"not_picked":["Leap","Darkness"],"picked":"Ball Lightning","floor":6.0},{"not_picked":["Compile Driver","Streamline"],"picked":"Turbo","floor":8.0},{"not_picked":["Hyperbeam","Chaos+1"],"picked":"BootSequence+1","floor":10.0},{"not_picked":["Ball Lightning","Stack+1"],"picked":"Chaos+1","floor":11.0},{"not_picked":["Ball Lightning","Rebound"],"picked":"Conserve Battery+1","floor":14.0},{"not_picked":["Biased Cognition","Machine Learning"],"picked":"Fission+1","floor":16.0},{"not_picked":["Lockon","Coolheaded+1"],"picked":"Chill+1","floor":18.0},{"not_picked":["Defragment","Compile Driver"],"picked":"Consume+1","floor":20.0},{"not_picked":["Self Repair","Defragment"],"picked":"Hologram+1","floor":21.0},{"not_picked":["Defragment","Streamline","Sweeping Beam"],"picked":"SKIP","floor":23.0},{"not_picked":["Gash","Beam Cell"],"picked":"Barrage","floor":24.0},{"not_picked":["Beam Cell","Consume+1","Leap+1"],"picked":"SKIP","floor":25.0},{"not_picked":["Rebound","Sweeping Beam"],"picked":"FTL+1","floor":29.0},{"not_picked":["Creative AI","Ball Lightning","Stack+1"],"picked":"SKIP","floor":30.0},{"not_picked":["Auto Shields+1","Gash"],"picked":"Coolheaded+1","floor":31.0},{"not_picked":["Hyperbeam","Amplify+1"],"picked":"Thunder Strike","floor":33.0},{"not_picked":["Conserve Battery+1","Ball Lightning","Streamline"],"picked":"SKIP","floor":35.0},{"not_picked":["Streamline","Scrape","Conserve Battery+1"],"picked":"SKIP","floor":36.0},{"not_picked":["Double Energy+1","Capacitor"],"picked":"Reprogram+1","floor":39.0},{"not_picked":["Gash+1","Consume+1"],"picked":"Seek+1","floor":40.0},{"not_picked":["BootSequence+1","Consume+1","Beam Cell"],"picked":"SKIP","floor":41.0},{"not_picked":["Go for the Eyes+1","Leap+1"],"picked":"Coolheaded+1","floor":42.0},{"not_picked":["Rip and Tear","Conserve Battery+1","Stack+1"],"picked":"SKIP","floor":44.0},{"not_picked":["Storm","Go for the Eyes"],"picked":"Rebound","floor":45.0},{"not_picked":["Turbo+1","Beam Cell"],"picked":"Seek+1","floor":47.0},{"not_picked":["Gash","Stack+1","Turbo+1"],"picked":"SKIP","floor":48},{"not_picked":["Reprogram+1","Stack+1"],"picked":"Tempest+1","floor":55}],"player_experience":3406692,"relics_obtained":[{"floor":6.0,"key":"HornCleat"},{"floor":9.0,"key":"Matryoshka"},{"floor":10.0,"key":"Toxic Egg 2"},{"floor":23.0,"key":"Happy Flower"},{"floor":25.0,"key":"Ice Cream"},{"floor":26.0,"key":"InkBottle"},{"floor":29.0,"key":"War Paint"},{"floor":40.0,"key":"Nunchaku"},{"floor":42.0,"key":"TungstenRod"},{"floor":43.0,"key":"Art of War"},{"floor":43.0,"key":"MealTicket"},{"floor":44.0,"key":"Akabeko"},{"floor":45.0,"key":"Pocketwatch"},{"floor":47.0,"key":"MawBank"},{"floor":55,"key":"Ginger"}],"event_choices":[{"damage_healed":0.0,"max_hp_gain":0.0,"max_hp_loss":0.0,"gold_gain":0.0,"event_name":"Living Wall","player_choice":"Grow","floor":2.0,"gold_loss":0.0,"damage_taken":0.0,"cards_upgraded":["Sweeping Beam"]},{"damage_healed":23.0,"max_hp_gain":0.0,"max_hp_loss":0.0,"gold_gain":0.0,"event_name":"Big Fish","player_choice":"Banana","floor":5.0,"gold_loss":0.0,"damage_taken":0.0},{"damage_healed":0.0,"max_hp_gain":0.0,"max_hp_loss":22.0,"gold_gain":0.0,"event_name":"Vampires","player_choice":"Became a vampire","floor":19.0,"gold_loss":0.0,"damage_taken":0.0,"cards_obtained":["Bite","Bite","Bite","Bite","Bite"]},{"damage_healed":0.0,"max_hp_gain":0.0,"max_hp_loss":0.0,"gold_gain":0.0,"event_name":"FaceTrader","player_choice":"Trade","floor":22.0,"gold_loss":0.0,"damage_taken":0.0,"relics_obtained":["FaceOfCleric"]},{"damage_healed":0.0,"max_hp_gain":0.0,"max_hp_loss":0.0,"gold_gain":0.0,"event_name":"Back to Basics","player_choice":"Simplicity","floor":28.0,"gold_loss":0.0,"damage_taken":0.0,"cards_upgraded":["Defend_B","Defend_B","Defend_B","Defend_B"]},{"cards_removed":["Bite"],"damage_healed":0.0,"max_hp_gain":0.0,"max_hp_loss":0.0,"gold_gain":0.0,"event_name":"Falling","player_choice":"Removed Attack","floor":37.0,"gold_loss":0.0,"damage_taken":0.0},{"damage_healed":0.0,"max_hp_gain":0.0,"max_hp_loss":3.0,"gold_gain":0.0,"event_name":"Winding Halls","player_choice":"Max HP","floor":38.0,"gold_loss":0.0,"damage_taken":0.0},{"damage_healed":0.0,"max_hp_gain":0.0,"max_hp_loss":0.0,"gold_gain":0.0,"event_name":"Mysterious Sphere","player_choice":"Fight","floor":45.0,"gold_loss":0.0,"damage_taken":0.0},{"damage_healed":0.0,"max_hp_gain":0.0,"max_hp_loss":0.0,"gold_gain":0.0,"event_name":"The Woman in Blue","player_choice":"Bought 3 Potions","floor":46.0,"gold_loss":0.0,"damage_taken":0.0}],"is_beta":false,"boss_relics":[{"not_picked":["Astrolabe","Tiny House"],"picked":"Inserter"},{"not_picked":["Cursed Key","Empty Cage"],"picked":"SlaversCollar"}],"items_purged_floors":[54],"is_endless":false,"potions_floor_spawned":[1,4,8,14,16,18,21,25,30,35,36,42,48,55],"killed_by":"The Heart","ascension_level":20}}