{"host":"szcsc05p6ieg5q76","time":1613830171,"event":{"mods":["ATMod(阿瑾Mod)","Act Like it!","Arknights","BaseMod","Minty Spire (QoL Compilation)","Reimu（博丽灵梦）","Remilia（蕾米莉亚）","SOS（斯巴达之子）","StSLib","The Bug Knight","The Servant 0.9.4","Yakumo Yukari mod","Youmu（魂魄妖梦）","【功能Mod】聪明的最终Boss"],"gold_per_floor":[140,154,154,329,329,370,370,394,394,394,418,17,35,35,35,166,166,190,240,261,275,275,308,308,62,85,116,16,35,83,96,96,215,215,259,273,331,331,355,398,398,398,453,233,253,253,147,147,147,147,147,147,4,43,43],"floor_reached":56,"language":"ZHS","playtime":2557,"items_purged":["AT_purpleEX","AT_purpleEX","AT_purpleEX"],"score":1315,"play_id":"330b25a5-c4bd-4bf5-a75c-d46edc4f2ca0","local_time":"20210220150931","is_ascension_mode":false,"campfire_choices":[{"data":"Observe_purple_1","floor":7,"key":"SMITH"},{"data":"SharpContractionReality_purple","floor":10,"key":"SMITH"},{"data":"ExternalForce_HighSpeedFlying_purple","floor":15,"key":"SMITH"},{"data":"Mirror_TwoAndThreeElementRealm_purple","floor":24,"key":"SMITH"},{"data":"AT_Desolate","floor":32,"key":"SMITH"},{"floor":41,"key":"RECALL"},{"floor":42,"key":"REST"},{"data":"Monsters_DoubleDeathButterfly_purple","floor":46,"key":"SMITH"},{"data":"Bait_HighSpeedFlying_purple","floor":49,"key":"SMITH"},{"data":"OmniscientAndOmnipotent_Monster_purple","floor":52,"key":"SMITH"}],"circlet_count":0,"master_deck":["AT_purpleEX+1","Defend_purpleEX","Defend_purpleEX","Defend_purpleEX","Defend_purpleEX","Observe_purple_1+1","Observe_purple_2","AT_Desolate+1","AdvanceAttack_purple","Mirror_WaveAndshot_purple","DimensionStaggered_purple","SharpContractionReality_purple+1","Boundary_DreamRealityDamnation_purple","ExternalForce_HighSpeedFlying_purple+1","Fantasy_PerpetualMotionMachine_purple","Mirror_TwoAndThreeElementRealm_purple+1","RuptureOfTimeAndSpace_purple+1","MonsterNeedle_purple","Mirror_FourBoundary_purple","Charmbait_purple","CommonSense_AntiCommonSense_purple","Mirror_Drifter_purple+1","Boundary_DynamicStaticEquilibrium_purple","Nest_LightFlightworm_purple+1","Fancifulhole_purple+1","OmniscientAndOmnipotent_Monster_purple+1","Shallow_ocean_purpleEX+1","Monsters_DoubleDeathButterfly_purple+1","Shallow_ocean_purpleEX","ButterflyHabitatTemple_purple+1","Flash of Steel","OmniscientAndOmnipotent_Monster_purple+1","Bait_HighSpeedFlying_purple+1","ExternalForce_HighSpeedFlying_purple"],"relics":["Boundary_crack","Memoryfragments_purpleEX","AT_ATBox","NeowsBlessing","Golden Idol","AT_BellowingDragoncrestRing","AT_LudenTempest","Prayer Wheel","SlaversCollar","Mastiff:ReiMu","AT_ChloranthyRing","Matryoshka","Oddly Smooth Stone","Akabeko","Turnip","Philosopher\u0027s Stone","WingedGreaves","Whetstone","Shuriken","MealTicket","AT_BladeRuinedKing","Cauldron","AT_SunfireAegis"],"acts_visited":["Exordium","TheCity","TheBeyond","TheEnding"],"potions_floor_usage":[21,23,37,37,39,50,55,55,55],"damage_taken":[{"damage":0,"enemies":"Cultist","floor":1,"turns":1},{"damage":0,"enemies":"Small Slimes","floor":2,"turns":1},{"damage":14,"enemies":"3 Sentries","floor":6,"turns":1},{"damage":0,"enemies":"2 Louse","floor":8,"turns":2},{"damage":3,"enemies":"Looter","floor":11,"turns":2},{"damage":0,"enemies":"Exordium Thugs","floor":13,"turns":2},{"damage":11,"enemies":"The Guardian","floor":16,"turns":7},{"damage":3,"enemies":"2 Thieves","floor":18,"turns":3},{"damage":19,"enemies":"3 Byrds","floor":20,"turns":4},{"damage":11,"enemies":"3 Cultists","floor":21,"turns":3},{"damage":50,"enemies":"Slavers","floor":23,"turns":5},{"damage":30,"enemies":"HollowMod:Nosk","floor":27,"turns":4},{"damage":0,"enemies":"Sentry and Sphere","floor":29,"turns":3},{"damage":0,"enemies":"Centurion and Healer","floor":30,"turns":3},{"damage":0,"enemies":"Snake Plant","floor":31,"turns":2},{"damage":6,"enemies":"Collector","floor":33,"turns":5},{"damage":9,"enemies":"3 Shapes","floor":35,"turns":3},{"damage":1,"enemies":"3 Darklings","floor":36,"turns":3},{"damage":17,"enemies":"2 Orb Walkers","floor":37,"turns":2},{"damage":7,"enemies":"Writhing Mass","floor":39,"turns":3},{"damage":52,"enemies":"Nemesis","floor":40,"turns":3},{"damage":0,"enemies":"Maw","floor":45,"turns":2},{"damage":0,"enemies":"Donu and Deca","floor":50,"turns":3},{"damage":0,"enemies":"Shield and Spear","floor":54,"turns":2},{"damage":8,"enemies":"The Heart","floor":55,"turns":5}],"seed_played":"-6577587753187501401","potions_obtained":[{"floor":13,"key":"PowerPotion"},{"floor":16,"key":"Regen Potion"},{"floor":20,"key":"Swift Potion"},{"floor":27,"key":"ColorlessPotion"},{"floor":30,"key":"Block Potion"},{"floor":33,"key":"Fire Potion"},{"floor":37,"key":"BlessingOfTheForge"},{"floor":53,"key":"Block Potion"},{"floor":53,"key":"SkillPotion"},{"floor":53,"key":"Regen Potion"}],"is_trial":false,"path_per_floor":["M","M","?","?","?","E","R","M","T","R","M","$","M","T","R","B",null,"M","?","M","M","?","E","R","$","T","E","$","M","M","M","R","B",null,"M","M","?","T","M","E","R","R","T","$","M","R","$","?","R","B",null,"R","$","E","B",null],"character_chosen":"Youkari","items_purchased":["ExternalForce_HighSpeedFlying_purple","AT_LudenTempest","Matryoshka","Flash of Steel","Bait_HighSpeedFlying_purple","ExternalForce_HighSpeedFlying_purple","Cauldron"],"campfire_rested":1,"item_purchase_floors":[12,12,25,44,47,47,53],"current_hp_per_floor":[70,70,53,53,46,32,32,37,37,37,39,39,43,43,43,37,70,70,70,56,48,48,50,50,50,50,40,40,45,50,54,54,52,70,66,70,70,70,70,43,43,64,64,70,70,70,70,70,70,70,70,70,70,70,70],"gold":43,"neow_bonus":"THREE_ENEMY_KILL","is_daily":false,"chose_seed":false,"campfire_upgraded":8,"win_rate":0.0,"timestamp":1613830171,"path_taken":["M","?","?","?","?","E","R","M","T","R","M","$","M","?","R","BOSS","M","?","M","?","?","E","R","$","T","E","?","M","M","?","R","BOSS","M","M","?","?","M","E","R","R","T","?","M","R","$","?","R","BOSS","R","$","E","BOSS"],"items_purchased_type":["Card","Relic","Relic","Card","Card","Card","Relic"],"build_version":"2020-12-22","purchased_purges":3,"victory":true,"max_hp_per_floor":[70,70,70,70,70,70,70,70,70,70,70,70,70,70,70,70,70,70,70,70,70,70,70,70,70,70,70,70,70,70,70,70,70,70,70,70,70,70,70,70,70,70,70,70,70,70,70,70,70,70,70,70,70,70,70],"card_choices":[{"not_picked":["Charmbait_purple","MeetDecomposer_purple"],"picked":"AdvanceAttack_purple","floor":1},{"not_picked":["Umbrella_purple","Realm_recovery_purpleEX"],"picked":"Mirror_WaveAndshot_purple","floor":2},{"not_picked":["MNeedle_purple","Worldmountain_purple"],"picked":"DimensionStaggered_purple","floor":6},{"not_picked":["Boundary_DreamRealityDamnation_purple","Bait_HighSpeedFlying_purple"],"picked":"SharpContractionReality_purple","floor":8},{"not_picked":["RuleDissolution_purple","AdvanceAttack_purple"],"picked":"Boundary_DreamRealityDamnation_purple","floor":11},{"not_picked":["RuleDissolution_purple","OpenedBox_purple"],"picked":"Fantasy_PerpetualMotionMachine_purple","floor":13},{"not_picked":["MagicEyes_LaplaceDemon_purple","WangLiang_OokamiKakushi_purple"],"picked":"Mirror_TwoAndThreeElementRealm_purple","floor":16},{"not_picked":["Realm_recovery_purpleEX","Bait_Toxicbait_purple"],"picked":"RuptureOfTimeAndSpace_purple+1","floor":18},{"not_picked":["Charmbait_purple","AdvanceAttack_purple+1"],"picked":"MonsterNeedle_purple","floor":18},{"not_picked":["RuleDissolution_purple","Umbrella_purple"],"picked":"Mirror_FourBoundary_purple","floor":20},{"not_picked":["Bait_HighSpeedFlying_purple","Realm_recovery_purpleEX"],"picked":"Charmbait_purple","floor":20},{"not_picked":["Umbrella_purple","OpenedBox_purple","Mirror_FormAndEmptin_purple"],"picked":"SKIP","floor":21},{"not_picked":["Umbrella_purple","CommonSense_AntiCommonSense_purple","Charmbait_purple"],"picked":"SKIP","floor":21},{"not_picked":["MeetDecomposer_purple","PurpleNeedle_purple"],"picked":"CommonSense_AntiCommonSense_purple","floor":23},{"not_picked":["SharpContractionReality_purple","Yakumo_Ran_purple+1"],"picked":"Mirror_Drifter_purple+1","floor":27},{"not_picked":["SfantasyHide_purple","RealityDreamConfluencek_purple"],"picked":"Boundary_DynamicStaticEquilibrium_purple","floor":29},{"not_picked":["WeekHit_purple+1","MeetDecomposer_purple+1","D_absorption_purple"],"picked":"SKIP","floor":29},{"not_picked":["Realm_recovery_purpleEX+1","SharpContractionReality_purple","Boundary_DynamicStaticEquilibrium_purple"],"picked":"SKIP","floor":30},{"not_picked":["RuleDissolution_purple","Charmbait_purple","DimensionStaggered_purple"],"picked":"SKIP","floor":30},{"not_picked":["OmniscientAndOmnipotent_Monster_purple","Mirror_FormAndEmptin_purple"],"picked":"Nest_LightFlightworm_purple+1","floor":31},{"not_picked":["RuptureOfTimeAndSpace_purple","Extrememeaning_purpleEX","AdvanceAttack_purple"],"picked":"SKIP","floor":31},{"not_picked":["Computing_the_future_purpleEX","WasteWire_Metro_purple"],"picked":"Fancifulhole_purple","floor":33},{"not_picked":["Umbrella_purple","SfantasyHide_purple+1"],"picked":"OmniscientAndOmnipotent_Monster_purple","floor":35},{"not_picked":["WeekHit_purple+1","RuptureOfTimeAndSpace_purple+1","StateDuplicate_purple+1"],"picked":"SKIP","floor":35},{"not_picked":["EighthInstrument_OneDividesIntoTwo_purple+1","Charmbait_purple"],"picked":"Shallow_ocean_purpleEX+1","floor":36},{"not_picked":["AdvanceAttack_purple","Mirror_FormAndEmptin_purple+1"],"picked":"Monsters_DoubleDeathButterfly_purple","floor":36},{"not_picked":["Erosivefilter_purple+1","StateErode_purple+1"],"picked":"Shallow_ocean_purpleEX","floor":39},{"not_picked":["WatchEChange_purple","Umbrella_purple+1","Mirror_FormAndEmptin_purple"],"picked":"SKIP","floor":39},{"not_picked":["PositiveMatter_Antimatter_Universe_purple","Mirror_FormAndEmptin_purple+1"],"picked":"ButterflyHabitatTemple_purple+1","floor":40},{"not_picked":["Realm_recovery_purpleEX+1","Monsters_DoubleDeathButterfly_purple"],"picked":"OmniscientAndOmnipotent_Monster_purple+1","floor":45},{"not_picked":["Mirror_FormAndEmptin_purple+1","Fantasy_PerpetualMotionMachine_purple","Worldmountain_purple"],"picked":"SKIP","floor":45},{"not_picked":["Mirror_FormAndEmptin_purple+1","DimensionStaggered_purple+1","Know_ledgeAbilityRealm_purple"],"picked":"SKIP","floor":54}],"player_experience":194501,"relics_obtained":[{"floor":6,"key":"AT_BellowingDragoncrestRing"},{"floor":14,"key":"Prayer Wheel"},{"floor":23,"key":"AT_ChloranthyRing"},{"floor":26,"key":"Oddly Smooth Stone"},{"floor":26,"key":"Akabeko"},{"floor":27,"key":"Turnip"},{"floor":37,"key":"WingedGreaves"},{"floor":38,"key":"Whetstone"},{"floor":38,"key":"Shuriken"},{"floor":40,"key":"MealTicket"},{"floor":43,"key":"AT_BladeRuinedKing"},{"floor":54,"key":"AT_SunfireAegis"}],"event_choices":[{"damage_healed":0,"gold_gain":0,"player_choice":"Take Damage","damage_taken":17,"relics_obtained":["Golden Idol"],"max_hp_gain":0,"max_hp_loss":0,"event_name":"Golden Idol","floor":3,"gold_loss":0},{"damage_healed":0,"gold_gain":175,"player_choice":"AGREE","damage_taken":0,"max_hp_gain":0,"max_hp_loss":0,"event_name":"Liars Game","floor":4,"gold_loss":0,"cards_obtained":["Doubt"]},{"cards_removed":["Doubt"],"damage_healed":0,"gold_gain":0,"player_choice":"Card Removal","damage_taken":7,"max_hp_gain":0,"max_hp_loss":0,"event_name":"Golden Wing","floor":5,"gold_loss":0},{"damage_healed":0,"gold_gain":100,"player_choice":"Bet on Murderer","damage_taken":0,"max_hp_gain":0,"max_hp_loss":0,"event_name":"The Joust","floor":19,"gold_loss":50},{"damage_healed":0,"gold_gain":0,"player_choice":"Gave Potion","damage_taken":0,"relics_obtained":["Mastiff:ReiMu"],"max_hp_gain":0,"max_hp_loss":0,"event_name":"WeMeetAgain","floor":22,"gold_loss":0},{"damage_healed":0,"gold_gain":0,"player_choice":"Fight","damage_taken":0,"max_hp_gain":0,"max_hp_loss":0,"event_name":"Mysterious Sphere","floor":37,"gold_loss":0},{"damage_healed":0,"gold_gain":0,"player_choice":"Memory 1","damage_taken":0,"max_hp_gain":0,"max_hp_loss":0,"event_name":"SensoryStone","floor":48,"gold_loss":0}],"is_beta":false,"boss_relics":[{"not_picked":["Fusion Hammer","Cursed Key"],"picked":"SlaversCollar"},{"not_picked":["Empty Cage","Seventeenyearold_girl_Forever"],"picked":"Philosopher\u0027s Stone"}],"items_purged_floors":[12,28,44],"is_endless":false,"potions_floor_spawned":[13,16,20,27,30,33,36,37,54],"ascension_level":0}}