{"host":"dd8lqbxt1rnwhzth","time":1613857062,"event":{"mods":["Act Like it!","Aspiration","Bard","BaseMod","Beaked The Cultist","BetterRewards","Challenge The Spire","Colored Map","Conspire","Halation","Hermit","Highlight Path","Hubris","Infinite Spire","Jorbs\u0027s Wanderer Trilogy","Marisa????????","Minty Spire (QoL Compilation)","Rare Cards Sparkle","Replay The Spire","Ruina","Shop Mod","StSLib","SuperFastMode","Synergy Search","The Bladedancer","The Construct","The Cursed","The Disciple","The Elementalist","The Forsaken","The Hierophant","The Judge","The Mystic","The Necromancer","The Runesmith","The Servant 0.9.4","The Valiant","The Wild Card","TheBandit","egg"],"gold_per_floor":[112,112,127,127,145,145,179,195,195,230,249,249,283,283,283,386,386,402,417,417,428,428,460,460,13,13,13,13,47,47,64,64,168,168,184,34,34,34],"floor_reached":37,"language":"ENG","playtime":2866,"items_purged":["Poison Darts+17","Strike_B","Defend_B","Defend_B","Strike_B"],"score":709,"play_id":"9062fb74-39d9-4356-8eb6-fc481d75ec43","local_time":"20210220180742","is_ascension_mode":true,"campfire_choices":[{"data":"Fission","floor":6,"key":"SMITH"},{"data":"FullAwakening","floor":12,"key":"SMITH"},{"data":"infinitespire:Collect","floor":28,"key":"SMITH"},{"floor":32,"key":"REST"}],"circlet_count":0,"master_deck":["elementalist:Water_Emblem","Poison Darts+17","Strike_B+1","Defend_B","Defend_B","Zap","Dualcast","Sunder+1","Fission+1","theWildCard:Alice","Scare","FullAwakening+1","DeusExMachina","elementalist:Momentum","Scrape","elementalist:Refract","WheelKick","infinitespire:Collect+1","Conserve Battery+1","Pummel+1","Go for the Eyes","FIFO Queue","Consume","Coolheaded","theForsaken:SacredOath","WordoMod:WillOWisp+1"],"relics":["Cracked Core","Blood Vial","PrismaticShard","Chameleon Ring","Shuriken","hubris:BundleOfHerbs","hubris:GlazedTorus","Dead Branch","halation:StarCompass","halation:LoveArrow","Regal Pillow","aspiration:RitualStick","Whetstone","OrangePellets","halation:VictoryRuler","Carrot","Runic Dome"],"acts_visited":["Exordium","TheCity","TheBeyond"],"potions_floor_usage":[7,7,16,35,35],"damage_taken":[{"damage":0,"enemies":"Cultist","floor":1,"turns":2},{"damage":6,"enemies":"Jaw Worm","floor":3,"turns":2},{"damage":5,"enemies":"Small Slimes","floor":5,"turns":2},{"damage":9,"enemies":"3 Sentries","floor":7,"turns":7},{"damage":0,"enemies":"Exordium Thugs","floor":8,"turns":2},{"damage":8,"enemies":"Gremlin Nob","floor":10,"turns":3},{"damage":0,"enemies":"Blue Slaver","floor":11,"turns":1},{"damage":0,"enemies":"Lagavulin","floor":13,"turns":2},{"damage":0,"enemies":"Slime Boss","floor":16,"turns":1},{"damage":10,"enemies":"2 Thieves","floor":18,"turns":3},{"damage":15,"enemies":"3 Byrds","floor":19,"turns":4},{"damage":0,"enemies":"conspire:HollyBat","floor":21,"turns":4},{"damage":10,"enemies":"Replay:Snechameleon","floor":23,"turns":4},{"damage":10,"enemies":"conspire:SneckoGhost","floor":29,"turns":8},{"damage":6,"enemies":"3 Cultists","floor":31,"turns":4},{"damage":18,"enemies":"Automaton","floor":33,"turns":3},{"damage":0,"enemies":"3 Darklings","floor":35,"turns":2},{"damage":21,"enemies":"infinitespire:Three Voidlings","floor":37,"turns":3},{"damage":69,"enemies":"Nightmare_Alpha","floor":37,"turns":3}],"seed_played":"-7636665084402118295","potions_obtained":[{"floor":3,"key":"Regen Potion"},{"floor":4,"key":"Explosive Potion"},{"floor":4,"key":"FocusPotion"},{"floor":5,"key":"infinitespire:BlackPotion"},{"floor":10,"key":"infinitespire:BlackPotion"},{"floor":13,"key":"ColorlessPotion"},{"floor":23,"key":"Energy Potion"},{"floor":29,"key":"SteroidPotion"}],"is_trial":false,"path_per_floor":["M","$","M","?","M","R","E","M","T","E","M","R","E","?","R_BF","B",null,"M","M","AVR","M","?","E","R","$","T","?","R","E","?","M","R","B",null,"M","$","?"],"character_chosen":"DEFECT","items_purchased":["Sunder","Blood Vial","PrismaticShard","Chameleon Ring","Fission","OrangePellets","FIFO Queue","Consume","Coolheaded"],"campfire_rested":1,"item_purchase_floors":[0,0,0,0,0,25,25,25,25],"current_hp_per_floor":[61,61,57,57,54,54,74,75,75,67,69,69,71,71,71,73,75,65,52,52,54,39,37,37,37,37,37,37,29,29,31,68,57,75,75,75,0,0],"gold":34,"neow_bonus":"","is_daily":false,"chose_seed":false,"campfire_upgraded":3,"win_rate":0.0,"timestamp":1613857062,"path_taken":["M","?","M","?","M","R","E","?","T","E","M","R","E","?","R_BF","BOSS","M","M","AVR","M","?","E","R","$","T","?","R","E","?","M","R","BOSS","M","$","?"],"items_purchased_type":["Card","Relic","Relic","Relic","Card","Relic","Card","Card","Card"],"build_version":"2020-12-22","purchased_purges":5,"victory":false,"max_hp_per_floor":[75,75,75,75,75,75,75,75,75,75,75,75,75,75,75,75,75,75,75,75,75,75,75,75,75,75,75,75,75,75,75,75,75,75,75,75,75,75],"card_choices":[{"not_picked":["Dramatic Entrance","beaked:FeelMyPain"],"picked":"theWildCard:Alice","floor":1},{"not_picked":["beaked:Resilience","wariomod:CursedSpaces","theWildCard:Metatron"],"picked":"SKIP","floor":3},{"not_picked":["Reprogram","Blade Dance","hermit:BigShot"],"picked":"SKIP","floor":5},{"not_picked":["blademaster:DragonStrike","RefractionSpark","wariomod:SmallSprint"],"picked":"SKIP","floor":7},{"not_picked":["blademaster:DragonStrike","RefractionSpark","wariomod:SmallSprint"],"picked":"SKIP","floor":7},{"not_picked":["hermit:Misfire","mysticmod:ArcaneAccuracy"],"picked":"Scare","floor":8},{"not_picked":["theWildCard:ArcanaArtistry","Prostrate"],"picked":"FullAwakening","floor":10},{"not_picked":["ReplayTheSpireMod:Strike From Hell","mysticmod:Probe"],"picked":"DeusExMachina","floor":11},{"not_picked":["Death_Coil","Runesmith:CraftMagma"],"picked":"elementalist:Momentum","floor":13},{"not_picked":["ruina:FadedMemories","Runesmith:GenerateForcefield"],"picked":"elementalist:Refract","floor":16},{"not_picked":["theForsaken:BindingThorns","hierophant:OrnateBuckler","Clash+1"],"picked":"SKIP","floor":18},{"not_picked":["construct:Tumble","stsjorbsmod:WanderingMind"],"picked":"WheelKick","floor":19},{"not_picked":["hermit:GhostlyPresence","mysticmod:Grease+1"],"picked":"Conserve Battery+1","floor":21},{"not_picked":["construct:Analyze","theForsaken:DarkBargain"],"picked":"Pummel+1","floor":23},{"not_picked":["stsjorbsmod:Expose","bard:FeastOnFear"],"picked":"theForsaken:SacredOath","floor":29},{"not_picked":["Toxic_Smoke_Screen","FormalWear+1","beaked:Cower"],"picked":"SKIP","floor":31},{"not_picked":["blademaster:BladeMastery","Prostrate","blademaster:Sharpen+1"],"picked":"SKIP","floor":35}],"player_experience":494158,"relics_obtained":[{"floor":7,"key":"Shuriken"},{"floor":9,"key":"hubris:BundleOfHerbs"},{"floor":10,"key":"hubris:GlazedTorus"},{"floor":13,"key":"Dead Branch"},{"floor":23,"key":"Whetstone"},{"floor":26,"key":"halation:VictoryRuler"},{"floor":29,"key":"Carrot"}],"event_choices":[{"damage_healed":0,"gold_gain":0,"player_choice":"Got Potions","damage_taken":0,"max_hp_gain":0,"max_hp_loss":0,"event_name":"Lab","floor":4,"gold_loss":0}],"is_beta":false,"boss_relics":[{"not_picked":["aspiration:RitualDagger","Snecko Eye"],"picked":"halation:LoveArrow"},{"not_picked":["halation:Yufonium","hubris:HollowSoul"],"picked":"Runic Dome"}],"items_purged_floors":[0,0,20,25,36],"is_endless":false,"potions_floor_spawned":[3,5,10,13,23,29,31],"killed_by":"Nightmare_Alpha","ascension_level":1}}