{"host":"ydh61a5ftgdajrbo","time":1613828063,"event":{"mods":["BaseMod","Colored Map","Colored Powertips","DeckTracker","Downfall","Hermit","Koishi","Minty Spire (QoL Compilation)","Prisma Mod","Relic Stats","Spire Arcade","StSLib","SuperFastMode","The Cursed","The Jungle","The Mystic","The Runesmith","The Senshi","The Servant 0.9.4"],"gold_per_floor":[112,112,126,126,141,141,166,212,512,787,801,819,831,373,373,447,447,464,286,300,300,95,123,143,143,143,159,192,205,205,205,205,283,283,299,62,62,81,81,81],"floor_reached":39,"language":"ZHS","playtime":1555,"items_purged":["Defend_G","Strike_G","downfall:Bewildered"],"score":867,"play_id":"ae4cbef4-d771-420e-a787-6df6fcc99598","local_time":"20210220213423","is_ascension_mode":true,"campfire_choices":[{"data":"Poisoned Stab","floor":6.0,"key":"SMITH"},{"data":"Neutralize","floor":15.0,"key":"SMITH"},{"floor":25.0,"key":"REST"},{"floor":32.0,"key":"DIG"}],"circlet_count":0,"master_deck":["AscendersBane","Strike_G","Strike_G","Strike_G","Defend_G","Defend_G","Defend_G","Defend_G","Survivor","Neutralize+1","Poisoned Stab+1","Deadly Poison","Deflect","Escape Plan","PiercingWail","Backflip","Bane","Backflip","Sadistic Nature","Tools of the Trade","CurseOfTheBell","Dagger Throw","Crippling Poison","Cloak And Dagger","Catalyst","Blur+1","Cloak And Dagger","Poisoned Stab","Cloak And Dagger","Bane","Noxious Fumes","Deadly Poison","Underhanded Strike"],"relics":["Cursed Key","Mercury Hourglass","Omamori","Old Coin","Toolbox","Calling Bell","Shovel","Paper Crane","Strawberry","Sundial","Regal Pillow","Oddly Smooth Stone","Nunchaku","Girya","sneckomod:BabySnecko","Art of War","Empty Cage"],"acts_visited":["Exordium","TheCity","TheBeyond"],"potions_floor_usage":[],"damage_taken":[{"damage":2.0,"enemies":"Small Slimes","floor":1.0,"turns":3.0},{"damage":0.0,"enemies":"Cultist","floor":3.0,"turns":4.0},{"damage":3.0,"enemies":"2 Louse","floor":5.0,"turns":2.0},{"damage":9.0,"enemies":"Lagavulin","floor":7.0,"turns":7.0},{"damage":0.0,"enemies":"Large Slime","floor":11.0,"turns":5.0},{"damage":0.0,"enemies":"Lots of Slimes","floor":12.0,"turns":3.0},{"damage":0.0,"enemies":"Looter","floor":13.0,"turns":3.0},{"damage":17.0,"enemies":"The Guardian","floor":16.0,"turns":8.0},{"damage":22.0,"enemies":"Spheric Guardian","floor":18.0,"turns":5.0},{"damage":8.0,"enemies":"2 Thieves","floor":20.0,"turns":4.0},{"damage":9.0,"enemies":"Gremlin Leader","floor":23.0,"turns":6.0},{"damage":6.0,"enemies":"Sentry and Sphere","floor":24.0,"turns":4.0},{"damage":6.0,"enemies":"Cultist and Chosen","floor":27.0,"turns":5.0},{"damage":7.0,"enemies":"Book of Stabbing","floor":28.0,"turns":5.0},{"damage":0.0,"enemies":"3 Cultists","floor":29.0,"turns":4.0},{"damage":26.0,"enemies":"Champ","floor":33.0,"turns":8.0},{"damage":14.0,"enemies":"3 Darklings","floor":35.0,"turns":7.0},{"damage":0,"enemies":"3 Shapes","floor":38,"turns":4},{"damage":32,"enemies":"Transient","floor":39,"turns":4}],"seed_played":"3590387844923142614","potions_obtained":[{"floor":1.0,"key":"Explosive Potion"},{"floor":3.0,"key":"Block Potion"},{"floor":7.0,"key":"SpeedPotion"},{"floor":8.0,"key":"Poison Potion"},{"floor":23.0,"key":"SkillPotion"},{"floor":27.0,"key":"LiquidMemories"},{"floor":29.0,"key":"Energy Potion"},{"floor":35.0,"key":"EssenceOfSteel"}],"is_trial":false,"path_per_floor":["M","?","M","$","M","R","E","?","T","?","M","M","M","$","R","B",null,"M","$","M","?","$","E","M","R","T","M","E","M","?","?","R","B",null,"M","$","?","M","M"],"character_chosen":"THE_SILENT","items_purchased":["Toolbox","Backflip","Sadistic Nature","Crippling Poison","Catalyst","Regal Pillow","Noxious Fumes","Deadly Poison"],"campfire_rested":1,"item_purchase_floors":[14,14,14,19,22,22,36,36],"current_hp_per_floor":[57,57,57,57,54,54,45,45,45,45,45,45,45,45,45,28,64,42,42,34,34,34,25,19,55,55,49,42,42,42,42,42,16,59,45,45,45,45,13,13],"gold":81,"neow_bonus":"BOSS_RELIC","is_daily":false,"chose_seed":false,"campfire_upgraded":2,"win_rate":0.0,"timestamp":1613828063,"path_taken":["M","?","M","?","M","R","E","?","T","?","M","M","M","$","R","BOSS","M","?","M","?","$","E","M","R","T","M","E","M","?","?","R","BOSS","M","$","?","M","M"],"items_purchased_type":["Relic","Card","Card","Card","Card","Relic","Card","Card"],"build_version":"2020-12-22","purchased_purges":3,"victory":false,"max_hp_per_floor":[66,66,66,66,66,66,66,66,66,66,66,66,66,66,66,66,73,73,73,73,73,73,73,73,73,73,73,73,73,73,73,73,73,73,73,73,73,73,73,73],"relic_stats":{"Regal Pillow":15,"Nunchaku":[7],"Shovel":1,"counters":[19,91],"Sundial":[2],"Art of War":[3],"Cursed Key":2,"obtain_stats":[{"Girya":28,"Regal Pillow":22,"Oddly Smooth Stone":23,"Omamori":8,"Paper Crane":17,"Cursed Key":0,"Empty Cage":34,"Mercury Hourglass":7,"Old Coin":9,"Calling Bell":17,"sneckomod:BabySnecko":30,"Nunchaku":26,"Shovel":17,"Sundial":21,"Strawberry":17,"Toolbox":14,"Art of War":32,"Ring of the Snake":0},{"Girya":14,"Regal Pillow":10,"Oddly Smooth Stone":11,"Omamori":4,"Paper Crane":8,"Cursed Key":0,"Empty Cage":16,"Mercury Hourglass":4,"Old Coin":4,"Calling Bell":8,"sneckomod:BabySnecko":15,"Nunchaku":12,"Shovel":8,"Sundial":10,"Strawberry":8,"Toolbox":7,"Art of War":15,"Ring of the Snake":0},{"Girya":64,"Regal Pillow":44,"Oddly Smooth Stone":50,"Omamori":16,"Paper Crane":35,"Cursed Key":0,"Empty Cage":76,"Mercury Hourglass":16,"Old Coin":16,"Calling Bell":35,"sneckomod:BabySnecko":68,"Nunchaku":54,"Shovel":35,"Sundial":44,"Strawberry":35,"Toolbox":27,"Art of War":68,"Ring of the Snake":0}],"Mercury Hourglass":[290]},"card_choices":[{"not_picked":["Skewer","Prepared"],"picked":"Poisoned Stab","floor":1.0},{"not_picked":["Catalyst","Dagger Throw"],"picked":"Deadly Poison","floor":3.0},{"not_picked":["Slice","Outmaneuver"],"picked":"Deflect","floor":5.0},{"not_picked":["Backflip","Endless Agony"],"picked":"Escape Plan","floor":7.0},{"not_picked":["Quick Slash","Dodge and Roll"],"picked":"PiercingWail","floor":8.0},{"not_picked":["Underhanded Strike","Deflect"],"picked":"Backflip","floor":11.0},{"not_picked":["Sucker Punch","Heel Hook"],"picked":"Bane","floor":12.0},{"not_picked":["Outmaneuver","Expertise","Prepared"],"picked":"SKIP","floor":13.0},{"not_picked":["Phantasmal Killer","Envenom"],"picked":"Tools of the Trade","floor":16.0},{"not_picked":["Cloak And Dagger","Dagger Spray"],"picked":"Dagger Throw","floor":18.0},{"not_picked":["Wraith Form v2","Dagger Throw"],"picked":"Cloak And Dagger","floor":20.0},{"not_picked":["Accuracy","Poisoned Stab"],"picked":"Blur+1","floor":23.0},{"not_picked":["Flying Knee","Quick Slash"],"picked":"Cloak And Dagger","floor":24.0},{"not_picked":["Blade Dance","Riddle With Holes"],"picked":"Poisoned Stab","floor":27.0},{"not_picked":["Deflect","Accuracy"],"picked":"Cloak And Dagger","floor":28.0},{"not_picked":["Dagger Throw+1","Heel Hook"],"picked":"Bane","floor":29.0},{"not_picked":["Quick Slash","Choke+1","Well Laid Plans"],"picked":"SKIP","floor":35.0},{"not_picked":["Outmaneuver","Accuracy+1","Infinite Blades"],"picked":"SKIP","floor":38}],"player_experience":411838,"relics_obtained":[{"floor":7.0,"key":"Mercury Hourglass"},{"floor":8.0,"key":"Omamori"},{"floor":9.0,"key":"Old Coin"},{"floor":17.0,"key":"Shovel"},{"floor":17.0,"key":"Paper Crane"},{"floor":17.0,"key":"Strawberry"},{"floor":23.0,"key":"Oddly Smooth Stone"},{"floor":26.0,"key":"Nunchaku"},{"floor":28.0,"key":"Girya"},{"floor":32.0,"key":"Art of War"}],"event_choices":[{"cards_removed":["Strike_G"],"damage_healed":0.0,"max_hp_gain":0.0,"max_hp_loss":0.0,"gold_gain":0.0,"event_name":"Bonfire Elementals","player_choice":"Offered Basic","floor":2.0,"gold_loss":0.0,"damage_taken":0.0},{"damage_healed":0.0,"max_hp_gain":0.0,"max_hp_loss":0.0,"gold_gain":275.0,"event_name":"Golden Shrine","player_choice":"Desecrate","floor":10.0,"gold_loss":0.0,"damage_taken":0.0,"cards_obtained":["Regret"]},{"damage_healed":0.0,"max_hp_gain":0.0,"max_hp_loss":0.0,"gold_gain":0.0,"event_name":"Addict","player_choice":"Stole Relic","floor":21.0,"gold_loss":0.0,"damage_taken":0.0,"relics_obtained":["Sundial"],"cards_obtained":["Shame"]},{"damage_healed":0.0,"max_hp_gain":0.0,"max_hp_loss":0.0,"gold_gain":0.0,"event_name":"Cursed Tome","player_choice":"Ignored","floor":31.0,"gold_loss":0.0,"damage_taken":0.0},{"damage_healed":0,"gold_gain":0,"player_choice":"1 cards matched","damage_taken":0,"max_hp_gain":0,"max_hp_loss":0,"event_name":"Match and Keep!","floor":37,"gold_loss":0,"cards_obtained":["Underhanded Strike"]}],"is_beta":false,"boss_relics":[{"not_picked":["Astrolabe","Black Star"],"picked":"Calling Bell"},{"not_picked":["Snecko Eye","Coffee Dripper"],"picked":"Empty Cage"}],"items_purged_floors":[14,19,36],"is_endless":false,"potions_floor_spawned":[1,3,7,23,27,28,29,35,38],"killed_by":"Transient","ascension_level":20}}