{"host":"5mo0809oo9tcrmpl","time":1613797607,"event":{"mods":["BaseMod","Highlight Path","Minty Spire (QoL Compilation)","Relic Stats","Slay the Relics Exporter"],"gold_per_floor":[118,134,209,225,237,237,262,279,279,279,204,204,227,243,243,319,319,339,254,269,282,282,317,317,327,327,340,340,340,340,340,340,340,340],"floor_reached":33,"language":"ENG","playtime":1062,"items_purged":[],"score":584,"play_id":"7ffa9e6f-9615-4599-be86-e44406c9098b","local_time":"20210219230647","is_ascension_mode":true,"campfire_choices":[{"data":"Zap","floor":6,"key":"SMITH"},{"floor":10,"key":"REST"},{"data":"Creative AI","floor":12,"key":"SMITH"},{"data":"Dualcast","floor":15,"key":"SMITH"},{"data":"Hologram","floor":24,"key":"SMITH"},{"floor":28,"key":"REST"},{"data":"Beam Cell","floor":30,"key":"SMITH"},{"floor":32,"key":"REST"}],"circlet_count":0,"master_deck":["AscendersBane","Strike_B","Strike_B","Defend_B","Defend_B","Defend_B","Defend_B","Zap+1","Dualcast+1","Doom and Gloom","Gash","Compile Driver","Ball Lightning","Creative AI+1","Leap","Reinforced Body","All For One","Streamline+1","Doom and Gloom","Hologram+1","Rebound","Decay","Beam Cell+1","Regret"],"relics":["Cracked Core","NeowsBlessing","Pear","Potion Belt","Tiny Chest","Cursed Key","Lantern","Frozen Egg 2","InkBottle","Pantograph"],"acts_visited":["Exordium","TheCity"],"potions_floor_usage":[7,16,20,25,33,33],"damage_taken":[{"damage":0,"enemies":"Jaw Worm","floor":1,"turns":1},{"damage":0,"enemies":"2 Louse","floor":2,"turns":1},{"damage":0,"enemies":"Cultist","floor":4,"turns":1},{"damage":11,"enemies":"Looter","floor":5,"turns":4},{"damage":30,"enemies":"3 Sentries","floor":7,"turns":5},{"damage":16,"enemies":"Exordium Wildlife","floor":8,"turns":4},{"damage":0,"enemies":"Large Slime","floor":14,"turns":4},{"damage":19,"enemies":"Slime Boss","floor":16,"turns":6},{"damage":1,"enemies":"3 Byrds","floor":18,"turns":4},{"damage":17,"enemies":"Shell Parasite","floor":20,"turns":4},{"damage":4,"enemies":"Snecko","floor":21,"turns":3},{"damage":0,"enemies":"Gremlin Leader","floor":23,"turns":5},{"damage":23,"enemies":"Snake Plant","floor":25,"turns":3},{"damage":8,"enemies":"Chosen and Byrds","floor":27,"turns":3},{"damage":93,"enemies":"Champ","floor":33,"turns":8}],"seed_played":"1506226753498392374","potions_obtained":[{"floor":1,"key":"GamblersBrew"},{"floor":4,"key":"GamblersBrew"},{"floor":8,"key":"BlessingOfTheForge"},{"floor":14,"key":"Weak Potion"},{"floor":16,"key":"ColorlessPotion"},{"floor":21,"key":"EssenceOfDarkness"},{"floor":25,"key":"Explosive Potion"}],"is_trial":false,"path_per_floor":["M","M","?","M","M","R","E","M","T","R","?","R","T","M","R","B",null,"M","?","M","M","?","E","R","M","T","M","R","T","R","?","R","B"],"character_chosen":"DEFECT","items_purchased":[],"campfire_rested":3,"item_purchase_floors":[],"current_hp_per_floor":[64,64,53,53,42,42,22,6,6,30,30,30,30,30,30,11,64,63,63,46,42,42,42,42,19,19,11,35,35,35,35,59,0,0],"gold":340,"neow_bonus":"THREE_ENEMY_KILL","is_daily":false,"chose_seed":false,"campfire_upgraded":5,"win_rate":0.0,"timestamp":1613797607,"path_taken":["M","M","?","M","M","R","E","M","T","R","?","R","?","M","R","BOSS","M","?","M","M","?","E","R","M","T","?","R","?","R","?","R","BOSS"],"items_purchased_type":[],"build_version":"2020-12-22","purchased_purges":0,"victory":false,"max_hp_per_floor":[71,71,71,71,71,71,81,81,81,81,81,81,81,81,81,81,81,81,81,81,81,81,81,81,81,81,81,81,81,81,81,81,81,81],"relic_stats":{"counters":[15,56],"Pantograph":22,"Tiny Chest":1,"Cursed Key":2,"obtain_stats":[{"Potion Belt":9,"Lantern":19,"Pear":7,"NeowsBlessing":0,"Pantograph":29,"Tiny Chest":13,"Frozen Egg 2":23,"Cracked Core":0,"Cursed Key":17,"InkBottle":26},{"Potion Belt":6,"Lantern":9,"Pear":5,"NeowsBlessing":0,"Pantograph":14,"Tiny Chest":6,"Frozen Egg 2":12,"Cracked Core":0,"Cursed Key":8,"InkBottle":13},{"Potion Belt":16,"Lantern":30,"Pear":12,"NeowsBlessing":0,"Pantograph":48,"Tiny Chest":16,"Frozen Egg 2":42,"Cracked Core":0,"Cursed Key":26,"InkBottle":45}],"InkBottle":[5]},"card_choices":[{"not_picked":["Barrage","Conserve Battery"],"picked":"Doom and Gloom","floor":1},{"not_picked":["Capacitor","Barrage"],"picked":"Gash","floor":2},{"not_picked":["Storm","Blizzard"],"picked":"Compile Driver","floor":4},{"not_picked":["Stack","Blizzard"],"picked":"Ball Lightning","floor":5},{"not_picked":["Recycle","Heatsinks"],"picked":"Creative AI","floor":7},{"not_picked":["Fusion","Steam"],"picked":"Leap","floor":8},{"not_picked":["Compile Driver","Rip and Tear"],"picked":"Reinforced Body","floor":14},{"not_picked":["Biased Cognition","Echo Form"],"picked":"All For One","floor":16},{"not_picked":["Reprogram","Consume"],"picked":"Streamline+1","floor":18},{"not_picked":["Barrage","Compile Driver"],"picked":"Doom and Gloom","floor":20},{"not_picked":["Doom and Gloom","Compile Driver+1"],"picked":"Hologram","floor":21},{"not_picked":["Barrage","Ball Lightning"],"picked":"Rebound","floor":23},{"not_picked":["Rebound","Ball Lightning","Force Field"],"picked":"SKIP","floor":25},{"not_picked":["Compile Driver","Ball Lightning"],"picked":"Beam Cell","floor":27}],"player_experience":1306640,"relics_obtained":[{"floor":7,"key":"Pear"},{"floor":9,"key":"Potion Belt"},{"floor":13,"key":"Tiny Chest"},{"floor":23,"key":"Frozen Egg 2"},{"floor":26,"key":"InkBottle"},{"floor":29,"key":"Pantograph"}],"event_choices":[{"damage_healed":0,"gold_gain":75,"player_choice":"Gather Gold","damage_taken":11,"max_hp_gain":0,"max_hp_loss":0,"event_name":"World of Goop","floor":3,"gold_loss":0},{"cards_removed":["Strike_B"],"damage_healed":0,"gold_gain":0,"player_choice":"Card Removal","damage_taken":0,"max_hp_gain":0,"max_hp_loss":0,"event_name":"The Cleric","floor":11,"gold_loss":75},{"damage_healed":0,"gold_gain":0,"player_choice":"Obtained Relic","damage_taken":0,"relics_obtained":["Lantern"],"max_hp_gain":0,"max_hp_loss":0,"event_name":"Addict","floor":19,"gold_loss":85},{"cards_removed":["Strike_B"],"damage_healed":0,"gold_gain":0,"player_choice":"Offered Basic","damage_taken":0,"max_hp_gain":0,"max_hp_loss":0,"event_name":"Bonfire Elementals","floor":22,"gold_loss":0},{"damage_healed":0,"gold_gain":0,"player_choice":"Ignored","damage_taken":0,"max_hp_gain":0,"max_hp_loss":0,"event_name":"Cursed Tome","floor":31,"gold_loss":0}],"is_beta":false,"boss_relics":[{"not_picked":["Fusion Hammer","Runic Pyramid"],"picked":"Cursed Key"}],"items_purged_floors":[],"is_endless":false,"potions_floor_spawned":[1,4,8,14,16,21,25],"killed_by":"Champ","ascension_level":20}}