{"host":"sav7uxregyirlf69","time":1613795683,"event":{"mods":["AchievementEnabler","BaseMod","Colored Map","DeckTracker","Keyboard Shortcuts","Minty Spire (QoL Compilation)","READ ME - Guardian Mod","StSLib","SuperFastMode"],"gold_per_floor":[114,129,129,106,106,136,151,151,151,151,181,106,106,121,121,221,221,236,251,251,84,99,129,144,174,174,74,74,104,104,104],"floor_reached":30,"language":"KOR","playtime":798,"items_purged":["Thunder Strike","Creative AI"],"score":396,"play_id":"57e8ac27-9bbc-4a04-ab41-831e2bd8b16f","local_time":"20210220133443","daily_mods":["Shiny","Red Cards","DeadlyEvents"],"is_ascension_mode":false,"campfire_choices":[{"data":"Seek","floor":8,"key":"SMITH"},{"data":"Corruption","floor":10,"key":"SMITH"},{"floor":13,"key":"REST"},{"data":"Turbo","floor":15,"key":"SMITH"},{"data":"Apotheosis","floor":28,"key":"SMITH"}],"circlet_count":0,"master_deck":["Double Tap","Demon Form","Bludgeon","Feed","Corruption+1","Barricade","Fiend Fire","Berserk","Impervious","Juggernaut","Exhume","Offering","Immolate","Multi-Cast","Hyperbeam+1","Biased Cognition","Electrodynamics","Buffer","Rainbow","Seek+1","Meteor Strike","Echo Form","All For One","Reboot","Amplify","Fission","Core Surge+1","Entrench","Coolheaded","Dark Embrace","Conserve Battery","Turbo+1","Corruption","Seeing Red","Apotheosis+1","BootSequence","Body Slam"],"relics":["Cracked Core","Anchor","Gambling Chip","Oddly Smooth Stone","Whetstone","Empty Cage","Strawberry","Mercury Hourglass","Matryoshka","Letter Opener"],"acts_visited":["Exordium","TheCity"],"potions_floor_usage":[],"damage_taken":[{"damage":0,"enemies":"Cultist","floor":1,"turns":2},{"damage":17,"enemies":"Jaw Worm","floor":2,"turns":3},{"damage":13,"enemies":"3 Sentries","floor":6,"turns":2},{"damage":0,"enemies":"Small Slimes","floor":7,"turns":2},{"damage":26,"enemies":"Gremlin Nob","floor":11,"turns":5},{"damage":6,"enemies":"Looter","floor":14,"turns":1},{"damage":14,"enemies":"Hexaghost","floor":16,"turns":5},{"damage":10,"enemies":"Spheric Guardian","floor":18,"turns":3},{"damage":14,"enemies":"Chosen","floor":19,"turns":4},{"damage":0,"enemies":"Snecko","floor":22,"turns":3},{"damage":0,"enemies":"Slavers","floor":23,"turns":2},{"damage":42,"enemies":"Snake Plant","floor":24,"turns":6},{"damage":0,"enemies":"Gremlin Leader","floor":25,"turns":5},{"damage":14,"enemies":"Book of Stabbing","floor":29,"turns":4},{"damage":10,"enemies":"Cultist and Chosen","floor":30,"turns":3}],"seed_played":"3618718455484561711","potions_obtained":[{"floor":14,"key":"BlessingOfTheForge"},{"floor":16,"key":"GamblersBrew"},{"floor":19,"key":"Dexterity Potion"},{"floor":22,"key":"DuplicationPotion"}],"is_trial":false,"path_per_floor":["M","M","?","$","?","E","M","R","T","R","E","$","R","M","R","B",null,"M","M","?","$","M","E","M","E","T","$","R","E","M"],"character_chosen":"DEFECT","items_purchased":["Coolheaded","Apotheosis"],"campfire_rested":1,"item_purchase_floors":[4,21],"current_hp_per_floor":[75,58,58,58,58,48,48,48,48,48,22,22,45,39,39,25,78,68,54,54,54,54,61,22,22,22,22,22,8,0,0],"gold":104,"neow_bonus":"","is_daily":true,"chose_seed":false,"campfire_upgraded":4,"win_rate":0.0,"timestamp":1613795683,"path_taken":["M","M","?","$","?","E","M","R","T","R","?","$","R","M","R","BOSS","M","?","?","$","M","E","M","E","T","?","R","E","M"],"items_purchased_type":["Card","Card"],"build_version":"2020-12-22","purchased_purges":2,"victory":false,"max_hp_per_floor":[75,75,75,75,75,78,78,78,78,78,78,78,78,78,78,78,78,78,78,78,78,78,85,88,88,88,88,88,88,88,88],"card_choices":[{"not_picked":["Gash","Cold Snap","Intimidate"],"picked":"SKIP","floor":1},{"not_picked":["Clothesline","Dual Wield"],"picked":"Entrench","floor":2},{"not_picked":["Heatsinks","FTL"],"picked":"Dark Embrace","floor":6},{"not_picked":["Sword Boomerang","True Grit","Intimidate"],"picked":"SKIP","floor":7},{"not_picked":["Biased Cognition","Dual Wield"],"picked":"Conserve Battery","floor":11},{"not_picked":["Rebound","Coolheaded"],"picked":"Turbo","floor":14},{"not_picked":["Fiend Fire","Core Surge"],"picked":"Corruption","floor":16},{"not_picked":["Beam Cell","Battle Trance+1"],"picked":"Seeing Red","floor":18},{"not_picked":["Streamline","Genetic Algorithm","Hemokinesis"],"picked":"SKIP","floor":19},{"not_picked":["Havoc+1","Force Field"],"picked":"BootSequence","floor":22},{"not_picked":["Burning Pact","Headbutt","Streamline"],"picked":"SKIP","floor":23},{"not_picked":["Redo+1","Sweeping Beam+1","Heavy Blade"],"picked":"SKIP","floor":24},{"not_picked":["Combust+1","Burning Pact","Sever Soul"],"picked":"SKIP","floor":25},{"not_picked":["Iron Wave+1","Inflame"],"picked":"Body Slam","floor":29}],"player_experience":1630957,"relics_obtained":[{"floor":6,"key":"Gambling Chip"},{"floor":9,"key":"Oddly Smooth Stone"},{"floor":11,"key":"Whetstone"},{"floor":23,"key":"Strawberry"},{"floor":25,"key":"Mercury Hourglass"},{"floor":26,"key":"Matryoshka"},{"floor":29,"key":"Letter Opener"}],"event_choices":[{"damage_healed":0,"gold_gain":0,"player_choice":"Ignored","damage_taken":0,"max_hp_gain":0,"max_hp_loss":0,"event_name":"Liars Game","floor":3,"gold_loss":0},{"cards_removed":["Reaper"],"damage_healed":0,"gold_gain":0,"player_choice":"Gave Card","damage_taken":0,"relics_obtained":["Anchor"],"max_hp_gain":0,"max_hp_loss":0,"event_name":"WeMeetAgain","floor":5,"gold_loss":0},{"cards_removed":["Machine Learning"],"damage_healed":0,"gold_gain":0,"player_choice":"Elegance","damage_taken":0,"max_hp_gain":0,"max_hp_loss":0,"event_name":"Back to Basics","floor":20,"gold_loss":0}],"is_beta":false,"boss_relics":[{"not_picked":["Tiny House","Runic Dome"],"picked":"Empty Cage"}],"items_purged_floors":[12,27],"is_endless":false,"potions_floor_spawned":[14,16,19,22,24],"killed_by":"Cultist and Chosen","ascension_level":0}}