{"host":"g7sxcfouz24f0psv","time":1613857364,"event":{"mods":["Aspiration","BaseMod","Colored Powertips","Hermit","Highlight Path","Minty Spire (QoL Compilation)","Replay The Spire","StSLib","The Cursed","The Hierophant"],"gold_per_floor":[110,129,148,5,0,0,0,0,0,0,19,19,34,49,49,149,149,159,170,17,37,56,87,87,87,87,112,112,129,141,152,152,152,152],"floor_reached":33,"language":"ENG","playtime":2811,"items_purged":["Strike_G"],"score":295,"play_id":"0c8c94a4-64b0-453a-9aa7-0b995904f806","local_time":"20210220224244","is_ascension_mode":true,"campfire_choices":[{"data":"Tactician","floor":6,"key":"SMITH"},{"data":"Footwork","floor":8,"key":"SMITH"},{"data":"Neutralize","floor":10,"key":"SMITH"},{"floor":15,"key":"REST"},{"floor":24,"key":"REST"},{"floor":28,"key":"REST"},{"floor":32,"key":"REST"}],"circlet_count":0,"master_deck":["Strike_G","Strike_G","Strike_G","Strike_G","Defend_G","Defend_G","Defend_G","Defend_G","Defend_G","Survivor","Neutralize+1","Flying Knee","Acrobatics","Caltrops","Footwork+1","Tactician+1","Injury","Escape Plan+1","Prepared+1","Backstab","Glass Knife","Dagger Spray","All Out Attack","Escape Plan+1","Noxious Fumes","Slice","Dagger Spray","Adrenaline+1","Deadly Poison+1","Flying Knee+1","Dagger Spray","Escape Plan+1","All Out Attack"],"relics":["Ring of the Snake","Toxic Egg 2","ReplayTheSpireMod:Shallot","Sozu","Quantum Egg","Replay:Bottled Snecko","Divine Protection"],"acts_visited":["Exordium","TheCity"],"potions_floor_usage":[16,16],"damage_taken":[{"damage":0,"enemies":"2 Louse","floor":1,"turns":4},{"damage":0,"enemies":"Small Slimes","floor":2,"turns":4},{"damage":4,"enemies":"Cultist","floor":3,"turns":4},{"damage":5,"enemies":"Looter","floor":5,"turns":4},{"damage":14,"enemies":"Exordium Thugs","floor":11,"turns":7},{"damage":14,"enemies":"Lots of Slimes","floor":13,"turns":6},{"damage":0,"enemies":"3 Louse","floor":14,"turns":5},{"damage":73,"enemies":"Slime Boss","floor":16,"turns":22},{"damage":2,"enemies":"Shell Parasite","floor":18,"turns":8},{"damage":1,"enemies":"2 Thieves","floor":19,"turns":4},{"damage":10,"enemies":"Chosen and Byrds","floor":21,"turns":6},{"damage":18,"enemies":"Snake Plant","floor":22,"turns":4},{"damage":23,"enemies":"Slavers","floor":23,"turns":5},{"damage":50,"enemies":"Gremlin Leader","floor":27,"turns":8},{"damage":2,"enemies":"Shelled Parasite and Fungi","floor":29,"turns":6},{"damage":3,"enemies":"Snecko","floor":30,"turns":5},{"damage":13,"enemies":"Snake Plant","floor":31,"turns":4},{"damage":65,"enemies":"Champ","floor":33,"turns":10}],"seed_played":"786494226696351341","potions_obtained":[{"floor":1,"key":"GhostInAJar"},{"floor":3,"key":"Weak Potion"},{"floor":13,"key":"FairyPotion"}],"is_trial":false,"path_per_floor":["M","M","M","$","M","R","?","R","T","R","M","?","M","M","R","B",null,"M","M","$","M","M","E","R","?","T","E","R","M","M","M","R","B"],"character_chosen":"THE_SILENT","items_purchased":["Footwork","Escape Plan+1","Noxious Fumes","Slice"],"campfire_rested":4,"item_purchase_floors":[4,20,20,20],"current_hp_per_floor":[77,77,73,73,68,68,68,68,68,68,54,54,40,40,63,13,77,75,74,74,64,46,23,46,71,71,21,44,42,39,26,49,0,0],"gold":152,"neow_bonus":"TEN_PERCENT_HP_BONUS","is_daily":false,"chose_seed":false,"campfire_upgraded":3,"win_rate":0.0,"timestamp":1613857364,"path_taken":["M","M","M","$","M","R","?","R","T","R","M","?","M","M","R","BOSS","M","M","$","M","M","E","R","?","T","E","R","M","M","M","R","BOSS"],"items_purchased_type":["Card","Card","Card","Card"],"build_version":"2020-12-22","purchased_purges":1,"victory":false,"max_hp_per_floor":[77,77,77,77,77,77,77,77,77,77,77,77,77,77,77,77,77,77,77,77,77,77,77,77,77,77,77,77,77,77,77,77,77,77],"card_choices":[{"not_picked":["Catalyst","Sucker Punch"],"picked":"Flying Knee","floor":1},{"not_picked":["PiercingWail","Deadly Poison"],"picked":"Acrobatics","floor":2},{"not_picked":["Leg Sweep","Dash"],"picked":"Caltrops","floor":3},{"not_picked":["ReplayTheSpireMod:Shiv Toss","Sucker Punch"],"picked":"Tactician","floor":5},{"not_picked":["Blade Dance+1","ReplayTheSpireMod:Shiv Toss+1"],"picked":"Escape Plan+1","floor":11},{"not_picked":["Calculated Gamble+1","Finisher"],"picked":"Prepared+1","floor":13},{"not_picked":["Crippling Poison+1","Sneak Up+1"],"picked":"Backstab","floor":14},{"not_picked":["A Thousand Cuts","Wraith Form v2"],"picked":"Glass Knife","floor":16},{"not_picked":["Bane+1","Hidden Blade+1"],"picked":"Dagger Spray","floor":18},{"not_picked":["ReplayTheSpireMod:Speed Training+1","Hidden Blade+1"],"picked":"All Out Attack","floor":19},{"not_picked":["Hidden Blade+1","Terror+1"],"picked":"Dagger Spray","floor":21},{"not_picked":["Slice+1","Crippling Poison+1"],"picked":"Adrenaline+1","floor":22},{"not_picked":["Blade Dance+1","Bouncing Flask+1"],"picked":"Deadly Poison+1","floor":23},{"not_picked":["Sneak Up+1","Dagger Spray+1"],"picked":"Flying Knee+1","floor":27},{"not_picked":["Blade Dance+1","Outmaneuver+1"],"picked":"Dagger Spray","floor":29},{"not_picked":["Flechettes","All Out Attack"],"picked":"Escape Plan+1","floor":30},{"not_picked":["Blade Dance+1","Atom Bomb"],"picked":"All Out Attack","floor":31}],"player_experience":85759,"relics_obtained":[{"floor":9,"key":"ReplayTheSpireMod:Shallot"},{"floor":23,"key":"Quantum Egg"},{"floor":26,"key":"Replay:Bottled Snecko"},{"floor":27,"key":"Divine Protection"}],"event_choices":[{"damage_healed":0,"gold_gain":0,"player_choice":"Ignored","damage_taken":0,"max_hp_gain":0,"max_hp_loss":0,"event_name":"Liars Game","floor":12,"gold_loss":0},{"damage_healed":25,"gold_gain":0,"player_choice":"Heal","damage_taken":0,"max_hp_gain":0,"max_hp_loss":0,"event_name":"The Library","floor":25,"gold_loss":0}],"is_beta":false,"boss_relics":[{"not_picked":["Philosopher\u0027s Stone","SacredBark"],"picked":"Sozu"}],"items_purged_floors":[4],"is_endless":false,"potions_floor_spawned":[1,3,13,19,21,23,27,29],"killed_by":"Champ","ascension_level":1}}