{"host":"wmojtwekh6s3tor5","time":1613791801,"event":{"mods":["BaseMod","Colored Map","Colored Powertips","DeckTracker","Highlight Path","Minty Spire (QoL Compilation)","Quick Restart","StSLib"],"gold_per_floor":[118,118,132,143,161,161,161,180,180,198,223,236,236,236,236,334,334,334,334],"floor_reached":18,"language":"ZHS","playtime":1037,"items_purged":[],"score":213,"play_id":"a9544030-ba5e-4dee-a1ad-2cd36fb4f3c4","local_time":"20210220113001","is_ascension_mode":true,"campfire_choices":[{"data":"Eruption","floor":6.0,"key":"SMITH"},{"data":"Adaptation","floor":13.0,"key":"SMITH"},{"data":"ClearTheMind","floor":15.0,"key":"SMITH"}],"circlet_count":0,"master_deck":["Strike_P","Strike_P","Strike_P","Strike_P","Defend_P","Defend_P","Defend_P","Defend_P","Eruption+1","Vigilance","EmptyBody","ClearTheMind+1","Adaptation+1","Halt+1","Judgement+1","CurseOfTheBell"],"relics":["PureWater","InkBottle","Toxic Egg 2","Dream Catcher","Calling Bell","Damaru","Molten Egg 2","Ginger"],"acts_visited":["Exordium","TheCity"],"potions_floor_usage":[],"damage_taken":[{"damage":0.0,"enemies":"2 Louse","floor":1.0,"turns":4.0},{"damage":2.0,"enemies":"Jaw Worm","floor":3.0,"turns":3.0},{"damage":0.0,"enemies":"Small Slimes","floor":4.0,"turns":2.0},{"damage":0.0,"enemies":"3 Louse","floor":5.0,"turns":4.0},{"damage":0.0,"enemies":"Looter","floor":8.0,"turns":3.0},{"damage":1.0,"enemies":"Gremlin Gang","floor":10.0,"turns":3.0},{"damage":24.0,"enemies":"Lagavulin","floor":11.0,"turns":8.0},{"damage":1.0,"enemies":"Blue Slaver","floor":12.0,"turns":4.0},{"damage":22.0,"enemies":"Slime Boss","floor":16.0,"turns":12.0},{"damage":29,"enemies":"3 Byrds","floor":18,"turns":3}],"seed_played":"1368238931651225123","potions_obtained":[{"floor":3.0,"key":"Strength Potion"},{"floor":8.0,"key":"DistilledChaos"},{"floor":10.0,"key":"CultistPotion"}],"is_trial":false,"path_per_floor":["M","?","M","M","M","R","?","M","T","M","E","M","R","?","R","B",null,"M"],"character_chosen":"WATCHER","items_purchased":[],"campfire_rested":0,"item_purchase_floors":[],"current_hp_per_floor":[65,53,51,51,51,51,51,51,51,50,26,25,25,25,25,3,55,26,26],"gold":334,"neow_bonus":"THREE_CARDS","is_daily":false,"chose_seed":false,"campfire_upgraded":3,"win_rate":0.0,"timestamp":1613791801,"path_taken":["M","?","M","M","M","R","?","M","T","M","E","M","R","?","R","BOSS","M"],"items_purchased_type":[],"build_version":"2020-12-22","purchased_purges":0,"victory":false,"max_hp_per_floor":[72,72,72,72,72,72,72,72,72,72,72,72,72,72,72,72,72,72,72],"card_choices":[{"not_picked":["Halt","SashWhip"],"picked":"EmptyBody","floor":0.0},{"not_picked":["Prostrate","Study","Evaluate"],"picked":"SKIP","floor":1.0},{"not_picked":["Fasting2","Consecrate","Weave"],"picked":"SKIP","floor":3.0},{"not_picked":["Protect","JustLucky","CrushJoints"],"picked":"SKIP","floor":4.0},{"not_picked":["ThirdEye","Worship","Prostrate"],"picked":"SKIP","floor":5.0},{"not_picked":["SashWhip","FlyingSleeves"],"picked":"ClearTheMind","floor":8.0},{"not_picked":["Brilliance","TalkToTheHand","WindmillStrike"],"picked":"SKIP","floor":10.0},{"not_picked":["DevaForm","Omniscience+1"],"picked":"Adaptation","floor":11.0},{"not_picked":["Evaluate+1","ThirdEye+1"],"picked":"Halt+1","floor":12.0},{"not_picked":["Brilliance","Blasphemy+1"],"picked":"Judgement+1","floor":16.0}],"player_experience":685805,"relics_obtained":[{"floor":9.0,"key":"Toxic Egg 2"},{"floor":11.0,"key":"Dream Catcher"},{"floor":17,"key":"Damaru"},{"floor":17,"key":"Molten Egg 2"},{"floor":17,"key":"Ginger"}],"event_choices":[{"damage_healed":0.0,"max_hp_gain":0.0,"max_hp_loss":0.0,"gold_gain":0.0,"event_name":"Scrap Ooze","player_choice":"Success","floor":2.0,"gold_loss":0.0,"damage_taken":12.0,"relics_obtained":["InkBottle"]},{"damage_healed":0.0,"max_hp_gain":0.0,"max_hp_loss":0.0,"gold_gain":0.0,"event_name":"Golden Idol","player_choice":"Ignored","floor":7.0,"gold_loss":0.0,"damage_taken":0.0},{"damage_healed":0.0,"max_hp_gain":0.0,"max_hp_loss":0.0,"gold_gain":0.0,"event_name":"Liars Game","player_choice":"Ignored","floor":14.0,"gold_loss":0.0,"damage_taken":0.0}],"is_beta":false,"boss_relics":[{"not_picked":["Cursed Key","Fusion Hammer"],"picked":"Calling Bell"}],"items_purged_floors":[],"is_endless":false,"potions_floor_spawned":[3,8,10],"killed_by":"3 Byrds","ascension_level":6}}