{"host":"snwds314m19k249i","time":1613840774,"event":{"mods":["BaseMod","Colored Map","Minty Spire (QoL Compilation)","Shop Mod","StSLib","[IsaacMod]ÒÔÈö¼âËþ"],"gold_per_floor":[114,127,147,322,340,340,365,365],"floor_reached":7,"language":"ZHS","playtime":139,"items_purged":[],"score":45,"play_id":"98961735-86e9-47a4-8c68-c3de6bc01a70","local_time":"20210221010614","is_ascension_mode":true,"campfire_choices":[{"data":"Armaments","floor":6,"key":"SMITH"}],"circlet_count":0,"master_deck":["Strike_R","Strike_R","Strike_R","Strike_R","Strike_R","Defend_R","Defend_R","Defend_R","Defend_R","Bash","BettingIsNotGood","Whirlwind","Power Through","Doubt","Armaments+1"],"relics":["Burning Blood","HushsDoor","Damocles","NeowsBlessing","BlankCard","MealTicket","Oddly Smooth Stone","Pen Nib"],"acts_visited":["Exordium"],"potions_floor_usage":[5],"damage_taken":[{"damage":0,"enemies":"Cultist","floor":1,"turns":1},{"damage":0,"enemies":"2 Louse","floor":2,"turns":1},{"damage":0,"enemies":"Jaw Worm","floor":3,"turns":1},{"damage":0,"enemies":"Blue Slaver","floor":5,"turns":2},{"damage":12,"enemies":"Gremlin Nob","floor":7,"turns":2}],"seed_played":"-5584128700715921385","potions_obtained":[{"floor":2,"key":"Block Potion"},{"floor":5,"key":"SteroidPotion"}],"is_trial":false,"path_per_floor":["M","M","M","?","M","R","E"],"character_chosen":"IRONCLAD","items_purchased":[],"campfire_rested":0,"item_purchase_floors":[],"current_hp_per_floor":[80,80,80,80,80,80,0,0],"gold":365,"neow_bonus":"THREE_ENEMY_KILL","is_daily":false,"chose_seed":false,"campfire_upgraded":1,"win_rate":0.0,"timestamp":1613840774,"path_taken":["M","M","M","?","M","R","E"],"items_purchased_type":[],"build_version":"2020-12-22","purchased_purges":0,"victory":false,"max_hp_per_floor":[80,80,80,80,80,80,80,80],"card_choices":[{"not_picked":[],"picked":"BettingIsNotGood","floor":0},{"not_picked":["Flex","Heavy Blade"],"picked":"Whirlwind","floor":1},{"not_picked":["Warcry","Juggernaut"],"picked":"Bomb","floor":2},{"not_picked":["Body Slam","Thunderclap"],"picked":"Power Through","floor":3},{"not_picked":["True Grit","Body Slam"],"picked":"Armaments","floor":5}],"player_experience":20198,"relics_obtained":[{"floor":1,"key":"BlankCard"},{"floor":2,"key":"MealTicket"},{"floor":3,"key":"Oddly Smooth Stone"},{"floor":5,"key":"Pen Nib"}],"event_choices":[{"damage_healed":0,"gold_gain":175,"player_choice":"AGREE","damage_taken":0,"max_hp_gain":0,"max_hp_loss":0,"event_name":"Liars Game","floor":4,"gold_loss":0,"cards_obtained":["Doubt"]}],"is_beta":false,"boss_relics":[],"items_purged_floors":[],"is_endless":false,"potions_floor_spawned":[2,5],"killed_by":"Gremlin Nob","ascension_level":1}}