{"host":"29uuqgkzqd703i93","time":1613851188,"event":{"mods":["BaseMod","Colored Powertips","Minty Spire (QoL Compilation)"],"gold_per_floor":[111,111,111,126,144,144,178,178,204,204,159,124,142,66,66,166,166,185,110,110,124,142,142,142,95,95,95,125,125,125,136,136,234,234,251,267,267,291,92,125,125,125,125,125,138,158,158,171,171,171,171],"floor_reached":50,"language":"ENG","playtime":3816,"items_purged":[],"score":511,"play_id":"25c51dc1-dd49-4fa7-b57a-d0475507e430","local_time":"20210220205948","is_ascension_mode":false,"campfire_choices":[{"floor":6,"key":"REST"},{"floor":8,"key":"REST"},{"floor":10,"key":"REST"},{"data":"Envenom","floor":15,"key":"SMITH"},{"floor":23,"key":"REST"},{"floor":27,"key":"REST"},{"floor":30,"key":"REST"},{"floor":32,"key":"REST"},{"floor":41,"key":"REST"},{"floor":44,"key":"REST"},{"floor":49,"key":"REST"}],"circlet_count":0,"master_deck":["Strike_G","Strike_G","Strike_G","Defend_G","Defend_G","Defend_G","Defend_G","Defend_G","Survivor","Neutralize","Crippling Poison+1","Leg Sweep","Leg Sweep","Poisoned Stab","Dash","Dodge and Roll","Envenom+1","Footwork","Dagger Spray","Bouncing Flask","Die Die Die","Prepared","Dodge and Roll","Noxious Fumes","PiercingWail","Poisoned Stab","Distraction","Outmaneuver","Die Die Die+1","Deadly Poison","Deflect","Slice+1","Dagger Spray+1","The Bomb","Outmaneuver","Madness","Madness","Blur","Catalyst+1","Flying Knee+1","Deadly Poison","Dagger Spray+1"],"relics":["Ring of the Snake","Prayer Wheel","Happy Flower","WingedGreaves","Bag of Marbles","Fusion Hammer","Enchiridion","Thread and Needle","Bottled Lightning","Molten Egg 2","SlaversCollar","Nunchaku","Strawberry","HornCleat"],"acts_visited":["Exordium","TheCity","TheBeyond"],"potions_floor_usage":[33,33,40,48,50,50,50,50,50],"damage_taken":[{"damage":0,"enemies":"Jaw Worm","floor":1,"turns":6},{"damage":3,"enemies":"2 Louse","floor":4,"turns":3},{"damage":0,"enemies":"Small Slimes","floor":5,"turns":4},{"damage":45,"enemies":"Gremlin Nob","floor":7,"turns":8},{"damage":11,"enemies":"Exordium Wildlife","floor":13,"turns":7},{"damage":2,"enemies":"The Guardian","floor":16,"turns":11},{"damage":7,"enemies":"Shell Parasite","floor":18,"turns":6},{"damage":9,"enemies":"3 Byrds","floor":21,"turns":5},{"damage":11,"enemies":"Snake Plant","floor":22,"turns":7},{"damage":17,"enemies":"Slavers","floor":28,"turns":5},{"damage":7,"enemies":"Shelled Parasite and Fungi","floor":31,"turns":5},{"damage":12,"enemies":"Collector","floor":33,"turns":10},{"damage":7,"enemies":"3 Darklings","floor":35,"turns":4},{"damage":0,"enemies":"3 Shapes","floor":36,"turns":1},{"damage":15,"enemies":"Reptomancer","floor":40,"turns":7},{"damage":20,"enemies":"Jaw Worm Horde","floor":45,"turns":2},{"damage":9,"enemies":"Sphere and 2 Shapes","floor":46,"turns":5},{"damage":10,"enemies":"Transient","floor":48,"turns":5},{"damage":86,"enemies":"Time Eater","floor":50,"turns":12}],"seed_played":"-1674029252711054256","potions_obtained":[{"floor":5,"key":"Poison Potion"},{"floor":16,"key":"Weak Potion"},{"floor":21,"key":"GamblersBrew"},{"floor":22,"key":"Block Potion"},{"floor":35,"key":"PowerPotion"},{"floor":36,"key":"Swift Potion"},{"floor":46,"key":"Fire Potion"},{"floor":48,"key":"EntropicBrew"}],"is_trial":false,"path_per_floor":["M","?","?","M","M","R","E","R","T","R","?","?","M","$","R","B",null,"M","?","?","M","M","R","?","$","T","R","E","?","R","M","R","B",null,"M","M","?","T","$","E","R","?","T","R","M","M","?","M","R","B"],"character_chosen":"THE_SILENT","items_purchased":["Bouncing Flask","Outmaneuver","The Bomb","Outmaneuver"],"campfire_rested":10,"item_purchase_floors":[14,25,39,39],"current_hp_per_floor":[63,63,38,35,35,53,8,26,26,44,44,59,48,48,48,46,63,56,56,56,47,36,54,38,38,38,56,39,39,57,50,63,51,63,56,56,56,56,56,48,69,60,60,70,50,41,41,31,52,0,0],"gold":171,"neow_bonus":"ONE_RARE_RELIC","is_daily":false,"chose_seed":false,"campfire_upgraded":1,"win_rate":0.0,"timestamp":1613851188,"path_taken":["M","?","?","M","M","R","E","R","T","R","?","?","M","$","R","BOSS","M","?","?","M","M","R","?","$","T","R","E","?","R","?","R","BOSS","M","M","?","?","$","E","R","?","T","R","M","?","?","M","R","BOSS"],"items_purchased_type":["Card","Card","Card","Card"],"build_version":"2020-12-22","purchased_purges":0,"victory":false,"max_hp_per_floor":[63,63,63,63,63,63,63,63,63,63,63,63,63,63,63,63,63,63,63,63,63,63,63,63,63,63,63,63,63,63,63,63,63,63,63,63,63,63,63,70,70,70,70,70,70,70,70,70,70,70,70],"card_choices":[{"not_picked":["Slice","Reflex"],"picked":"Crippling Poison","floor":1},{"not_picked":["Distraction","Deflect"],"picked":"Leg Sweep","floor":1},{"not_picked":["Eviscerate","Backflip"],"picked":"Poisoned Stab","floor":4},{"not_picked":["Bane","All Out Attack"],"picked":"Dash","floor":4},{"not_picked":["Glass Knife","Terror"],"picked":"Dodge and Roll","floor":5},{"not_picked":["Poisoned Stab","Dodge and Roll","Backflip"],"picked":"SKIP","floor":5},{"not_picked":["Dagger Spray","Backflip"],"picked":"Envenom","floor":7},{"not_picked":["Underhanded Strike","Dash"],"picked":"Footwork","floor":13},{"not_picked":["Expertise","Underhanded Strike"],"picked":"Dagger Spray","floor":13},{"not_picked":["Venomology","Doppelganger"],"picked":"Die Die Die","floor":16},{"not_picked":["Underhanded Strike","Dagger Spray"],"picked":"Prepared","floor":18},{"not_picked":["Cloak And Dagger","Acrobatics"],"picked":"Dodge and Roll","floor":18},{"not_picked":["Acrobatics","Tactician"],"picked":"PiercingWail","floor":21},{"not_picked":["Reflex","Dagger Throw+1","Phantasmal Killer"],"picked":"SKIP","floor":21},{"not_picked":["Skewer","Predator+1"],"picked":"Poisoned Stab","floor":22},{"not_picked":["Blade Dance","Cloak And Dagger+1"],"picked":"Distraction","floor":22},{"not_picked":["Sucker Punch","Envenom","Underhanded Strike"],"picked":"SKIP","floor":28},{"not_picked":["Infinite Blades","Underhanded Strike+1","Bane+1"],"picked":"SKIP","floor":31},{"not_picked":["Dagger Throw+1","PiercingWail+1","Acrobatics"],"picked":"SKIP","floor":31},{"not_picked":["Bullet Time","Phantasmal Killer"],"picked":"Die Die Die+1","floor":33},{"not_picked":["Poisoned Stab+1","Underhanded Strike+1"],"picked":"Deadly Poison","floor":35},{"not_picked":["PiercingWail","Heel Hook+1"],"picked":"Deflect","floor":35},{"not_picked":["Bane+1","Masterful Stab+1"],"picked":"Slice+1","floor":36},{"not_picked":["Slice+1","Heel Hook+1"],"picked":"Dagger Spray+1","floor":36},{"not_picked":["All Out Attack+1","Footwork","Endless Agony+1"],"picked":"SKIP","floor":40},{"not_picked":["Acrobatics+1","Infinite Blades"],"picked":"Blur","floor":45},{"not_picked":["Poisoned Stab+1","Blade Dance"],"picked":"Catalyst+1","floor":45},{"not_picked":["Prepared","Grand Finale+1"],"picked":"Flying Knee+1","floor":46},{"not_picked":["Backflip+1","Blade Dance+1"],"picked":"Deadly Poison","floor":46},{"not_picked":["Masterful Stab+1","Concentrate+1"],"picked":"Dagger Spray+1","floor":48},{"not_picked":["Dagger Throw+1","Blade Dance+1","Masterful Stab+1"],"picked":"SKIP","floor":48}],"player_experience":132501,"relics_obtained":[{"floor":7,"key":"WingedGreaves"},{"floor":9,"key":"Bag of Marbles"},{"floor":24,"key":"Enchiridion"},{"floor":26,"key":"Thread and Needle"},{"floor":28,"key":"Bottled Lightning"},{"floor":38,"key":"Nunchaku"},{"floor":40,"key":"Strawberry"},{"floor":43,"key":"HornCleat"}],"event_choices":[{"damage_healed":0,"gold_gain":0,"cards_transformed":["Strike_G"],"player_choice":"Change","damage_taken":0,"max_hp_gain":0,"max_hp_loss":0,"event_name":"Living Wall","floor":2,"gold_loss":0,"cards_obtained":["Leg Sweep"]},{"damage_healed":0,"gold_gain":0,"player_choice":"Success","damage_taken":25,"relics_obtained":["Happy Flower"],"max_hp_gain":0,"max_hp_loss":0,"event_name":"Scrap Ooze","floor":3,"gold_loss":0},{"damage_healed":0,"gold_gain":0,"player_choice":"Left Gold","damage_taken":0,"max_hp_gain":0,"max_hp_loss":0,"event_name":"World of Goop","floor":11,"gold_loss":45},{"damage_healed":15,"gold_gain":0,"player_choice":"Healed","damage_taken":0,"max_hp_gain":0,"max_hp_loss":0,"event_name":"The Cleric","floor":12,"gold_loss":35},{"cards_removed":["Strike_G"],"damage_healed":0,"gold_gain":0,"player_choice":"Gave Gold","damage_taken":0,"max_hp_gain":0,"max_hp_loss":0,"event_name":"Beggar","floor":19,"gold_loss":75},{"damage_healed":0,"gold_gain":0,"player_choice":"Read","damage_taken":0,"max_hp_gain":0,"max_hp_loss":0,"event_name":"The Library","floor":20,"gold_loss":0,"cards_obtained":["Noxious Fumes"]},{"damage_healed":0,"gold_gain":0,"player_choice":"Obtained Book","damage_taken":16,"max_hp_gain":0,"max_hp_loss":0,"event_name":"Cursed Tome","floor":24,"gold_loss":0},{"damage_healed":0,"gold_gain":0,"player_choice":"Opened","damage_taken":0,"relics_obtained":["Molten Egg 2"],"max_hp_gain":0,"max_hp_loss":0,"event_name":"The Mausoleum","floor":29,"gold_loss":0},{"damage_healed":0,"gold_gain":0,"player_choice":"Ignored","damage_taken":0,"max_hp_gain":0,"max_hp_loss":0,"event_name":"Tomb of Lord Red Mask","floor":37,"gold_loss":0},{"damage_healed":0,"gold_gain":0,"player_choice":"Embrace Madness","damage_taken":9,"max_hp_gain":0,"max_hp_loss":0,"event_name":"Winding Halls","floor":42,"gold_loss":0,"cards_obtained":["Madness","Madness"]},{"damage_healed":0,"gold_gain":0,"player_choice":"Upgraded","damage_taken":0,"max_hp_gain":0,"max_hp_loss":0,"event_name":"Upgrade Shrine","floor":47,"gold_loss":0,"cards_upgraded":["Crippling Poison"]}],"is_beta":false,"boss_relics":[{"not_picked":["Snecko Eye","Pandora\u0027s Box"],"picked":"Fusion Hammer"},{"not_picked":["Velvet Choker","Empty Cage"],"picked":"SlaversCollar"}],"items_purged_floors":[],"is_endless":false,"potions_floor_spawned":[5,16,21,22,31,35,36,46,48],"killed_by":"Time Eater","ascension_level":0}}