{"host":"h23hlq20ir8sps7h","time":1613857893,"event":{"mods":["Act Like it!","Aspiration","BaseMod","BetterRewards","Colored Map","Conspire","Energized Spire","Friendly Minions","GifTheSpireLib","Halation","Hubris","Ironclad Rager","Minty Spire (QoL Compilation)","Permanent Neow","Prisma Mod","Quarter Circle Forward PUNCH!","Quick Restart","Railgun Mod","Remilia??????","Replay The Spire","SCP261 Mod","Shop Mod","Spikes Relics","StSLib","Stuff the Spire","The Animator","The Hierophant","The Problem Sleuth","The Runesmith","The Sage","Trackpad","Wandering Minibosses"],"gold_per_floor":[115,115,127,146,159,159,171,171,197,215,244,244,263,282,282,381,381,399,399,498,511,368,401,401,414,462,477,497,497,21,39,39,141,241,253,268,268,268,268,297,310,310,363,363,393,403,428,428,428,428,428],"floor_reached":50,"language":"ENG","playtime":2821,"items_purged":["TheRailgun:Discharge"],"score":631,"play_id":"4de5d88a-99c6-42ec-b006-f05ecd67f62a","local_time":"20210220135133","is_ascension_mode":false,"campfire_choices":[{"floor":6,"key":"RECALL"},{"data":"TheRailgun:Iron_Dust_Field","floor":12,"key":"SMITH"},{"data":"TheRailgun:Supercharge","floor":15,"key":"SMITH"},{"data":"TheRailgun:Battery_Pack","floor":24,"key":"SMITH"},{"data":"TheRailgun:Electrical_Fire","floor":29,"key":"SMITH"},{"data":"Madness","floor":42,"key":"SMITH"},{"floor":49,"key":"REST"}],"circlet_count":0,"master_deck":["TheRailgun:Strike","TheRailgun:Strike","TheRailgun:Strike","TheRailgun:Strike","TheRailgun:Defend","TheRailgun:Defend","TheRailgun:Defend","TheRailgun:Static+1","TheRailgun:Zip+1","TheRailgun:Coin_Flip","TheRailgun:Electrical_Fire+1","TheRailgun:Stun_Shock+1","TheRailgun:Supercharge+1","TheRailgun:Lightning_Speed+1","TheRailgun:Iron_Dust_Field+1","TheRailgun:Battery_Pack+1","TheRailgun:Heroinism+1","StuffTheSpire:BrainWave","TheRailgun:Electric_Fence+1","TheRailgun:Coin_Flip+1","TheRailgun:Iron_Dust_Field+1","Madness+1","Madness","TheRailgun:Sister_Noise+1","TheRailgun:Iron_Dust_Shield+1","TheRailgun:Lightning_Speed+1"],"relics":["TheRailgun:CoinRelic","Vajra","StuffTheSpire:GrapeVine","Toy Ornithopter","conspire:SpecialSausage","Lantern","trackpad:Mousetrap","StuffTheSpire:Experiment12","Guide Book","StuffTheSpire:EmeraldSignet","Replay:Wanted Poster","halation:PapillonHeart","Mercury Hourglass","SnailShell","Orichalcum","MealTicket"],"acts_visited":["Exordium","TheCity","TheBeyond"],"potions_floor_usage":[23,23],"damage_taken":[{"damage":0,"enemies":"2 Louse","floor":1,"turns":2},{"damage":0,"enemies":"Jaw Worm","floor":3,"turns":2},{"damage":0,"enemies":"Small Slimes","floor":4,"turns":1},{"damage":0,"enemies":"Blue Slaver","floor":5,"turns":3},{"damage":0,"enemies":"Large Slime","floor":7,"turns":2},{"damage":4,"enemies":"3 Louse","floor":10,"turns":2},{"damage":2,"enemies":"Lagavulin","floor":11,"turns":4},{"damage":11,"enemies":"Exordium Wildlife","floor":13,"turns":5},{"damage":0,"enemies":"Large Slime","floor":14,"turns":3},{"damage":5,"enemies":"Slime Boss","floor":16,"turns":7},{"damage":20,"enemies":"3 Byrds","floor":18,"turns":3},{"damage":20,"enemies":"2 Thieves","floor":21,"turns":4},{"damage":0,"enemies":"conspire:Head Lice","floor":23,"turns":4},{"damage":8,"enemies":"Snake Plant","floor":25,"turns":2},{"damage":1,"enemies":"Centurion and Healer","floor":27,"turns":4},{"damage":0,"enemies":"Sentry and Sphere","floor":28,"turns":2},{"damage":0,"enemies":"Snecko","floor":31,"turns":3},{"damage":18,"enemies":"Collector","floor":33,"turns":7},{"damage":0,"enemies":"3 Shapes","floor":35,"turns":2},{"damage":8,"enemies":"Orb Walker","floor":36,"turns":2},{"damage":19,"enemies":"R_Hoarder","floor":40,"turns":5},{"damage":2,"enemies":"Transient","floor":41,"turns":5},{"damage":8,"enemies":"Nemesis","floor":45,"turns":5},{"damage":2,"enemies":"Maw","floor":46,"turns":5},{"damage":0,"enemies":"Reptomancer","floor":47,"turns":5},{"damage":46,"enemies":"Donu and Deca","floor":50,"turns":5}],"seed_played":"-4758035937273055307","potions_obtained":[{"floor":1,"key":"SmokeBomb"},{"floor":4,"key":"Regen Potion"},{"floor":7,"key":"Fire Potion"},{"floor":23,"key":"SpeedPotion"},{"floor":25,"key":"FearPotion"}],"is_trial":false,"path_per_floor":["M","?","M","M","M","R","M","T","T","M","E","R","M","M","R","B",null,"M","?","?","M","$","E","R","M","T","M","M","R","$","M","R_BF","B",null,"M","M","?","?","?","E","M","R","T","?","E","M","E","?","R","B"],"character_chosen":"THE_DEFAULT","items_purchased":["Lantern","Guide Book","StuffTheSpire:EmeraldSignet"],"campfire_rested":1,"item_purchase_floors":[22,30,30],"current_hp_per_floor":[70,70,70,70,70,70,70,70,70,66,64,64,53,53,53,48,70,50,35,35,15,15,37,37,29,29,28,28,28,28,28,49,33,70,70,62,53,53,53,34,32,32,32,12,4,4,8,15,34,0,0],"gold":428,"neow_bonus":"RANDOM_COMMON_RELIC","is_daily":false,"chose_seed":false,"campfire_upgraded":5,"win_rate":0.0,"timestamp":1613857893,"path_taken":["M","?","M","M","M","R","M","?","T","M","E","R","M","M","R","BOSS","M","?","?","M","$","E","R","M","T","M","M","R","$","M","R_BF","BOSS","M","M","?","?","?","E","?","R","T","?","E","M","E","?","R","BOSS"],"items_purchased_type":["Relic","Relic","Relic"],"build_version":"2020-12-22","purchased_purges":1,"victory":false,"max_hp_per_floor":[70,70,70,70,70,70,70,70,70,70,70,70,70,70,70,70,70,70,70,70,70,70,70,70,70,70,70,70,70,70,70,70,70,70,70,70,70,66,66,66,66,66,66,66,66,66,66,66,66,66,66],"card_choices":[{"not_picked":["TheRailgun:Electrical_Storm","TheRailgun:Discharge"],"picked":"TheRailgun:Coin_Flip","floor":1},{"not_picked":["TheRailgun:Discharge","TheRailgun:Negative_Field"],"picked":"TheRailgun:Electrical_Fire","floor":3},{"not_picked":["TheRailgun:Crackle","TheRailgun:Spark","TheRailgun:Mental_Out"],"picked":"SKIP","floor":4},{"not_picked":["TheRailgun:Charge","TheRailgun:Thundershock"],"picked":"TheRailgun:Stun_Shock","floor":5},{"not_picked":["TheRailgun:Thundershock","TheRailgun:Crack"],"picked":"TheRailgun:Supercharge","floor":7},{"not_picked":["TheRailgun:Stun_Shock","TheRailgun:Charge"],"picked":"TheRailgun:Lightning_Speed","floor":10},{"not_picked":["TheRailgun:Gekotamania","TheRailgun:Negative_Field"],"picked":"TheRailgun:Iron_Dust_Field","floor":11},{"not_picked":["TheRailgun:Positive_Field","TheRailgun:Static","TheRailgun:Hypercharge"],"picked":"SKIP","floor":13},{"not_picked":["TheRailgun:Positive_Field","TheRailgun:Electrical_Fire"],"picked":"TheRailgun:Battery_Pack","floor":14},{"not_picked":["TheRailgun:Gekota_Phone","TheRailgun:Pull"],"picked":"TheRailgun:Heroinism+1","floor":18},{"not_picked":["TheRailgun:Crack+1","TheRailgun:Spark","TheRailgun:Static"],"picked":"SKIP","floor":21},{"not_picked":["TheRailgun:Magnetic_Movement+1","TheRailgun:Thundershock"],"picked":"TheRailgun:Electric_Fence+1","floor":23},{"not_picked":["TheRailgun:Recharge","TheRailgun:Positive_Field"],"picked":"TheRailgun:Coin_Flip+1","floor":25},{"not_picked":["TheRailgun:Oneesama+1","TheRailgun:Negative_Field"],"picked":"TheRailgun:Iron_Dust_Field+1","floor":27},{"not_picked":["TheRailgun:Electrical_Fire+1","TheRailgun:Teleporter+1","TheRailgun:Crackle+1"],"picked":"SKIP","floor":28},{"not_picked":["TheRailgun:Zap","TheRailgun:Gekota_Phone","TheRailgun:Negative_Field"],"picked":"SKIP","floor":31},{"not_picked":["TheRailgun:Gekotamania+1","TheRailgun:Electric_Fence","TheRailgun:Taser+1"],"picked":"SKIP","floor":35},{"not_picked":["TheRailgun:Positive_Field","TheRailgun:Hypercharge","TheRailgun:Aerial_Shot"],"picked":"SKIP","floor":36},{"not_picked":["TheRailgun:Hypercharge","TheRailgun:Magnetic_Movement+1","TheRailgun:Sister_Network"],"picked":"SKIP","floor":40},{"not_picked":["TheRailgun:Crackle","TheRailgun:Zap+1","TheRailgun:Thundershock+1"],"picked":"SKIP","floor":41},{"not_picked":["TheRailgun:Sister_Network+1","TheRailgun:Recharge+1"],"picked":"TheRailgun:Sister_Noise+1","floor":45},{"not_picked":["TheRailgun:Zip+1","TheRailgun:Discharge"],"picked":"TheRailgun:Iron_Dust_Shield+1","floor":46},{"not_picked":["TheRailgun:Crackle","TheRailgun:Charge"],"picked":"TheRailgun:Lightning_Speed+1","floor":47}],"player_experience":312375,"relics_obtained":[{"floor":9,"key":"StuffTheSpire:GrapeVine"},{"floor":11,"key":"Toy Ornithopter"},{"floor":23,"key":"trackpad:Mousetrap"},{"floor":26,"key":"StuffTheSpire:Experiment12"},{"floor":40,"key":"Mercury Hourglass"},{"floor":43,"key":"SnailShell"},{"floor":45,"key":"Orichalcum"},{"floor":47,"key":"MealTicket"}],"event_choices":[{"damage_healed":0,"gold_gain":99,"player_choice":"Stole From Cult","damage_taken":0,"max_hp_gain":0,"max_hp_loss":0,"event_name":"Nest","floor":20,"gold_loss":0},{"damage_healed":0,"gold_gain":0,"player_choice":"Embrace Madness","damage_taken":9,"max_hp_gain":0,"max_hp_loss":0,"event_name":"Winding Halls","floor":37,"gold_loss":0,"cards_obtained":["Madness","Madness"]},{"cards_removed":["TheRailgun:Defend"],"damage_healed":0,"gold_gain":0,"player_choice":"Removed Skill","damage_taken":0,"max_hp_gain":0,"max_hp_loss":0,"event_name":"Falling","floor":39,"gold_loss":0}],"is_beta":false,"boss_relics":[{"not_picked":["halation:Prosthetics","halation:PlatinumPhoenix"],"picked":"conspire:SpecialSausage"},{"not_picked":["Abe\u0027s Treasure","energizedSpire:OgreHead"],"picked":"Replay:Wanted Poster"}],"items_purged_floors":[30],"is_endless":false,"potions_floor_spawned":[1,4,7,13,14,23,25,28,33,35,36],"killed_by":"Donu and Deca","ascension_level":0}}