{"host":"df48i9djcn92c5sx","time":1613802433,"event":{"mods":["Act Like it!","Arknights","BaseMod","Decade(王小明)","Downfall","Gensokyo","Marisa（F雨　魔理沙）","Minty Spire (QoL Compilation)","READ ME - Guardian Mod","READ ME - Snecko Mod","Reimu（博丽灵梦）","Remilia（蕾米莉亚）","Shop Mod","StSLib","The Jungle","The Servant 0.9.4"],"gold_per_floor":[116,266,341,10,10,39,39,49,49,49,71,71,150,8,8,80,80,93,93,93,112,112,112,112,125,201,201,201,201],"floor_reached":28,"language":"ZHS","playtime":683,"items_purged":["Doubt","Strike_G"],"score":435,"play_id":"65d03a45-495d-4d86-94cc-e96e182f601b","local_time":"20210220142713","is_ascension_mode":true,"campfire_choices":[{"data":"Neutralize","floor":7,"key":"SMITH"},{"data":"Deadly Poison","floor":10,"key":"SMITH"},{"data":"A Thousand Cuts","floor":12,"key":"SMITH"},{"data":"Noxious Fumes","floor":15,"key":"SMITH"},{"floor":23,"key":"REST"},{"floor":27,"key":"REST"}],"circlet_count":0,"master_deck":["AscendersBane","Strike_G","Strike_G","Defend_G","Defend_G","Defend_G","Defend_G","Defend_G","Survivor","Neutralize+1","Leg Sweep","Blur","Night Terror","Deadly Poison+1","Backstab","Bane","A Thousand Cuts+1","Noxious Fumes+1","Doppelganger","Slice+1","Decay","Phantasmal Killer","Bouncing Flask","PiercingWail+1"],"relics":["Ring of the Snake","NeowsBlessing","TwistedFunnel","Shovel","White Beast Statue","Odd Mushroom","Molten Egg 2","bronze:MakeshiftBattery","Enchiridion","Toxic Egg 2"],"acts_visited":["Exordium","TheCity"],"potions_floor_usage":[18,21,21,25,28],"damage_taken":[{"damage":0.0,"enemies":"Jaw Worm","floor":1.0,"turns":1.0},{"damage":0,"enemies":"Lagavulin","floor":6,"turns":1},{"damage":0,"enemies":"2 Louse","floor":8,"turns":1},{"damage":11,"enemies":"The Mushroom Lair","floor":11,"turns":4},{"damage":21,"enemies":"Hexaghost","floor":16,"turns":11},{"damage":1,"enemies":"3 Byrds","floor":18,"turns":5},{"damage":18,"enemies":"Shell Parasite","floor":21,"turns":10},{"damage":30,"enemies":"Shelled Parasite and Fungi","floor":25,"turns":5},{"damage":33,"enemies":"Slavers","floor":28,"turns":2}],"seed_played":"-5377279556822351273","potions_obtained":[{"floor":11,"key":"FearPotion"},{"floor":16,"key":"EssenceOfSteel"},{"floor":18,"key":"FearPotion"},{"floor":20,"key":"GhostInAJar"},{"floor":20,"key":"LiquidMemories"},{"floor":21,"key":"ColorlessPotion"},{"floor":25,"key":"ColorlessPotion"}],"is_trial":false,"path_per_floor":["M","?","?","$","?","E","R","M","T","R","?","R","T","$","R","B",null,"M","?","?","M","?","R","?","M","T","R","E"],"character_chosen":"THE_SILENT","items_purchased":["TwistedFunnel","Leg Sweep","Noxious Fumes"],"campfire_rested":2,"item_purchase_floors":[4,4,14],"current_hp_per_floor":[59,59,48,48,48,48,48,48,48,48,37,37,37,37,37,16,54,53,53,53,39,18,37,37,7,7,26,0,0],"gold":201,"neow_bonus":"THREE_ENEMY_KILL","is_daily":false,"chose_seed":false,"campfire_upgraded":4,"win_rate":0.0,"timestamp":1613802433,"path_taken":["M","?","?","$","?","E","R","?","T","R","?","R","?","$","R","BOSS","M","?","?","?","?","R","?","M","T","R","E"],"items_purchased_type":["Relic","Card","Card"],"build_version":"2020-12-22","purchased_purges":2,"victory":false,"max_hp_per_floor":[66,66,66,66,66,66,66,66,66,66,66,66,66,66,66,66,66,66,66,66,66,66,66,66,66,66,66,66,66],"card_choices":[{"not_picked":["Flying Knee","Dodge and Roll","Outmaneuver"],"picked":"SKIP","floor":1.0},{"not_picked":["PiercingWail","Backflip"],"picked":"Backstab","floor":6},{"not_picked":["Outmaneuver","Terror"],"picked":"Bane","floor":8},{"not_picked":["Underhanded Strike","Outmaneuver"],"picked":"A Thousand Cuts","floor":11},{"not_picked":["Phantasmal Killer","A Thousand Cuts"],"picked":"Doppelganger","floor":16},{"not_picked":["Expertise","Reflex"],"picked":"Slice+1","floor":18},{"not_picked":["Accuracy","Prepared","Cloak And Dagger"],"picked":"SKIP","floor":21},{"not_picked":["Blade Dance","Finisher+1"],"picked":"PiercingWail+1","floor":25}],"player_experience":1596153,"relics_obtained":[{"floor":6,"key":"Shovel"},{"floor":9,"key":"White Beast Statue"},{"floor":11,"key":"Odd Mushroom"},{"floor":13,"key":"Molten Egg 2"},{"floor":22,"key":"Enchiridion"},{"floor":26,"key":"Toxic Egg 2"}],"event_choices":[{"damage_healed":0.0,"max_hp_gain":0.0,"max_hp_loss":0.0,"gold_gain":150.0,"event_name":"Liars Game","player_choice":"AGREE","floor":2.0,"gold_loss":0.0,"damage_taken":0.0,"cards_obtained":["Doubt"]},{"damage_healed":0.0,"max_hp_gain":0.0,"max_hp_loss":0.0,"gold_gain":75.0,"event_name":"World of Goop","player_choice":"Gather Gold","floor":3.0,"gold_loss":0.0,"damage_taken":11.0},{"damage_healed":0,"gold_gain":0,"player_choice":"3 cards matched","damage_taken":0,"max_hp_gain":0,"max_hp_loss":0,"event_name":"Match and Keep!","floor":5,"gold_loss":0,"cards_obtained":["Blur","Night Terror","Deadly Poison"]},{"damage_healed":0,"gold_gain":0,"player_choice":"Fought Mushrooms","damage_taken":0,"max_hp_gain":0,"max_hp_loss":0,"event_name":"Mushrooms","floor":11,"gold_loss":0},{"damage_healed":0,"gold_gain":0,"player_choice":"Smashed Altar","damage_taken":0,"max_hp_gain":0,"max_hp_loss":0,"event_name":"Forgotten Altar","floor":19,"gold_loss":0,"cards_obtained":["Decay"]},{"damage_healed":0,"gold_gain":0,"player_choice":"Got Potions","damage_taken":0,"max_hp_gain":0,"max_hp_loss":0,"event_name":"Lab","floor":20,"gold_loss":0},{"damage_healed":0,"gold_gain":0,"player_choice":"Obtained Book","damage_taken":21,"max_hp_gain":0,"max_hp_loss":0,"event_name":"Cursed Tome","floor":22,"gold_loss":0},{"damage_healed":0,"gold_gain":0,"cards_transformed":["Strike_G","Strike_G"],"player_choice":"Became Test Subject","damage_taken":0,"max_hp_gain":0,"max_hp_loss":0,"event_name":"Drug Dealer","floor":24,"gold_loss":0,"cards_obtained":["Phantasmal Killer","Bouncing Flask"]}],"is_beta":false,"boss_relics":[{"not_picked":["Philosopher\u0027s Stone","Runic Pyramid"],"picked":"bronze:MakeshiftBattery"}],"items_purged_floors":[4,14],"is_endless":false,"potions_floor_spawned":[11,16,18,21,25],"killed_by":"Slavers","ascension_level":17}}