{"host":"qgrlfjrqk9z96gfi","time":1613793541,"event":{"mods":["BaseMod","Block Reminder","Colored Map","Custom Start","DeckTracker","Minty Spire (QoL Compilation)"],"gold_per_floor":[115,27,27,27,177,208,208,283,283,314,345,398,428,464,476,488,488],"floor_reached":16,"language":"ENG","playtime":337,"items_purged":[],"score":336,"play_id":"1ff2a14a-f6a7-41b2-add9-21d518907d8f","local_time":"20210219175901","is_ascension_mode":true,"campfire_choices":[{"data":"Envenom","floor":7.0,"key":"SMITH"},{"floor":15.0,"key":"REST"}],"circlet_count":0,"master_deck":["AscendersBane","Strike_G","Strike_G","Strike_G","Strike_G","Strike_G","Defend_G","Defend_G","Defend_G","Defend_G","Defend_G","Survivor","Neutralize","Terror+1","Finisher","Doubt","Envenom+1","A Thousand Cuts+1","Flying Knee","Die Die Die","Dash","Backflip"],"relics":["Ring of the Snake","NeowsBlessing","Golden Idol","Paper Crane","Frozen Egg 2","MawBank","Letter Opener"],"acts_visited":["Exordium"],"potions_floor_usage":[],"damage_taken":[{"damage":0.0,"enemies":"Jaw Worm","floor":1.0,"turns":1.0},{"damage":0.0,"enemies":"Gremlin Nob","floor":6.0,"turns":1.0},{"damage":0.0,"enemies":"3 Sentries","floor":10.0,"turns":1.0},{"damage":12.0,"enemies":"Small Slimes","floor":11.0,"turns":4.0},{"damage":24.0,"enemies":"Gremlin Nob","floor":12.0,"turns":4.0},{"damage":0.0,"enemies":"2 Louse","floor":13.0,"turns":2.0},{"damage":0.0,"enemies":"2 Fungi Beasts","floor":14.0,"turns":3.0},{"damage":37,"enemies":"The Guardian","floor":16,"turns":9}],"seed_played":"-4352773582695567814","potions_obtained":[{"floor":6.0,"key":"FearPotion"},{"floor":10.0,"key":"Fire Potion"}],"is_trial":false,"path_per_floor":["M","$","?","?","?","E","R","?","T","E","M","E","M","M","R","B"],"character_chosen":"THE_SILENT","items_purchased":["Finisher"],"campfire_rested":1,"item_purchase_floors":[2],"current_hp_per_floor":[59,59,59,59,59,59,59,48,48,48,36,12,12,12,30,0,0],"gold":488,"neow_bonus":"THREE_ENEMY_KILL","is_daily":false,"chose_seed":false,"campfire_upgraded":1,"win_rate":0.0,"timestamp":1613793541,"path_taken":["M","$","?","?","?","E","R","?","T","E","M","E","M","M","R","BOSS"],"items_purchased_type":["Card"],"build_version":"2020-12-22","purchased_purges":0,"victory":false,"max_hp_per_floor":[66,66,60,60,60,60,60,60,60,60,60,60,60,60,60,60,60],"card_choices":[{"not_picked":["Sucker Punch","Underhanded Strike"],"picked":"Terror","floor":1.0},{"not_picked":["Dash","PiercingWail"],"picked":"Envenom","floor":6.0},{"not_picked":["Finisher","Blur"],"picked":"A Thousand Cuts+1","floor":10.0},{"not_picked":["PiercingWail","Crippling Poison"],"picked":"Flying Knee","floor":11.0},{"not_picked":["Cloak And Dagger","Dagger Throw"],"picked":"Die Die Die","floor":12.0},{"not_picked":["Acrobatics","Dodge and Roll"],"picked":"Dash","floor":13.0},{"not_picked":["PiercingWail","All Out Attack"],"picked":"Backflip","floor":14.0}],"player_experience":1168349,"relics_obtained":[{"floor":6.0,"key":"Paper Crane"},{"floor":9.0,"key":"Frozen Egg 2"},{"floor":10.0,"key":"MawBank"},{"floor":12.0,"key":"Letter Opener"}],"event_choices":[{"damage_healed":0.0,"max_hp_gain":0.0,"max_hp_loss":6.0,"gold_gain":0.0,"event_name":"Golden Idol","player_choice":"Lose Max HP","floor":3.0,"gold_loss":0.0,"damage_taken":0.0,"relics_obtained":["Golden Idol"]},{"damage_healed":0.0,"max_hp_gain":0.0,"max_hp_loss":0.0,"gold_gain":0.0,"event_name":"Living Wall","player_choice":"Grow","floor":4.0,"gold_loss":0.0,"damage_taken":0.0,"cards_upgraded":["Terror"]},{"damage_healed":0.0,"max_hp_gain":0.0,"max_hp_loss":0.0,"gold_gain":150.0,"event_name":"Liars Game","player_choice":"AGREE","floor":5.0,"gold_loss":0.0,"damage_taken":0.0,"cards_obtained":["Doubt"]},{"damage_healed":0.0,"max_hp_gain":0.0,"max_hp_loss":0.0,"gold_gain":75.0,"event_name":"World of Goop","player_choice":"Gather Gold","floor":8.0,"gold_loss":0.0,"damage_taken":11.0}],"is_beta":false,"boss_relics":[],"items_purged_floors":[],"is_endless":false,"potions_floor_spawned":[6,10,11],"killed_by":"The Guardian","ascension_level":20}}