{"host":"m6rwrrl4vtok99e8","time":1613791459,"event":{"mods":["ATMod(??Mod)","Act Like it!","Aspiration","BaseMod","Colored Powertips","Downfall","Energized Spire","GungeonMod","Jedi Mod","Koishi","LagranYue(???·?)","Lobotomy","Marisa????????","Minty Spire (QoL Compilation)","Pale of the Ancients","Quick Restart","Relic Stats","Reliquary","Remilia??????","Replay The Spire","Spicy Shops","StSLib","TestMod","The Servant 0.9.4","Waifu the Spire","WarShipGirlsR/????R mod","??????REMEMod"],"gold_per_floor":[115,115,128,138,138,167,43,443,467,467,486,486,486,497,497,593,593,603,75,75,91,102,102,121,121,144,159,172,172,190,209,209,312,312,312,312],"floor_reached":35,"language":"ZHS","playtime":1512,"items_purged":["LittleHelper","Injury","Injury"],"score":411,"play_id":"44ee1199-8feb-4919-a9cb-ae1fb91bd47e","local_time":"20210220112419","is_ascension_mode":false,"campfire_choices":[{"floor":13.0,"key":"REST"},{"data":"Sunlight","floor":15.0,"key":"SMITH"},{"data":"LightFlow","floor":23.0,"key":"SMITH"},{"floor":25.0,"key":"REST"},{"floor":32.0,"key":"REST"}],"circlet_count":0,"master_deck":["Strike_S","Strike_S","Strike_S","Strike_S","Defend_S","Defend_S","Defend_S","Defend_S","KidneyShot","Exchange","AT_Desolate","Sunlight+1","FanOfKnives","MHz","WasteNot+1","ShyLook","LightFlow+1","SilverBlades+1","CENSORED","RealityMarble+1","ShyLook","Rearm+1","FlawlessForm+1"],"relics":["Uniform","testmod-TestBox","REME_ComplimentaryCards","LagranYue:RandomDrawCardRelic","testmod-Hope","CogitoBucket","Replay:Mystery Machine","Oddly Smooth Stone","Frozen Egg 2","LagranYue:SoulBurningRelic","testmod-Charity","Bronze Scales","Replay:Grab Bag","LagranYue:ContractPerformanceRelic","Philosopher\u0027s Stone","testmod-BatchProcessingSystem"],"acts_visited":["Exordium","TheCity","TheBeyond"],"potions_floor_usage":[],"damage_taken":[{"damage":11.0,"enemies":"Jaw Worm","floor":1.0,"turns":2.0},{"damage":0.0,"enemies":"Cultist","floor":3.0,"turns":3.0},{"damage":4.0,"enemies":"2 Louse","floor":4.0,"turns":2.0},{"damage":23.0,"enemies":"3 Sentries","floor":6.0,"turns":4.0},{"damage":0.0,"enemies":"Looter","floor":11.0,"turns":1.0},{"damage":2.0,"enemies":"Large Slime","floor":14.0,"turns":1.0},{"damage":61.0,"enemies":"The Guardian","floor":16.0,"turns":8.0},{"damage":3.0,"enemies":"Spheric Guardian","floor":18.0,"turns":3.0},{"damage":0.0,"enemies":"Chosen","floor":21.0,"turns":3.0},{"damage":58.0,"enemies":"Centurion and Healer","floor":22.0,"turns":4.0},{"damage":1.0,"enemies":"Snecko","floor":24.0,"turns":3.0},{"damage":37.0,"enemies":"Snake Plant","floor":27.0,"turns":3.0},{"damage":32.0,"enemies":"Centurion and Healer","floor":28.0,"turns":7.0},{"damage":8.0,"enemies":"Cultist and Chosen","floor":30.0,"turns":5.0},{"damage":13.0,"enemies":"Shelled Parasite and Fungi","floor":31.0,"turns":3.0},{"damage":0.0,"enemies":"Collector","floor":33.0,"turns":2.0},{"damage":117,"enemies":"3 Shapes","floor":35,"turns":3}],"seed_played":"4691682629873487510","potions_obtained":[{"floor":1.0,"key":"Dexterity Potion"},{"floor":4.0,"key":"Strength Potion"},{"floor":16.0,"key":"Milkshake"},{"floor":18.0,"key":"Explosive Potion"},{"floor":30.0,"key":"Fire Potion"},{"floor":31.0,"key":"testmod-SpacePotion"},{"floor":33.0,"key":"Adrenaline Potion"}],"is_trial":false,"path_per_floor":["M","?","M","M","?","E","$","?","T","?","M","?","R","M","R","B",null,"M","$","?","M","M","R","M","R","T","M","M","?","M","M","R","B",null,"M"],"character_chosen":"THE_SERVANT","items_purchased":["Fire Potion","testmod-Charity","Bronze Scales"],"campfire_rested":3,"item_purchase_floors":[7,19,19],"current_hp_per_floor":[54,54,54,50,50,27,27,27,27,27,27,20,39,65,65,4,65,62,62,62,62,19,19,6,25,25,4,17,17,17,17,37,72,74,0,0],"gold":312,"neow_bonus":"","is_daily":false,"chose_seed":false,"campfire_upgraded":2,"win_rate":0.0,"timestamp":1613791459,"path_taken":["M","?","?","M","?","E","$","?","T","?","M","?","R","M","R","BOSS","M","$","?","M","M","R","M","R","T","M","M","?","?","M","R","BOSS","M"],"items_purchased_type":["Potion","Relic","Relic"],"build_version":"2020-12-22","purchased_purges":3,"victory":false,"max_hp_per_floor":[65,65,65,65,65,65,65,65,65,65,65,65,65,65,65,65,65,65,65,65,66,67,67,68,68,69,70,71,71,72,73,73,74,74,74,74],"relic_stats":{"counters":[20,60],"Bronze Scales":[118],"obtain_stats":[{"AT_ATBox":0,"testmod-TestBox":0,"LagranYue:RandomDrawCardRelic":0,"Replay:Grab Bag":34,"Oddly Smooth Stone":9,"testmod-BatchProcessingSystem":34,"LagranYue:SoulBurningRelic":17,"DemoMod:GlassGuonStoneRelic":1,"Uniform":0,"Replay:Mystery Machine":6,"Frozen Egg 2":10,"testmod-Charity":19,"CogitoBucket":0,"LagranYue:ContractPerformanceRelic":34,"Bronze Scales":19,"testmod-Hope":0,"Philosopher\u0027s Stone":34,"REME_ComplimentaryCards":0},{"AT_ATBox":0,"testmod-TestBox":0,"LagranYue:RandomDrawCardRelic":0,"Replay:Grab Bag":18,"Oddly Smooth Stone":4,"testmod-BatchProcessingSystem":18,"LagranYue:SoulBurningRelic":8,"DemoMod:GlassGuonStoneRelic":1,"Uniform":0,"Replay:Mystery Machine":4,"Frozen Egg 2":4,"testmod-Charity":9,"CogitoBucket":0,"LagranYue:ContractPerformanceRelic":18,"Bronze Scales":9,"testmod-Hope":0,"Philosopher\u0027s Stone":18,"REME_ComplimentaryCards":0},{"AT_ATBox":0,"testmod-TestBox":0,"LagranYue:RandomDrawCardRelic":0,"Replay:Grab Bag":56,"Oddly Smooth Stone":11,"testmod-BatchProcessingSystem":56,"LagranYue:SoulBurningRelic":22,"DemoMod:GlassGuonStoneRelic":2,"Uniform":0,"Replay:Mystery Machine":11,"Frozen Egg 2":11,"testmod-Charity":25,"CogitoBucket":0,"LagranYue:ContractPerformanceRelic":56,"Bronze Scales":25,"testmod-Hope":0,"Philosopher\u0027s Stone":56,"REME_ComplimentaryCards":0}]},"card_choices":[{"not_picked":["Spin","Barrier","ShatteredReality"],"picked":"SKIP","floor":1.0},{"not_picked":["Alriune","SnowQueen"],"picked":"LittleHelper","floor":3.0},{"not_picked":["Alleviate","TimeWarp","WasteNot"],"picked":"SKIP","floor":3.0},{"not_picked":["ShiftingGears","Ricochet"],"picked":"FanOfKnives","floor":4.0},{"not_picked":["Collapse","TimeTheft","Ricochet"],"picked":"SKIP","floor":6.0},{"not_picked":["LaLuna","PunishingBird"],"picked":"MHz","floor":11.0},{"not_picked":["Moondial","Revamp","TimeWarp"],"picked":"SKIP","floor":11.0},{"not_picked":["Defy","GearUp"],"picked":"WasteNot+1","floor":14.0},{"not_picked":["Murderer","PlagueDoctor"],"picked":"ShyLook","floor":16.0},{"not_picked":["TrueSight+1","TheWorld"],"picked":"LightFlow","floor":16.0},{"not_picked":["Sabotage","Alleviate"],"picked":"SilverBlades+1","floor":18.0},{"not_picked":["SpiderBud","Porccubus"],"picked":"CENSORED","floor":21.0},{"not_picked":["BottledTime","DoubleEdge","Defy"],"picked":"SKIP","floor":21.0},{"not_picked":["Shuttle","FastForward","Defy"],"picked":"SKIP","floor":22.0},{"not_picked":["GearUp","DoubleEdge"],"picked":"RealityMarble+1","floor":24.0},{"not_picked":["Starlight","Collapse","StarChef+1"],"picked":"SKIP","floor":27.0},{"not_picked":["FastForward","Unruled","Barrier"],"picked":"SKIP","floor":28.0},{"not_picked":["SurpressingFire+1","FastForward"],"picked":"Rearm+1","floor":30.0},{"not_picked":["DoubleEdge","ShiftingGears","Spin+1"],"picked":"SKIP","floor":31.0},{"not_picked":["MurderousAura+1","ForgedInTime"],"picked":"FlawlessForm+1","floor":33.0}],"player_experience":49389,"relics_obtained":[{"floor":6.0,"key":"Replay:Mystery Machine"},{"floor":9.0,"key":"Oddly Smooth Stone"}],"event_choices":[{"damage_healed":0.0,"max_hp_gain":0.0,"max_hp_loss":0.0,"gold_gain":0.0,"event_name":"Match and Keep!","player_choice":"1 cards matched","floor":2.0,"gold_loss":0.0,"damage_taken":0.0,"cards_obtained":["Sunlight"]},{"damage_healed":0.0,"max_hp_gain":0.0,"max_hp_loss":0.0,"gold_gain":400.0,"event_name":"??????","player_choice":"Sell","floor":8.0,"relics_lost":["AT_ATBox"],"gold_loss":0.0,"damage_taken":0.0},{"damage_healed":0.0,"max_hp_gain":0.0,"max_hp_loss":0.0,"gold_gain":0.0,"event_name":"Duplicator","player_choice":"Copied","floor":29.0,"gold_loss":0.0,"damage_taken":0.0,"cards_obtained":["ShyLook"]}],"is_beta":false,"boss_relics":[{"not_picked":["reliquary:RedPaperclip","reliquary:KinkedSpring"],"picked":"LagranYue:SoulBurningRelic"},{"not_picked":["testmod-EnergyCheck","Astrolabe"],"picked":"Replay:Grab Bag"},{"not_picked":["energizedSpire:StickyHand","Runic Dome"],"picked":"LagranYue:ContractPerformanceRelic"},{"not_picked":["Sozu","energizedSpire:DeadBattery"],"picked":"Philosopher\u0027s Stone"},{"not_picked":["aspiration:DefectSkillbook","aspiration:RitualDagger"],"picked":"testmod-BatchProcessingSystem"}],"items_purged_floors":[7,19,19],"is_endless":false,"potions_floor_spawned":[1,4,16,18,24,30,31,33],"killed_by":"3 Shapes","ascension_level":0}}