{"host":"nwjx7hbomubpmo86","time":1613848838,"event":{"mods":["AchievementEnabler","BaseMod","Better Note","Better Third Choice","Downfall","Hubris","Minty Spire (QoL Compilation)","Replay The Spire","StSLib","The Death Knight","slay the spire mod where everything is the same but ironclad has a cowboy hat"],"gold_per_floor":[116,132,132,143,143,171,171,171,171,13,36,36,76,102,102,120,120],"floor_reached":16,"language":"ENG","playtime":727,"items_purged":[],"score":108,"play_id":"54282835-3d63-4aa1-ae06-f52f92b8f11e","local_time":"20210220202038","is_ascension_mode":false,"campfire_choices":[{"data":"Infinite Blades","floor":15,"key":"SMITH"}],"circlet_count":0,"master_deck":["Strike_G","Strike_G","Strike_G","Strike_G","Strike_G","Defend_G","Defend_G","Defend_G","Defend_G","Defend_G","Survivor","Neutralize","Tactician","Well Laid Plans","Setup","PiercingWail","Deflect","Infinite Blades+1","Replay:Poison Smokescreen","Bane","Accuracy","Sucker Punch"],"relics":["Busted Crown","Replay:Mystery Machine","Ring of Hypnosis","ReplayTheSpireMod:Ring of Challenge","Toy Ornithopter","hubris:Towel","Question Card","Replay:Bandana","Oddly Smooth Stone","hubris:EvacipatedBox","Mummified Hand"],"acts_visited":["Exordium"],"potions_floor_usage":[14],"damage_taken":[{"damage":0.0,"enemies":"Cultist","floor":1.0,"turns":5.0},{"damage":0.0,"enemies":"2 Louse","floor":2.0,"turns":3.0},{"damage":8.0,"enemies":"Jaw Worm","floor":4.0,"turns":6.0},{"damage":1.0,"enemies":"Replay:BlueRogue","floor":6.0,"turns":8.0},{"damage":4.0,"enemies":"Looter","floor":8.0,"turns":5.0},{"damage":5,"enemies":"3 Sentries","floor":13,"turns":9},{"damage":0,"enemies":"Lots of Slimes","floor":14,"turns":6},{"damage":33,"enemies":"Fading Forest","floor":16,"turns":9}],"seed_played":"-2326180467773874145","potions_obtained":[{"floor":1.0,"key":"champ:CounterPotion"},{"floor":4.0,"key":"Reflective Coating"},{"floor":6.0,"key":"EssenceOfSteel"},{"floor":13,"key":"Flashbang"}],"is_trial":false,"path_per_floor":["M","M","?","M","?","E","?","M","T","$","T","$","E","M","R","B"],"character_chosen":"THE_SILENT","items_purchased":["Infinite Blades","Replay:Poison Smokescreen","Bane","Oddly Smooth Stone","hubris:EvacipatedBox"],"campfire_rested":0,"item_purchase_floors":[10,10,10,12,12],"current_hp_per_floor":[70,70,70,62,62,61,61,62,62,62,62,33,28,33,33,0,0],"gold":120,"neow_bonus":"BOSS_RELIC","is_daily":false,"chose_seed":false,"campfire_upgraded":1,"win_rate":0.0,"timestamp":1613848838,"path_taken":["M","M","?","?","?","E","?","M","T","$","?","?","E","M","R","BOSS"],"items_purchased_type":["Card","Card","Card","Relic","Relic"],"build_version":"2020-12-22","purchased_purges":0,"victory":false,"max_hp_per_floor":[70,70,70,70,70,70,70,70,70,70,70,70,70,70,70,70,70],"card_choices":[{"not_picked":[],"picked":"Tactician","floor":1.0},{"not_picked":[],"picked":"Well Laid Plans","floor":2.0},{"not_picked":[],"picked":"Setup","floor":4.0},{"not_picked":[],"picked":"PiercingWail","floor":6.0},{"not_picked":[],"picked":"Deflect","floor":8.0},{"not_picked":["Sucker Punch"],"picked":"Accuracy","floor":13},{"not_picked":["Backflip"],"picked":"Sucker Punch","floor":14}],"player_experience":564713,"relics_obtained":[{"floor":5.0,"key":"Ring of Hypnosis"},{"floor":5.0,"key":"ReplayTheSpireMod:Ring of Challenge"},{"floor":6.0,"key":"Toy Ornithopter"},{"floor":9,"key":"Question Card"},{"floor":11,"key":"Replay:Bandana"},{"floor":13,"key":"Mummified Hand"}],"event_choices":[{"damage_healed":0.0,"max_hp_gain":0.0,"max_hp_loss":0.0,"gold_gain":0.0,"event_name":"WeMeetAgain","player_choice":"Gave Potion","floor":3.0,"gold_loss":0.0,"damage_taken":0.0,"relics_obtained":["Replay:Mystery Machine"]}],"is_beta":false,"boss_relics":[],"items_purged_floors":[],"is_endless":false,"potions_floor_spawned":[1,4,6,13],"killed_by":"Fading Forest","ascension_level":0}}