{"host":"g7sxcfouz24f0psv","time":1613861564,"event":{"mods":["Aspiration","BaseMod","Colored Powertips","Hermit","Highlight Path","Minty Spire (QoL Compilation)","Replay The Spire","StSLib","The Cursed","The Hierophant"],"gold_per_floor":[110,110,122,139,151,183,183,292,292,306,320,48,75,85,85,187,187,205,217,14,14,33,64,64,84,84,84,100,116,43,43,43,140,140,158,171,171,183,183,183,195,223,223,223,234,249,275,18,18,18,18],"floor_reached":50,"language":"ENG","playtime":4176,"items_purged":["Strike_B","Defend_B"],"score":615,"play_id":"3879cd99-7f04-40a7-9442-20d6ddfd4f69","local_time":"20210220235244","is_ascension_mode":true,"campfire_choices":[{"data":"Defragment","floor":7,"key":"SMITH"},{"floor":15,"key":"REST"},{"floor":24,"key":"REST"},{"data":"Zap","floor":27,"key":"SMITH"},{"floor":32,"key":"REST"},{"data":"Loop","floor":40,"key":"SMITH"},{"data":"Machine Learning","floor":44,"key":"SMITH"},{"floor":49,"key":"REST"}],"circlet_count":0,"master_deck":["Strike_B","Strike_B+1","Strike_B","Defend_B","Defend_B+1","Defend_B+1","Zap+1","Dualcast","Compile Driver","Defragment+1","Redo","Rebound","FTL","Leap","Compile Driver","Leap","Hologram","Tempest","Storm+1","Good Instincts+1","Thunder Strike+1","Rip and Tear","Seek+1","Ball Lightning+1","Stack","Ball Lightning","FTL","Stack","Stack+1","Stack","Loop+1","Machine Learning+1","BootSequence+1","Static Discharge+1","Ball Lightning+1","Hologram+1","Sweeping Beam"],"relics":["Cracked Core","aspiration:Nostalgia","Sizzling Blood","Anchor","Happy Flower","Replay:Antivirus Software","aspiration:RunicSpoon","War Paint","MutagenicStrength","Onion Ring","Thread and Needle","ChewingGum","aspiration:FetidBarrel","Ornamental Fan","Lantern","Guide Book"],"acts_visited":["Exordium","TheCity","TheBeyond"],"potions_floor_usage":[16,33,33,33,33,33,42,47,50],"damage_taken":[{"damage":3,"enemies":"Jaw Worm","floor":1,"turns":3},{"damage":2,"enemies":"Small Slimes","floor":3,"turns":3},{"damage":4,"enemies":"Cultist","floor":4,"turns":4},{"damage":4,"enemies":"Large Slime","floor":5,"turns":5},{"damage":23,"enemies":"Lagavulin","floor":6,"turns":5},{"damage":0,"enemies":"Exordium Thugs","floor":10,"turns":4},{"damage":0,"enemies":"Looter","floor":11,"turns":2},{"damage":5,"enemies":"3 Sentries","floor":13,"turns":6},{"damage":0,"enemies":"3 Louse","floor":14,"turns":3},{"damage":50,"enemies":"Fading Forest","floor":16,"turns":11},{"damage":19,"enemies":"Spheric Guardian","floor":18,"turns":4},{"damage":5,"enemies":"Shell Parasite","floor":19,"turns":4},{"damage":27,"enemies":"Centurion and Healer","floor":22,"turns":5},{"damage":27,"enemies":"Gremlin Leader","floor":23,"turns":5},{"damage":0,"enemies":"Snecko","floor":25,"turns":2},{"damage":3,"enemies":"Shelled Parasite and Fungi","floor":28,"turns":5},{"damage":0,"enemies":"Centurion and Healer","floor":29,"turns":6},{"damage":53,"enemies":"Champ","floor":33,"turns":10},{"damage":0,"enemies":"3 Shapes","floor":35,"turns":5},{"damage":9,"enemies":"Orb Walker","floor":36,"turns":4},{"damage":0,"enemies":"Transient","floor":38,"turns":5},{"damage":1,"enemies":"Jaw Worm Horde","floor":41,"turns":4},{"damage":31,"enemies":"Reptomancer","floor":42,"turns":6},{"damage":0,"enemies":"3 Darklings","floor":45,"turns":5},{"damage":4,"enemies":"Sphere and 2 Shapes","floor":46,"turns":4},{"damage":24,"enemies":"Giant Head","floor":47,"turns":7},{"damage":62,"enemies":"Awakened One","floor":50,"turns":6}],"seed_played":"6400091787316532823","potions_obtained":[{"floor":1,"key":"EntropicBrew"},{"floor":3,"key":"Fire Potion"},{"floor":5,"key":"DuplicationPotion"},{"floor":18,"key":"Elixir"},{"floor":29,"key":"AttackPotion"},{"floor":35,"key":"Fire Potion"},{"floor":38,"key":"EssenceOfDarkness"},{"floor":45,"key":"Languid Potion"},{"floor":46,"key":"Explosive Potion"}],"is_trial":false,"path_per_floor":["M","?","M","M","M","E","R","?","T","M","M","$","E","M","R","B",null,"M","M","$","?","M","E","R","M","T","R","M","M","$","?","R","B",null,"M","M","?","M","?","R","M","E","T","R","M","M","E","$","R","B"],"character_chosen":"DEFECT","items_purchased":["Tempest","Storm","Good Instincts","Ball Lightning","War Paint","Loop","Guide Book"],"campfire_rested":4,"item_purchase_floors":[12,12,12,20,20,30,48],"current_hp_per_floor":[79,63,65,65,65,46,46,15,15,19,23,23,22,26,49,25,79,64,63,63,63,40,17,40,44,44,44,45,49,49,49,72,23,79,79,74,74,75,75,75,75,48,48,48,52,52,32,32,54,0,0],"gold":18,"neow_bonus":"NOSTALGIA","is_daily":false,"chose_seed":false,"campfire_upgraded":4,"win_rate":0.0,"timestamp":1613861564,"path_taken":["M","?","M","M","M","E","R","?","T","M","M","$","E","?","R","BOSS","M","M","$","?","M","E","R","M","T","R","M","M","$","?","R","BOSS","M","M","?","M","?","R","M","E","T","R","M","?","E","?","R","BOSS"],"items_purchased_type":["Card","Card","Card","Card","Relic","Card","Relic"],"build_version":"2020-12-22","purchased_purges":2,"victory":false,"max_hp_per_floor":[79,79,79,79,79,79,79,79,79,79,79,79,79,79,79,79,79,79,79,79,79,79,79,79,79,79,79,79,79,79,79,79,79,79,79,79,75,75,75,75,75,75,75,75,75,75,75,75,75,75,75],"card_choices":[{"not_picked":["Reinforced Body","Cold Snap"],"picked":"Compile Driver","floor":1},{"not_picked":["BootSequence","Streamline"],"picked":"Defragment","floor":3},{"not_picked":["Fusion","Cold Snap"],"picked":"Redo","floor":4},{"not_picked":["ReplayTheSpireMod:System Scan","BasicCrystalCard"],"picked":"Rebound","floor":5},{"not_picked":["Aggregate","Reboot"],"picked":"FTL","floor":6},{"not_picked":["Panic Button","Steam"],"picked":"Leap","floor":8},{"not_picked":["ReplayTheSpireMod:System Scan","ReplaySort"],"picked":"Compile Driver","floor":8},{"not_picked":["Rebound","Compile Driver"],"picked":"Leap","floor":10},{"not_picked":["Streamline","Melter"],"picked":"Hologram","floor":11},{"not_picked":["Melter","Conserve Battery"],"picked":"Thunder Strike","floor":13},{"not_picked":["Redo","Steam"],"picked":"Rip and Tear","floor":14},{"not_picked":["ReplayRNGCard","Reboot"],"picked":"Seek","floor":16},{"not_picked":["BasicCrystalCard","Rebound"],"picked":"Ball Lightning+1","floor":18},{"not_picked":["Cold Snap","Undo+1"],"picked":"Stack","floor":19},{"not_picked":["Go for the Eyes+1","Blizzard+1"],"picked":"FTL","floor":22},{"not_picked":["Steam+1","Double Energy"],"picked":"Stack","floor":23},{"not_picked":["Cold Snap","Steam","ReplayTheSpireMod:System Scan+1"],"picked":"SKIP","floor":25},{"not_picked":["Sweeping Beam","Beam Cell"],"picked":"Stack+1","floor":28},{"not_picked":["Beam Cell","Genetic Algorithm"],"picked":"Stack","floor":29},{"not_picked":["All For One","Buffer"],"picked":"Machine Learning","floor":33},{"not_picked":["ReplayTheSpireMod:GoodbyeWorld","Doom and Gloom"],"picked":"BootSequence+1","floor":35},{"not_picked":["Rebound","ReplayTheSpireMod:Reroute Power+1"],"picked":"Static Discharge+1","floor":36},{"not_picked":["Gash+1","ReplaySolidLightProjector"],"picked":"Ball Lightning+1","floor":38},{"not_picked":["Rebound+1","Steam"],"picked":"Hologram+1","floor":41},{"not_picked":["Rebound","Cold Snap","Barrage+1"],"picked":"SKIP","floor":42},{"not_picked":["Double Energy","Panic Button+1"],"picked":"Sweeping Beam","floor":45},{"not_picked":["Scrape","All For One","Steam+1"],"picked":"SKIP","floor":46},{"not_picked":["Chaos","Barrage","Panic Button+1"],"picked":"SKIP","floor":47}],"player_experience":88570,"relics_obtained":[{"floor":6,"key":"Anchor"},{"floor":8,"key":"Happy Flower"},{"floor":13,"key":"Replay:Antivirus Software"},{"floor":23,"key":"Onion Ring"},{"floor":26,"key":"Thread and Needle"},{"floor":42,"key":"aspiration:FetidBarrel"},{"floor":43,"key":"Ornamental Fan"},{"floor":47,"key":"Lantern"}],"event_choices":[{"damage_healed":0,"gold_gain":0,"player_choice":"Entered Light","damage_taken":16,"max_hp_gain":0,"max_hp_loss":0,"event_name":"Shining Light","floor":2,"gold_loss":0,"cards_upgraded":["Defend_B","Strike_B"]},{"damage_healed":0,"gold_gain":0,"player_choice":"Inject Mutagens","damage_taken":0,"relics_obtained":["MutagenicStrength"],"max_hp_gain":0,"max_hp_loss":0,"event_name":"Drug Dealer","floor":21,"gold_loss":0},{"damage_healed":0,"gold_gain":0,"player_choice":"Max HP","damage_taken":0,"max_hp_gain":0,"max_hp_loss":4,"event_name":"Winding Halls","floor":37,"gold_loss":0},{"damage_healed":0,"gold_gain":0,"player_choice":"Forge","damage_taken":0,"max_hp_gain":0,"max_hp_loss":0,"event_name":"Accursed Blacksmith","floor":39,"gold_loss":0,"cards_upgraded":["Storm"]}],"is_beta":false,"boss_relics":[{"not_picked":["Kintsugi","aspiration:PoetsPen_weak"],"picked":"aspiration:RunicSpoon"},{"not_picked":["Calling Bell","Tiny House"],"picked":"ChewingGum"}],"items_purged_floors":[12,48],"is_endless":false,"potions_floor_spawned":[1,3,5,6,18,28,29,35,38,41,45,46],"killed_by":"Awakened One","ascension_level":1}}