{"host":"ow66nzv2xecjoor3","time":1613858157,"event":{"mods":["BaseMod","Bestiary","Block Reminder","Colored Powertips","Curses Come First","Highlight Path","Keyboard Shortcuts","Minty Spire (QoL Compilation)","Permanent Neow","Relic Stats","StSLib","UnlockEverythingMod"],"gold_per_floor":[116,116,143,68,83,83,100,112,159,175,187,14,14,14,14,14,14],"floor_reached":16,"language":"ENG","playtime":492,"items_purged":["Strike_G"],"score":184,"play_id":"45d2ddec-c100-4649-95fa-e5f1f4137e17","local_time":"20210220155557","is_ascension_mode":true,"campfire_choices":[{"data":"Quick Slash","floor":6.0,"key":"SMITH"},{"data":"Blade Dance","floor":13.0,"key":"SMITH"},{"data":"Footwork","floor":15.0,"key":"SMITH"}],"circlet_count":0,"master_deck":["AscendersBane","Strike_G","Strike_G","Strike_G","Defend_G","Defend_G","Defend_G","Defend_G","Survivor","Neutralize","Footwork+1","Quick Slash+1","Burst","Dagger Throw","Backflip","Escape Plan","Backstab","Blade Dance+1"],"relics":["Ring of the Snake","Dream Catcher","Orichalcum","Centennial Puzzle"],"acts_visited":["Exordium"],"potions_floor_usage":[16,16],"damage_taken":[{"damage":1.0,"enemies":"Jaw Worm","floor":1.0,"turns":4.0},{"damage":1.0,"enemies":"Small Slimes","floor":5.0,"turns":5.0},{"damage":1.0,"enemies":"Cultist","floor":7.0,"turns":4.0},{"damage":0.0,"enemies":"Blue Slaver","floor":8.0,"turns":7.0},{"damage":2.0,"enemies":"Lots of Slimes","floor":10.0,"turns":4.0},{"damage":2.0,"enemies":"Red Slaver","floor":11.0,"turns":3.0},{"damage":43,"enemies":"Hexaghost","floor":16,"turns":13}],"seed_played":"-1195715133651924911","potions_obtained":[{"floor":0.0,"key":"Fire Potion"},{"floor":0.0,"key":"Swift Potion"},{"floor":1.0,"key":"LiquidMemories"}],"is_trial":false,"path_per_floor":["M","?","T","?","M","R","M","M","T","M","M","$","R","?","R","B"],"character_chosen":"THE_SILENT","items_purchased":["Backstab","Blade Dance"],"campfire_rested":0,"item_purchase_floors":[12,12],"current_hp_per_floor":[58,47,47,47,46,46,45,45,45,43,41,41,41,41,41,0,0],"gold":14,"neow_bonus":"THREE_SMALL_POTIONS","is_daily":false,"chose_seed":false,"campfire_upgraded":3,"win_rate":0.0,"timestamp":1613858157,"path_taken":["M","?","?","?","M","R","M","M","T","M","M","$","R","?","R","BOSS"],"items_purchased_type":["Card","Card"],"build_version":"2020-12-22","purchased_purges":1,"victory":false,"max_hp_per_floor":[66,66,66,66,66,66,66,66,66,66,66,66,66,66,66,66,66],"relic_stats":{"Dream Catcher":0,"Centennial Puzzle":[9],"counters":[7,40],"Orichalcum":[48],"obtain_stats":[{"Dream Catcher":2,"Centennial Puzzle":9,"Orichalcum":3,"Ring of the Snake":0},{"Dream Catcher":1,"Centennial Puzzle":4,"Orichalcum":1,"Ring of the Snake":0},{"Dream Catcher":4,"Centennial Puzzle":20,"Orichalcum":4,"Ring of the Snake":0}],"Ring of the Snake":[14]},"card_choices":[{"not_picked":["Accuracy","Footwork","Acrobatics"],"picked":"SKIP","floor":1.0},{"not_picked":["Accuracy","Acrobatics"],"picked":"Footwork","floor":1.0},{"not_picked":["Flying Knee","Heel Hook"],"picked":"Quick Slash","floor":5.0},{"not_picked":["Escape Plan","Leg Sweep"],"picked":"Burst","floor":7.0},{"not_picked":["Bane","Acrobatics"],"picked":"Dagger Throw","floor":8.0},{"not_picked":["PiercingWail","Dodge and Roll"],"picked":"Backflip","floor":10.0},{"not_picked":["Quick Slash","Backflip"],"picked":"Escape Plan","floor":11.0}],"player_experience":2907150,"relics_obtained":[{"floor":3.0,"key":"Orichalcum"},{"floor":9.0,"key":"Centennial Puzzle"}],"event_choices":[{"damage_healed":0.0,"max_hp_gain":0.0,"max_hp_loss":0.0,"gold_gain":0.0,"event_name":"Scrap Ooze","player_choice":"Success","floor":2.0,"gold_loss":0.0,"damage_taken":11.0,"relics_obtained":["Dream Catcher"]},{"cards_removed":["Strike_G"],"damage_healed":0.0,"max_hp_gain":0.0,"max_hp_loss":0.0,"gold_gain":0.0,"event_name":"The Cleric","player_choice":"Card Removal","floor":4.0,"gold_loss":75.0,"damage_taken":0.0},{"cards_removed":["Defend_G"],"damage_healed":0.0,"max_hp_gain":0.0,"max_hp_loss":0.0,"gold_gain":0.0,"event_name":"Bonfire Elementals","player_choice":"Offered Basic","floor":14.0,"gold_loss":0.0,"damage_taken":0.0}],"is_beta":false,"boss_relics":[],"items_purged_floors":[12],"is_endless":false,"potions_floor_spawned":[1,7,11],"killed_by":"Hexaghost","ascension_level":20}}