{"host":"bf5upntvbdompq33","time":1613836606,"event":{"mods":["BaseMod","Bestiary","Colored Map","Colored Powertips","Curses Come First","Highlight Path","Minty Spire (QoL Compilation)","StSLib","ojb\u0027s Info Mod"],"gold_per_floor":[117,134,145,21,21,21,36,36,89,108,108,108,126,164,164,164,164],"floor_reached":16,"language":"ENG","playtime":548,"items_purged":["Strike_R"],"score":173,"play_id":"ec160015-aa4f-44ab-a5fe-5e3031ce794d","local_time":"20210220085646","is_ascension_mode":true,"campfire_choices":[{"data":"Whirlwind","floor":6,"key":"SMITH"},{"data":"Carnage","floor":8,"key":"SMITH"},{"data":"Dark Embrace","floor":12,"key":"SMITH"},{"floor":15,"key":"REST"}],"circlet_count":0,"master_deck":["AscendersBane","Strike_R","Strike_R","Strike_R","Strike_R","Defend_R","Defend_R","Defend_R","Defend_R","Bash","Whirlwind+1","Dark Embrace+1","Headbutt","Havoc","Carnage+1","Second Wind","Intimidate","Spot Weakness"],"relics":["Burning Blood","NeowsBlessing","Golden Idol","Regal Pillow","MealTicket"],"acts_visited":["Exordium"],"potions_floor_usage":[16],"damage_taken":[{"damage":0,"enemies":"Cultist","floor":1,"turns":1},{"damage":0,"enemies":"Small Slimes","floor":2,"turns":1},{"damage":0,"enemies":"Jaw Worm","floor":3,"turns":1},{"damage":3,"enemies":"Exordium Thugs","floor":7,"turns":3},{"damage":12,"enemies":"Looter","floor":10,"turns":3},{"damage":14,"enemies":"Red Slaver","floor":13,"turns":2},{"damage":55,"enemies":"Gremlin Nob","floor":14,"turns":5},{"damage":50,"enemies":"Hexaghost","floor":16,"turns":9}],"seed_played":"392253763983061087","potions_obtained":[{"floor":1,"key":"CultistPotion"},{"floor":3,"key":"Block Potion"}],"is_trial":false,"path_per_floor":["M","M","M","$","?","R","M","R","T","M","?","R","M","E","R","B"],"character_chosen":"IRONCLAD","items_purchased":["Havoc"],"campfire_rested":1,"item_purchase_floors":[4],"current_hp_per_floor":[74,75,75,75,69,69,69,69,69,63,68,68,60,11,48,0,0],"gold":164,"neow_bonus":"THREE_ENEMY_KILL","is_daily":false,"chose_seed":false,"campfire_upgraded":3,"win_rate":0.0,"timestamp":1613836606,"path_taken":["M","?","M","$","?","R","M","R","T","M","?","R","?","E","R","BOSS"],"items_purchased_type":["Card"],"build_version":"2020-12-22","purchased_purges":1,"victory":false,"max_hp_per_floor":[75,75,75,75,69,69,69,69,69,69,74,74,74,74,74,74,74],"card_choices":[{"not_picked":["Armaments","Warcry"],"picked":"Whirlwind","floor":1},{"not_picked":["Burning Pact","Clash"],"picked":"Dark Embrace","floor":2},{"not_picked":["Combust","Cleave"],"picked":"Headbutt","floor":3},{"not_picked":["Clothesline","Pommel Strike"],"picked":"Carnage","floor":7},{"not_picked":["Sentinel","Rampage"],"picked":"Second Wind","floor":10},{"not_picked":["Twin Strike","Thunderclap"],"picked":"Intimidate","floor":13},{"not_picked":["Wild Strike","Headbutt"],"picked":"Spot Weakness","floor":14}],"player_experience":1656691,"relics_obtained":[{"floor":9,"key":"Regal Pillow"},{"floor":14,"key":"MealTicket"}],"event_choices":[{"damage_healed":0,"gold_gain":0,"player_choice":"Lose Max HP","damage_taken":0,"relics_obtained":["Golden Idol"],"max_hp_gain":0,"max_hp_loss":6,"event_name":"Golden Idol","floor":5,"gold_loss":0},{"damage_healed":0,"gold_gain":0,"player_choice":"Donut","damage_taken":0,"max_hp_gain":5,"max_hp_loss":0,"event_name":"Big Fish","floor":11,"gold_loss":0}],"is_beta":false,"boss_relics":[],"items_purged_floors":[4],"is_endless":false,"potions_floor_spawned":[1,3,14],"killed_by":"Hexaghost","ascension_level":14}}