{"host":"nlbr7nnijupf3yfg","time":1613796011,"event":{"mods":["AchievementEnabler","BaseMod","BetterRewards","Card Forge","Colored Powertips","DeckTracker","Downfall","Hubris","Infinite Spire","Minty Spire (QoL Compilation)","Quick Restart","Relic Stats","Replay The Spire","Shop Mod","StSLib","SuperFastMode"],"gold_per_floor":[112,130,15,15,27,58,58,94,94,94,114,14,39,51,51,152,152,165,165,182,199,2,2,36,36,89,124,124,124,124,190,190,302,302,333,373,373,423,460,460,520,550,575,686,736,736,398,398,398,529,529,559,671,712,366,491,530,582,632,709,769,769,847,897,947,947,1174,1174,1258,1308,852,957,1021,1102,1160,1160,1160,1210,1260,1310,1458,1571,1571,1716,1716,1830,1880,2004,2054,2054,2054,2193,2352,2404,2370,2541,2696,2873,3079,3079,3338,3338,3563,3613,3858,3983,3681,3955,4232,4282,4282,4294,4612,4624,4686,5060,5072,5433,5445,5816,6218,6230,6713,6775,6787,7295,7809,7844,8389,8986,9593,10230,10962,10974,11746,11758,12564,12626,12988,13916,13978,13990,14916,14978,14990,15002,15014,16012,16074,17140,17152,18383,18395,18407,18419,19655,21100],"floor_reached":158,"language":"ENG","playtime":4997,"items_purged":["Strike_G","ReplayTheSpireMod:Splinters","Regret"],"score":4944,"play_id":"a12b397e-94cd-48ea-8e5d-ccacb873d683","local_time":"20210219234011","is_ascension_mode":true,"campfire_choices":[{"data":"Bouncing Flask","floor":7,"key":"SMITH"},{"data":"Replay:Poison Smokescreen","floor":23,"key":"SMITH"},{"floor":25,"key":"REST"},{"floor":29,"key":"REST"},{"data":"Burst","floor":32,"key":"SMITH"},{"floor":40,"key":"REST"},{"floor":46,"key":"REST"},{"data":"Toxin Wave","floor":49,"key":"SMITH"},{"data":"Envenom","floor":62,"key":"SMITH"},{"data":"ReplayTheSpireMod:Shiv Toss","floor":66,"key":"SMITH"},{"data":"infinitespire:SevenWalls","floor":76,"key":"SMITH"},{"data":"Shame","floor":83,"key":"PURGE"},{"data":"Choke","floor":91,"key":"SMITH"},{"data":"Crippling Poison","floor":100,"key":"SMITH"},{"data":"After Image","floor":112,"key":"SMITH"},{"data":"Footwork","floor":114,"key":"SMITH"},{"data":"Secret Technique","floor":117,"key":"SMITH"},{"data":"Well Laid Plans","floor":125,"key":"SMITH"},{"data":"Outmaneuver","floor":134,"key":"SMITH"},{"data":"Catalyst","floor":142,"key":"SMITH"},{"floor":147,"key":"REST"},{"data":"hubris:Fate","floor":154,"key":"SMITH"}],"circlet_count":0,"master_deck":["Defend_G+1","Defend_G+1","Defend_G+1","Defend_G+1","Defend_G+1","Survivor","Neutralize","Bouncing Flask+1","Blade Dance","Dagger Throw","Dagger Throw","Flying Knee","Catalyst+1","Deadly Poison","Blade Dance","Replay:Poison Smokescreen+1","Toxin Wave","Burst+1","PiercingWail+1","Caltrops","Toxin Wave+1","Adrenaline+1","Dodge and Roll+1","ReplayTheSpireMod:The Works+1","infinitespire:Starlight","Blade Dance+1","Well Laid Plans+1","Blur+1","Poisoned Stab","Footwork+1","Atom Bomb+1","Toxin Wave+1","Envenom+1","infinitespire:SevenWalls+1","ReplayTheSpireMod:Shiv Toss+1","ReplayTheSpireMod:Book of Names","Flechettes","Dodge and Roll+1","hubris:NaturalOne","Malaise+1","Dagger Spray+1","Backflip+1","Secret Technique+1","Choke+1","Leg Sweep+1","ReplayTheSpireMod:Scrap Shanks","Hidden Blade+1","Crippling Poison+1","ReplayTheSpireMod:Speed Training+1","After Image+1","Well Laid Plans+1","Electrodynamics","PiercingWail","Venomology+1","Draining Mist","downfall:Icky","Outmaneuver+1","Outmaneuver+1","Catalyst+1","Shame","hubris:Fate+1","Replay:Bag of Tricks","Infinite Blades+1","ReplayTheSpireMod:Necrosis"],"relics":["Burning Blood","Hammer of Thor","Seething Fire","Anvil of the Gods","hubris:TenFootPole","infinitespire:Satchel","Toy Ornithopter","Guardian:GemstoneGun","hubris:MedicalManual","hubris:Icosahedron","Pet Ghost","infinitespire:Cubic Diamond","Busted Crown","Mummified Hand","hubris:AncientText","ReplayTheSpireMod:Lightbulb","Vampiric Spirits","SsserpentHead","infinitespire:EvilPickle","Replay:Bronze Core","MealTicket","hubris:SlimyHat","Oddly Smooth Stone","Letter Opener","WristBlade","Lantern","Replay:Bandana","infinitespire:Cubic Diamond","Garlic","Art of War","Ring of Fury","Ring of Panic","Ring of Chaos","Ice Cream","Guide Book","hubris:Reverence","hubris:DisguiseKit","infinitespire:CheckeredPen","hubris:PeanutButter","Peace Pipe","infinitespire:EvilPickle","Astrolabe","hubris:Towel","TwistedFunnel","Replay:Mystery Machine","Regal Pillow","Strawberry","Gremlin Horn","War Paint","MawBank","PreservedInsect","Onion Ring","Cursed Key","hexamod:BolsterEngine","Pen Nib","ReplayTheSpireMod:TigerMarble","Bronze Scales","ChewingGum","infinitespire:EvilPickle","Bag of Marbles","Pondfish Scales","TungstenRod","Replay:Ringing Soul","Black Star","Kunai","hubris:MobiusCoin"],"acts_visited":["Exordium","TheCity","TheBeyond","Exordium","TheCity","TheBeyond","Exordium","TheCity","TheBeyond","TheEnding"],"potions_floor_usage":[16,16,16,33,44,44,50,50,67,74,82,86,98,101,101,116,135,137,143],"damage_taken":[{"damage":0.0,"enemies":"2 Louse","floor":1.0,"turns":3.0},{"damage":7,"enemies":"Jaw Worm","floor":2,"turns":5},{"damage":3,"enemies":"Small Slimes","floor":5,"turns":3},{"damage":22,"enemies":"3 Sentries","floor":6,"turns":6},{"damage":0,"enemies":"3 Louse","floor":11,"turns":2},{"damage":8,"enemies":"Gremlin Nob","floor":13,"turns":3},{"damage":9,"enemies":"Looter","floor":14,"turns":2},{"damage":26,"enemies":"The Guardian","floor":16,"turns":8},{"damage":0,"enemies":"Spheric Guardian","floor":18,"turns":2},{"damage":10,"enemies":"2 Thieves","floor":20,"turns":3},{"damage":8,"enemies":"Sentry and Sphere","floor":21,"turns":3},{"damage":20,"enemies":"Gremlin Leader","floor":24,"turns":6},{"damage":0,"enemies":"Nightmare","floor":27,"turns":1},{"damage":0,"enemies":"Chosen and Byrds","floor":31,"turns":4},{"damage":22,"enemies":"Pondfish","floor":33,"turns":7},{"damage":27,"enemies":"3 Darklings","floor":35,"turns":5},{"damage":21,"enemies":"3 Shapes","floor":36,"turns":4},{"damage":22,"enemies":"Jaw Worm Horde","floor":39,"turns":4},{"damage":0,"enemies":"Nightmare","floor":41,"turns":1},{"damage":14,"enemies":"Spire Growth","floor":44,"turns":5},{"damage":16,"enemies":"hubris:GrandSnecko","floor":50,"turns":7},{"damage":0,"enemies":"2 Louse","floor":52,"turns":2},{"damage":0,"enemies":"Cultist","floor":54,"turns":2},{"damage":18,"enemies":"Replay:BlueRogue","floor":57,"turns":3},{"damage":0,"enemies":"Small Slimes","floor":58,"turns":1},{"damage":0,"enemies":"Exordium Thugs","floor":61,"turns":3},{"damage":0,"enemies":"Nightmare","floor":63,"turns":1},{"damage":26,"enemies":"Hexaghost","floor":67,"turns":7},{"damage":2,"enemies":"Shell Parasite","floor":69,"turns":2},{"damage":10,"enemies":"2 Thieves","floor":72,"turns":3},{"damage":0,"enemies":"Snecko","floor":73,"turns":3},{"damage":21,"enemies":"Book of Stabbing","floor":74,"turns":3},{"damage":12,"enemies":"Centurion and Healer","floor":75,"turns":5},{"damage":0,"enemies":"Chosen and Byrds","floor":81,"turns":2},{"damage":11,"enemies":"Slavers","floor":82,"turns":3},{"damage":15,"enemies":"Pondfish","floor":84,"turns":9},{"damage":5,"enemies":"3 Darklings","floor":86,"turns":3},{"damage":0,"enemies":"3 Shapes","floor":88,"turns":3},{"damage":0,"enemies":"R_Hoarder","floor":92,"turns":8},{"damage":0,"enemies":"Maw","floor":93,"turns":4},{"damage":0,"enemies":"4 Shapes","floor":96,"turns":2},{"damage":0,"enemies":"Spire Growth","floor":97,"turns":5},{"damage":27,"enemies":"Nemesis","floor":98,"turns":5},{"damage":0,"enemies":"Writhing Mass","floor":99,"turns":2},{"damage":61,"enemies":"Donu and Deca","floor":101,"turns":6},{"damage":0,"enemies":"Small Slimes","floor":103,"turns":1},{"damage":0,"enemies":"Cultist","floor":105,"turns":1},{"damage":0,"enemies":"Lagavulin","floor":108,"turns":2},{"damage":0,"enemies":"2 Louse","floor":109,"turns":1},{"damage":0,"enemies":"Gremlin Nob","floor":113,"turns":3},{"damage":0,"enemies":"Gremlin Gang","floor":116,"turns":1},{"damage":0,"enemies":"Fading Forest","floor":118,"turns":11},{"damage":0,"enemies":"3 Byrds","floor":120,"turns":2},{"damage":0,"enemies":"Chosen","floor":121,"turns":2},{"damage":0,"enemies":"Snake Plant","floor":123,"turns":2},{"damage":0,"enemies":"Sentry and Sphere","floor":126,"turns":3},{"damage":0,"enemies":"Slavers","floor":127,"turns":2},{"damage":0,"enemies":"Centurion and Healer","floor":129,"turns":3},{"damage":0,"enemies":"Gremlin Leader","floor":130,"turns":2},{"damage":0,"enemies":"Snake Plant","floor":131,"turns":2},{"damage":0,"enemies":"Cultist and Chosen","floor":132,"turns":3},{"damage":0,"enemies":"3 Cultists","floor":133,"turns":2},{"damage":19,"enemies":"Pondfish","floor":135,"turns":6},{"damage":0,"enemies":"3 Shapes","floor":137,"turns":2},{"damage":0,"enemies":"3 Darklings","floor":140,"turns":2},{"damage":22,"enemies":"R_Hoarder","floor":143,"turns":4},{"damage":12,"enemies":"Nemesis","floor":148,"turns":4},{"damage":0,"enemies":"Transient","floor":150,"turns":2},{"damage":0,"enemies":"Time Eater","floor":152,"turns":1},{"damage":0,"enemies":"Shield and Spear","floor":156,"turns":1},{"damage":0,"enemies":"The Heart","floor":157,"turns":1}],"seed_played":"1092294050587383609","potions_obtained":[{"floor":1,"key":"bronze:BurnAndBuffPotion"},{"floor":2,"key":"Poison Potion"},{"floor":5,"key":"Dexterity Potion"},{"floor":14,"key":"DuplicationPotion"},{"floor":24,"key":"SteroidPotion"},{"floor":31,"key":"hexamod:SoulburnPotion"},{"floor":33,"key":"Strength Potion"},{"floor":42,"key":"champ:CounterPotion"},{"floor":44,"key":"Elixir"},{"floor":50,"key":"bronze:BurnAndBuffPotion"},{"floor":57,"key":"Milkshake"},{"floor":67,"key":"ColorlessPotion"},{"floor":75,"key":"SpeedPotion"},{"floor":92,"key":"SteroidPotion"},{"floor":93,"key":"BlessingOfTheForge"},{"floor":108,"key":"Slimebound:ThreeZeroPotion"},{"floor":116,"key":"AttackPotion"},{"floor":131,"key":"CunningPotion"}],"is_trial":false,"path_per_floor":["M","M","$","?","M","E","R","?","T","?","M","$","E","M","R","B",null,"M","AVR","M","M","$","R","E","R","T","NM","?","R","?","M","R","B",null,"M","M","AVR","?","M","R","NM","?","T","M","?","R","$","$","R","B",null,"M","?","M","$","?","E","M","?","T","M","R","NM","?","?","R","B",null,"M","?","$","M","M","E","M","R","T","?","?","?","M","E","R","B",null,"M","?","M","?","AVR","R","E","M","T","$","M","M","E","M","R","B",null,"M","?","M","?","$","E","M","?","T","R","E","R","T","M","R","B",null,"M","M","AVR","M","?","R","M","E","T","M","E","M","M","M","R","B",null,"M","?","?","M","?","R","E","?","T","AVR","R","E","?","M","R","B",null,"R","$","E","B",null],"character_chosen":"THE_SILENT","items_purchased":["Dagger Throw","Caltrops","Letter Opener","Poisoned Stab","Footwork","Lantern","Toxin Wave+1","Envenom","Ice Cream","Guide Book","ReplayTheSpireMod:Scrap Shanks","Gremlin Horn","Poison Potion"],"campfire_rested":5,"item_purchase_floors":[3,22,47,47,47,55,55,55,71,71,95,107,107],"current_hp_per_floor":[70,63,63,63,60,38,38,38,38,38,38,38,30,21,21,10,70,70,70,60,52,52,52,32,53,53,53,53,70,70,70,70,53,70,43,26,26,26,14,35,35,35,35,57,57,70,70,70,70,64,70,70,70,70,70,65,62,70,70,70,70,70,70,70,70,70,50,70,70,67,70,70,70,55,62,62,62,62,62,62,70,70,70,68,70,70,70,70,70,70,70,70,70,70,70,70,70,66,77,77,37,77,77,77,77,72,77,77,77,80,80,80,80,80,80,80,80,80,80,80,80,80,80,77,77,77,77,77,77,77,77,77,77,77,64,77,77,77,77,77,77,77,61,61,61,61,77,80,80,80,83,83,86,86,86,89,92],"gold":21112,"neow_bonus":"RANDOM_COMMON_RELIC","is_daily":false,"chose_seed":false,"campfire_upgraded":16,"win_rate":0.0,"timestamp":1613796011,"path_taken":["M","M","$","?","M","E","R","?","T","?","M","$","E","M","R","BOSS","M","AVR","M","M","$","R","E","R","T","NM","?","R","?","?","R","BOSS","M","M","AVR","?","M","R","NM","?","T","?","?","R","?","$","R","BOSS","M","?","M","$","?","E","M","?","T","M","R","NM","?","?","R","BOSS","M","?","$","?","M","E","M","R","T","?","?","?","?","E","R","BOSS","M","?","M","?","AVR","R","E","M","T","$","M","M","E","M","R","BOSS","M","?","M","?","$","E","M","?","T","R","E","R","?","?","R","BOSS","M","M","AVR","?","?","R","?","E","T","M","E","M","M","?","R","BOSS","M","?","?","?","?","R","E","?","T","AVR","R","E","?","M","R","BOSS","R","$","E","BOSS"],"items_purchased_type":["Card","Card","Relic","Card","Card","Relic","Card","Card","Relic","Relic","Card","Relic","Potion"],"build_version":"2020-12-22","purchased_purges":3,"victory":true,"max_hp_per_floor":[70,70,70,70,70,70,70,70,70,70,70,70,70,70,70,70,70,70,70,70,70,70,70,70,70,70,70,70,70,70,70,70,70,70,70,70,70,70,70,70,70,70,70,70,70,70,70,70,70,70,70,70,70,70,70,70,70,70,70,70,70,70,70,70,70,70,70,70,70,70,70,70,70,70,70,70,70,70,70,70,70,70,70,70,70,70,70,70,70,70,70,70,70,70,70,70,70,77,77,77,77,77,77,77,77,77,77,77,77,80,80,80,80,80,80,80,80,80,80,80,80,80,80,77,77,77,77,77,77,77,77,77,77,77,77,77,77,77,77,77,77,77,77,77,77,77,77,80,80,80,83,83,86,86,86,89,92],"relic_stats":{"Regal Pillow":0,"Gremlin Horn":[42,42],"counters":[71,237],"Astrolabe":["Malaise","Dagger Spray","Backflip"],"PreservedInsect":684,"Pen Nib":[9],"Letter Opener":[1878],"War Paint":["Catalyst","Dodge and Roll"],"MawBank":564,"Cursed Key":2,"Burning Blood":53,"Peace Pipe":1,"SsserpentHead":1700,"Busted Crown":468,"Mummified Hand":[232],"Bronze Scales":[58],"MealTicket":8,"Art of War":[4],"Black Star":1,"Kunai":[0],"obtain_stats":[{"Ice Cream":71,"TwistedFunnel":90,"Gremlin Horn":107,"Vampiric Spirits":27,"Hammer of Thor":0,"infinitespire:Cubic Diamond":15,"Replay:Ringing Soul":148,"Replay:Bronze Core":34,"Strawberry":98,"MealTicket":37,"Kunai":156,"hubris:MobiusCoin":156,"Astrolabe":85,"Guardian:ModeShifter":15,"Oddly Smooth Stone":43,"Ring of Chaos":68,"Pen Nib":127,"Letter Opener":47,"War Paint":108,"infinitespire:EvilPickle":33,"Anvil of the Gods":0,"Bronze Scales":130,"hubris:PeanutButter":80,"Onion Ring":115,"hubris:TenFootPole":0,"ReplayTheSpireMod:TigerMarble":128,"Black Star":153,"hubris:Reverence":74,"Lantern":55,"Regal Pillow":94,"hubris:SlimyHat":41,"Replay:Mystery Machine":92,"Cursed Key":119,"Pet Ghost":13,"Burning Blood":59,"SsserpentHead":30,"Replay:Bandana":57,"hubris:Icosahedron":10,"WristBlade":51,"Mummified Hand":19,"Ring of Panic":64,"Ring of the Snake":0,"hubris:DisguiseKit":77,"Guardian:GemstoneGun":8,"Guide Book":71,"hubris:MedicalManual":9,"PreservedInsect":113,"Seething Fire":0,"infinitespire:CheckeredPen":79,"hubris:Towel":89,"MawBank":111,"Peace Pipe":82,"Pondfish Scales":145,"Busted Crown":17,"infinitespire:Satchel":4,"Ring of Fury":64,"ChewingGum":136,"Garlic":60,"Art of War":63,"Bag of Marbles":143,"hexamod:BolsterEngine":122,"ReplayTheSpireMod:Lightbulb":26,"Toy Ornithopter":6,"hubris:AncientText":24,"TungstenRod":146},{"Ice Cream":29,"TwistedFunnel":38,"Gremlin Horn":47,"Vampiric Spirits":13,"Hammer of Thor":0,"infinitespire:Cubic Diamond":7,"Replay:Ringing Soul":67,"Replay:Bronze Core":15,"Strawberry":43,"MealTicket":17,"Kunai":70,"hubris:MobiusCoin":70,"Astrolabe":36,"Guardian:ModeShifter":7,"Oddly Smooth Stone":19,"Ring of Chaos":28,"Pen Nib":57,"Letter Opener":20,"War Paint":48,"infinitespire:EvilPickle":15,"Anvil of the Gods":0,"Bronze Scales":59,"hubris:PeanutButter":33,"Onion Ring":50,"hubris:TenFootPole":0,"ReplayTheSpireMod:TigerMarble":57,"Black Star":69,"hubris:Reverence":32,"Lantern":23,"Regal Pillow":40,"hubris:SlimyHat":19,"Replay:Mystery Machine":39,"Cursed Key":52,"Pet Ghost":6,"Burning Blood":25,"SsserpentHead":13,"Replay:Bandana":24,"hubris:Icosahedron":4,"WristBlade":21,"Mummified Hand":9,"Ring of Panic":27,"Ring of the Snake":0,"hubris:DisguiseKit":33,"Guardian:GemstoneGun":4,"Guide Book":29,"hubris:MedicalManual":4,"PreservedInsect":50,"Seething Fire":0,"infinitespire:CheckeredPen":33,"hubris:Towel":38,"MawBank":49,"Peace Pipe":35,"Pondfish Scales":66,"Busted Crown":8,"infinitespire:Satchel":2,"Ring of Fury":27,"ChewingGum":63,"Garlic":25,"Art of War":27,"Bag of Marbles":66,"hexamod:BolsterEngine":54,"ReplayTheSpireMod:Lightbulb":12,"Toy Ornithopter":4,"hubris:AncientText":12,"TungstenRod":66},{"Ice Cream":105,"TwistedFunnel":139,"Gremlin Horn":173,"Vampiric Spirits":47,"Hammer of Thor":0,"infinitespire:Cubic Diamond":24,"Replay:Ringing Soul":232,"Replay:Bronze Core":58,"Strawberry":163,"MealTicket":67,"Kunai":236,"hubris:MobiusCoin":236,"Astrolabe":133,"Guardian:ModeShifter":24,"Oddly Smooth Stone":72,"Ring of Chaos":103,"Pen Nib":202,"Letter Opener":77,"War Paint":175,"infinitespire:EvilPickle":58,"Anvil of the Gods":0,"Bronze Scales":207,"hubris:PeanutButter":119,"Onion Ring":179,"hubris:TenFootPole":0,"ReplayTheSpireMod:TigerMarble":202,"Black Star":235,"hubris:Reverence":114,"Lantern":88,"Regal Pillow":151,"hubris:SlimyHat":72,"Replay:Mystery Machine":147,"Cursed Key":191,"Pet Ghost":22,"Burning Blood":92,"SsserpentHead":47,"Replay:Bandana":91,"hubris:Icosahedron":17,"WristBlade":84,"Mummified Hand":34,"Ring of Panic":96,"Ring of the Snake":0,"hubris:DisguiseKit":119,"Guardian:GemstoneGun":17,"Guide Book":105,"hubris:MedicalManual":17,"PreservedInsect":179,"Seething Fire":0,"infinitespire:CheckeredPen":119,"hubris:Towel":139,"MawBank":176,"Peace Pipe":124,"Pondfish Scales":228,"Busted Crown":32,"infinitespire:Satchel":8,"Ring of Fury":96,"ChewingGum":220,"Garlic":92,"Art of War":96,"Bag of Marbles":228,"hexamod:BolsterEngine":195,"ReplayTheSpireMod:Lightbulb":46,"Toy Ornithopter":17,"hubris:AncientText":46,"TungstenRod":228}],"Toy Ornithopter":35,"TungstenRod":1},"card_choices":[{"not_picked":["hubris:TrickCloak","Endless Agony"],"picked":"Bouncing Flask","floor":1},{"not_picked":["Choke","hubris:Counter"],"picked":"Blade Dance","floor":2},{"not_picked":["Underhanded Strike","Blade Dance"],"picked":"Flying Knee","floor":5},{"not_picked":["Tactician","hubris:SlightOfHand"],"picked":"Catalyst","floor":6},{"not_picked":["Setup","Predator"],"picked":"Deadly Poison","floor":8},{"not_picked":["Flying Knee","Envenom"],"picked":"Blade Dance","floor":11},{"not_picked":["Bane","Blur"],"picked":"Replay:Poison Smokescreen","floor":13},{"not_picked":["Slice","Hidden Blade"],"picked":"Toxin Wave","floor":14},{"not_picked":["Malaise","After Image"],"picked":"Burst","floor":16},{"not_picked":["Slice+1"],"picked":"SKIP","floor":18},{"not_picked":["ReplayTheSpireMod:Shiv Toss"],"picked":"SKIP","floor":20},{"not_picked":[],"picked":"PiercingWail+1","floor":21},{"not_picked":[],"picked":"Toxin Wave","floor":24},{"not_picked":["Blade Dance"],"picked":"SKIP","floor":27},{"not_picked":["Finisher"],"picked":"SKIP","floor":31},{"not_picked":[],"picked":"Adrenaline","floor":33},{"not_picked":[],"picked":"Dodge and Roll","floor":35},{"not_picked":[],"picked":"ReplayTheSpireMod:The Works+1","floor":36},{"not_picked":[],"picked":"Blade Dance+1","floor":39},{"not_picked":[],"picked":"Well Laid Plans+1","floor":41},{"not_picked":[],"picked":"Blur+1","floor":44},{"not_picked":[],"picked":"Atom Bomb","floor":50},{"not_picked":["Hidden Blade"],"picked":"SKIP","floor":52},{"not_picked":["Dagger Throw"],"picked":"SKIP","floor":54},{"not_picked":["Deflect"],"picked":"SKIP","floor":57},{"not_picked":["Endless Agony"],"picked":"SKIP","floor":58},{"not_picked":["Acrobatics"],"picked":"SKIP","floor":61},{"not_picked":["infinitespire:Menacing","infinitespire:Execution"],"picked":"infinitespire:SevenWalls","floor":63},{"not_picked":[],"picked":"ReplayTheSpireMod:Shiv Toss","floor":63},{"not_picked":["ReplayTheSpireMod:Haul","infinitespire:TheBestDefense"],"picked":"ReplayTheSpireMod:Book of Names","floor":67},{"not_picked":["PiercingWail"],"picked":"SKIP","floor":69},{"not_picked":[],"picked":"Flechettes","floor":72},{"not_picked":["hubris:Counter+1"],"picked":"SKIP","floor":73},{"not_picked":[],"picked":"Dodge and Roll+1","floor":74},{"not_picked":["Underhanded Strike"],"picked":"SKIP","floor":75},{"not_picked":["Dodge and Roll","Skim"],"picked":"SKIP","floor":81},{"not_picked":["Underhanded Strike","Rebound"],"picked":"SKIP","floor":82},{"not_picked":["Doppelganger"],"picked":"Core Surge","floor":84},{"not_picked":["Prepared+1","Leap"],"picked":"SKIP","floor":86},{"not_picked":[],"picked":"Secret Technique","floor":87},{"not_picked":["BasicCrystalCard"],"picked":"Choke","floor":88},{"not_picked":["Deflect","Ball Lightning"],"picked":"SKIP","floor":92},{"not_picked":["Sweeping Beam"],"picked":"Leg Sweep+1","floor":93},{"not_picked":["ReplayTheSpireMod:Speed Training","Crystallizer"],"picked":"SKIP","floor":96},{"not_picked":["Coolheaded"],"picked":"Hidden Blade+1","floor":97},{"not_picked":["Darkness"],"picked":"Crippling Poison","floor":98},{"not_picked":["hubris:Ukulele"],"picked":"ReplayTheSpireMod:Speed Training+1","floor":99},{"not_picked":["Seek"],"picked":"After Image","floor":101},{"not_picked":["Redo"],"picked":"Well Laid Plans","floor":103},{"not_picked":["Quick Slash","Defragment"],"picked":"SKIP","floor":105},{"not_picked":["Poisoned Stab"],"picked":"Electrodynamics","floor":108},{"not_picked":["Blade Dance","BootSequence"],"picked":"SKIP","floor":109},{"not_picked":["Finisher","Biased Cognition"],"picked":"SKIP","floor":113},{"not_picked":["Chaos"],"picked":"PiercingWail","floor":116},{"not_picked":["Core Surge"],"picked":"Venomology","floor":118},{"not_picked":["Streamline"],"picked":"Draining Mist","floor":120},{"not_picked":["Cloak And Dagger","Rebound"],"picked":"SKIP","floor":121},{"not_picked":["hubris:SlightOfHand+1","Time Bomb"],"picked":"SKIP","floor":123},{"not_picked":["Cloak And Dagger","Cold Snap"],"picked":"SKIP","floor":126},{"not_picked":["Tools of the Trade","ReplaySolidLightProjector"],"picked":"SKIP","floor":127},{"not_picked":["hubris:Counter","Cold Snap"],"picked":"SKIP","floor":129},{"not_picked":["BasicCrystalCard"],"picked":"Outmaneuver+1","floor":130},{"not_picked":["Escape Plan","Conserve Battery"],"picked":"SKIP","floor":131},{"not_picked":["Redo"],"picked":"Outmaneuver","floor":132},{"not_picked":["Hidden Blade+1","Go for the Eyes"],"picked":"SKIP","floor":133},{"not_picked":["Poisoned Stab+1","Compile Driver"],"picked":"SKIP","floor":137},{"not_picked":["ReplayTheSpireMod:GoodbyeWorld"],"picked":"Catalyst","floor":140},{"not_picked":["Masterful Stab+1","Static Discharge"],"picked":"SKIP","floor":143},{"not_picked":["hubris:Ukulele"],"picked":"Replay:Bag of Tricks","floor":148},{"not_picked":["Predator","ReplaySort"],"picked":"SKIP","floor":150},{"not_picked":["Genetic Algorithm"],"picked":"Infinite Blades+1","floor":156},{"not_picked":["Biased Cognition"],"picked":"ReplayTheSpireMod:Necrosis","floor":157}],"player_experience":110479,"relics_obtained":[{"floor":6,"key":"Toy Ornithopter"},{"floor":8,"key":"Guardian:GemstoneGun"},{"floor":9,"key":"hubris:MedicalManual"},{"floor":13,"key":"Pet Ghost"},{"floor":24,"key":"hubris:AncientText"},{"floor":26,"key":"ReplayTheSpireMod:Lightbulb"},{"floor":27,"key":"Vampiric Spirits"},{"floor":41,"key":"hubris:SlimyHat"},{"floor":43,"key":"Oddly Smooth Stone"},{"floor":57,"key":"Replay:Bandana"},{"floor":60,"key":"Garlic"},{"floor":63,"key":"Art of War"},{"floor":64,"key":"Ring of Fury"},{"floor":64,"key":"Ring of Panic"},{"floor":74,"key":"hubris:Reverence"},{"floor":77,"key":"hubris:DisguiseKit"},{"floor":82,"key":"Peace Pipe"},{"floor":92,"key":"Replay:Mystery Machine"},{"floor":94,"key":"Regal Pillow"},{"floor":98,"key":"Strawberry"},{"floor":108,"key":"War Paint"},{"floor":111,"key":"MawBank"},{"floor":113,"key":"PreservedInsect"},{"floor":115,"key":"Onion Ring"},{"floor":127,"key":"Pen Nib"},{"floor":128,"key":"ReplayTheSpireMod:TigerMarble"},{"floor":130,"key":"Bronze Scales"},{"floor":143,"key":"Bag of Marbles"},{"floor":145,"key":"Pondfish Scales"},{"floor":148,"key":"Replay:Ringing Soul"},{"floor":156,"key":"Kunai"},{"floor":156,"key":"hubris:MobiusCoin"}],"event_choices":[{"damage_healed":0,"gold_gain":0,"player_choice":"Box","damage_taken":0,"relics_obtained":["infinitespire:Satchel"],"max_hp_gain":0,"max_hp_loss":0,"event_name":"Big Fish","floor":4,"gold_loss":0,"cards_obtained":["Regret"]},{"damage_healed":0,"gold_gain":0,"player_choice":"Simplicity","damage_taken":0,"max_hp_gain":0,"max_hp_loss":0,"event_name":"Back to Basics","floor":28,"gold_loss":0,"cards_upgraded":["Strike_G","Strike_G","Strike_G","Strike_G","Defend_G","Defend_G","Defend_G","Defend_G","Defend_G"]},{"damage_healed":0,"gold_gain":0,"player_choice":"Trade","damage_taken":0,"relics_obtained":["SsserpentHead"],"max_hp_gain":0,"max_hp_loss":0,"event_name":"FaceTrader","floor":30,"gold_loss":0},{"damage_healed":0,"gold_gain":0,"player_choice":"Bought 1 Potion","damage_taken":0,"max_hp_gain":0,"max_hp_loss":0,"event_name":"The Woman in Blue","floor":42,"gold_loss":0},{"cards_removed":["Strike_G"],"damage_healed":0,"gold_gain":0,"player_choice":"Card Removal","damage_taken":0,"max_hp_gain":0,"max_hp_loss":0,"event_name":"Wheel of Change","floor":45,"gold_loss":0},{"damage_healed":0,"gold_gain":62,"player_choice":"Gained Gold","damage_taken":0,"max_hp_gain":0,"max_hp_loss":0,"event_name":"Golden Wing","floor":53,"gold_loss":0},{"damage_healed":0,"gold_gain":75,"player_choice":"Gather Gold","damage_taken":11,"max_hp_gain":0,"max_hp_loss":0,"event_name":"World of Goop","floor":56,"gold_loss":0},{"cards_removed":["hubris:Wrath"],"damage_healed":0,"gold_gain":0,"player_choice":"Forget","damage_taken":0,"max_hp_gain":0,"max_hp_loss":0,"event_name":"Living Wall","floor":65,"gold_loss":0},{"damage_healed":0,"gold_gain":0,"player_choice":"","damage_taken":6,"max_hp_gain":0,"max_hp_loss":0,"event_name":"Knowing Skull","floor":70,"potions_obtained":[],"gold_loss":0,"cards_obtained":[]},{"damage_healed":0,"gold_gain":0,"player_choice":"Ignored","damage_taken":0,"max_hp_gain":0,"max_hp_loss":0,"event_name":"Beggar","floor":78,"gold_loss":0},{"damage_healed":0,"gold_gain":0,"player_choice":"Stole Relic","damage_taken":0,"relics_obtained":["infinitespire:CheckeredPen"],"max_hp_gain":0,"max_hp_loss":0,"event_name":"Addict","floor":79,"gold_loss":0,"cards_obtained":["Shame"]},{"damage_healed":0,"gold_gain":0,"player_choice":"Memory 1","damage_taken":0,"max_hp_gain":0,"max_hp_loss":0,"event_name":"SensoryStone","floor":87,"gold_loss":0},{"damage_healed":19,"gold_gain":0,"player_choice":"Healed and dodged fight","damage_taken":0,"max_hp_gain":0,"max_hp_loss":0,"event_name":"Mushrooms","floor":104,"gold_loss":0,"cards_obtained":["Parasite"]},{"damage_healed":0,"gold_gain":75,"player_choice":"Gather Gold","damage_taken":11,"max_hp_gain":0,"max_hp_loss":0,"event_name":"World of Goop","floor":106,"gold_loss":0},{"cards_removed":["Parasite"],"damage_healed":0,"gold_gain":0,"player_choice":"Purged","damage_taken":0,"max_hp_gain":0,"max_hp_loss":0,"event_name":"Purifier","floor":124,"gold_loss":0},{"damage_healed":0,"gold_gain":0,"player_choice":"Ignored","damage_taken":0,"max_hp_gain":0,"max_hp_loss":0,"event_name":"Tomb of Lord Red Mask","floor":138,"gold_loss":0},{"damage_healed":0,"gold_gain":300,"player_choice":"Gold","damage_taken":0,"max_hp_gain":0,"max_hp_loss":0,"event_name":"Wheel of Change","floor":139,"gold_loss":0},{"damage_healed":0,"gold_gain":0,"player_choice":"Memory 1","damage_taken":0,"max_hp_gain":0,"max_hp_loss":0,"event_name":"SensoryStone","floor":141,"gold_loss":0},{"cards_removed":["Core Surge"],"damage_healed":0,"gold_gain":0,"player_choice":"Removed Attack","damage_taken":0,"max_hp_gain":0,"max_hp_loss":0,"event_name":"Falling","floor":149,"gold_loss":0}],"is_beta":false,"boss_relics":[{"not_picked":["infinitespire:Cupcake","Kintsugi"],"picked":"Busted Crown"},{"not_picked":["ReplayTheSpireMod:DimensionalGlitch","Honey Jar"],"picked":"Replay:Bronze Core"},{"not_picked":["Painkiller Herb","Replay:Ancient Bell"],"picked":"WristBlade"},{"not_picked":["bronze:MakeshiftBattery","Replay:Grab Bag"],"picked":"Ring of Chaos"},{"not_picked":["Empty Cage","Tiny House"],"picked":"Astrolabe"},{"not_picked":["Snecko Scales","hubris:CrackedHourglass","ReplayTheSpireMod:DimensionalGlitch"]},{"not_picked":["Fusion Hammer","hubris:HollowSoul"],"picked":"Cursed Key"},{"not_picked":["Honey Jar","hubris:CrackedHourglass"],"picked":"ChewingGum"},{"not_picked":["Replay:Grab Bag","Coffee Dripper"],"picked":"Black Star"}],"items_purged_floors":[3,12,22],"is_endless":true,"potions_floor_spawned":[1,2,5,14,24,31,33,44,50,57,67,69,73,75,81,88,92,93,96,108,116,123,127,131,132,140,150,157],"ascension_level":1}}