{"host":"hqxy2g3i5ker09hc","time":1613864655,"event":{"mods":["2.2 Compatiblity","AlwaysNeverKeys","Aspiration","BaseMod","Beaked The Cultist","Better Match","Better Note","Better Sensory Stone","Better Silent Start","Better Third Choice","Better-Laid Plans","CCEM2","CatGirl Mod","Chen","Conspire","Downfall","Fiend Mod","GifTheSpireLib","Gold Saver","Hubris","Ironclad Rager","Jorbs\u0027s Wanderer Trilogy","Minty Spire (QoL Compilation)","MostiFishMod","Permanent Neow","Quarter Circle Forward PUNCH!","Quick Restart","Replay The Spire","Shop Mod","Small Relic Pack","Spikes Relics","StSLib","Stuff the Spire","The Animator","The Bug Knight","The Forsaken","The Wild Card"],"gold_per_floor":[134,134,144,158,80,80,25,25,50,50,50,71,95,95,95,223,223,239,258,218,218,268,268],"floor_reached":22,"language":"ENG","playtime":1068,"items_purged":[],"score":174,"play_id":"a0ecebd3-0fb6-4386-8816-2abfd731a5f7","local_time":"20210221004415","is_ascension_mode":false,"campfire_choices":[{"data":"Fiend:FiendRadiation","floor":6,"key":"SMITH"},{"data":"Fiend:FiendConsume","floor":10,"key":"SMITH"},{"floor":15,"key":"REST"}],"circlet_count":0,"master_deck":["Fiend:FiendDemonSlash","Fiend:FiendDemonSlash","Fiend:FiendDemonSlash","Fiend:FiendDemonSlash+1","Fiend:FiendFortify+1","Fiend:FiendFortify","Fiend:FiendFortify","Fiend:FiendFortify","Fiend:FiendConsume+1","Fiend:FiendRadiation+1","Fiend:FiendFlay+1","Fiend:FiendBloodPrice","Fiend:FiendBloodPrice","Fiend:FiendViolentOutburst+1","Fiend:FiendAbomination","Fiend:FiendMasochism","Fiend:FiendFiendishCharge","Fiend:FiendMeditate+1"],"relics":["Fiend:FiendTotem","DaveBox","aspiration:Nostalgia","Iron Core","SynthV:TestCard","Golden Idol","hubris:OldNail","relicPack:KazumaCape"],"acts_visited":["Exordium","TheCity"],"potions_floor_usage":[],"damage_taken":[{"damage":5,"enemies":"2 Louse","floor":1,"turns":2},{"damage":4,"enemies":"Small Slimes","floor":3,"turns":3},{"damage":7,"enemies":"Jaw Worm","floor":4,"turns":3},{"damage":6,"enemies":"Gremlin Gang","floor":12,"turns":5},{"damage":31,"enemies":"Exordium Wildlife","floor":13,"turns":4},{"damage":21,"enemies":"Hexaghost","floor":16,"turns":6},{"damage":62,"enemies":"2 Thieves","floor":18,"turns":4},{"damage":10,"enemies":"3 Byrds","floor":19,"turns":4},{"damage":11,"enemies":"Snecko","floor":22,"turns":2}],"seed_played":"-3078584207027969279","potions_obtained":[{"floor":13,"key":"LiquidMemories"},{"floor":16,"key":"Swift Potion"}],"is_trial":false,"path_per_floor":["M","?","M","M","$","R","$","?","T","R","?","M","M","?","R","B",null,"M","M","?","?","M"],"character_chosen":"THE_FIEND","items_purchased":["Fiend:FiendBloodPrice","Fiend:FiendViolentOutburst+1"],"campfire_rested":1,"item_purchase_floors":[5,7],"current_hp_per_floor":[65,65,61,54,54,54,54,37,37,37,44,38,7,7,28,12,70,14,4,4,4,0,0],"gold":268,"neow_bonus":"NOSTALGIA","is_daily":false,"chose_seed":false,"campfire_upgraded":2,"win_rate":0.0,"timestamp":1613864655,"path_taken":["M","?","M","M","$","R","$","?","T","R","?","M","?","?","R","BOSS","M","M","?","?","M"],"items_purchased_type":["Card","Card"],"build_version":"2020-12-22","purchased_purges":0,"victory":false,"max_hp_per_floor":[70,70,70,70,70,70,70,70,70,70,70,70,70,70,70,70,70,73,73,73,73,73,73],"card_choices":[{"not_picked":["Hologram","Fiend:FiendFleshPlating"],"picked":"Fiend:FiendRadiation","floor":1},{"not_picked":["Hologram","Body Slam","Anger","Fiend:FiendRadiation"],"picked":"Fiend:FiendFlay","floor":3},{"not_picked":["Recycle","Genetic Algorithm","Fiend:FiendSplat","Evolve"],"picked":"Fiend:FiendBloodPrice","floor":4},{"not_picked":["Fiend:FiendMeatPaste","Anger","Fiend:FiendSplat","Firewall"],"picked":"Fiend:FiendAbomination","floor":12},{"not_picked":["Fiend:FiendVaccine","Flex","Recycle","Body Slam","Fiend:FiendMeatMagnet"],"picked":"SKIP","floor":13},{"not_picked":["Fiend:FiendNom","Fiend:FiendMutilation","Reaper","Fiend:FiendHealBurst"],"picked":"Fiend:FiendMasochism","floor":16},{"not_picked":["Fiend:FiendFleshPlating","Fiend:FiendDemonicContract","Fiend:FiendSplat","Fiend:FiendViolentOutburst"],"picked":"Fiend:FiendFiendishCharge","floor":18},{"not_picked":["Fiend:FiendRampage","Fiend:FiendVaccine","Fiend:FiendDemonicContract","Fiend:FiendBloodPrice"],"picked":"Fiend:FiendMeditate+1","floor":19}],"player_experience":731513,"relics_obtained":[{"floor":1,"key":"SynthV:TestCard"},{"floor":9,"key":"hubris:OldNail"}],"event_choices":[{"damage_healed":0,"gold_gain":0,"player_choice":"Leave","damage_taken":0,"max_hp_gain":0,"max_hp_loss":0,"event_name":"The Cleric","floor":2,"gold_loss":0},{"damage_healed":0,"gold_gain":0,"player_choice":"Take Damage","damage_taken":17,"relics_obtained":["Golden Idol"],"max_hp_gain":0,"max_hp_loss":0,"event_name":"Golden Idol","floor":8,"gold_loss":0},{"damage_healed":0,"gold_gain":0,"player_choice":"Grow","damage_taken":0,"max_hp_gain":0,"max_hp_loss":0,"event_name":"Living Wall","floor":14,"gold_loss":0,"cards_upgraded":["Fiend:FiendFlay"]},{"damage_healed":0,"gold_gain":0,"player_choice":"Upgraded Two","damage_taken":0,"max_hp_gain":0,"max_hp_loss":0,"event_name":"Designer","floor":20,"gold_loss":40,"cards_upgraded":["Fiend:FiendFortify","Fiend:FiendDemonSlash"]},{"cards_removed":["Fiend:FiendDemonSlash"],"damage_healed":0,"gold_gain":0,"player_choice":"Card Removal","damage_taken":0,"max_hp_gain":0,"max_hp_loss":0,"event_name":"Wheel of Change","floor":21,"gold_loss":0}],"is_beta":false,"boss_relics":[{"not_picked":["Ectoplasm","Ring of Chaos"],"picked":"relicPack:KazumaCape"}],"items_purged_floors":[],"is_endless":false,"potions_floor_spawned":[13,16,18],"killed_by":"Snecko","ascension_level":0}}