{"host":"rjfefv2ruvigm2gb","time":1613791297,"event":{"mods":["Act Like it!","AlwaysNeverKeys","BaseMod","Better Note","Better Third Choice","BetterRewards","Block Reminder","Bossed Relics","Colored Map","Colored Powertips","Conspire","Curses Come First","Displayed Cursed Tome","Downfall","Fox Events","GifTheSpireLib","Gold Saver","Googly Eyes","Highlight Path","Hubris","Ironclad Rager","Minty Spire (QoL Compilation)","Monster B Gone","Permanent Neow","Poor People Problems","Quick Restart","Relic Filter","Relic Stats","Reliquary","Replay The Spire","Retaliation","Ruina","Shop Mod","Small Relic Pack","Spire Arcade","StS++","StSLib","Stuff the Spire","SuperFastMode","The Blue Laboratory","Transform Curses","Uncapped","Virulent Crown"],"gold_per_floor":[328,403,414,414,433,460,472,507,533,548,182,182,182,196,196,297,297,314,327,346,346,362,362,401,401,426,456,356,356,46,46,46,146,146,159,159,159,159,159,193,228,245,245,245,195,224,240,67,67,67,67,67,67,94,96],"floor_reached":56,"language":"ENG","playtime":2799,"items_purged":["bronze:Strike","bronze:Strike"],"score":1940,"play_id":"d306edd6-128b-49b4-9aa5-3b70788be800","local_time":"20210219212137","is_ascension_mode":true,"campfire_choices":[{"floor":12.0,"key":"REST"},{"floor":15.0,"key":"REST"},{"data":"bronze:ItsAFeature","floor":23.0,"key":"SMITH"},{"floor":25.0,"key":"REST"},{"floor":29.0,"key":"REST"},{"data":"bronze:ItsAFeature","floor":32.0,"key":"SMITH"},{"floor":44.0,"key":"REST"},{"floor":49.0,"key":"REST"},{"data":"bronze:BuggyMess","floor":52,"key":"SMITH"}],"circlet_count":0,"master_deck":["bronze:Strike","bronze:Strike","bronze:Defend","bronze:Defend","bronze:Defend","bronze:Defend","bronze:Replicate+1","bronze:Goto+1","bronze:BuggyMess","bronze:Branch","bronze:BuggyMess+1","bronze:BugBarrage","bronze:CutThrough+1","bronze:BuggyMess","bronze:BuggyMess","bronze:Branch","Apotheosis+1","bronze:DelayedSlice+1","bronze:FineTuning","bronze:ItsAFeature+1","bronze:WildBeam","bronze:Return","bronze:BronzeOrb","bronze:ItsAFeature+1","bronze:Mutator","bronze:Turbo","bronze:ItsAFeature+1","bronze:WildBeam+1","bronze:BugBarrage+1","bronze:BuggyMess+1","bronze:Shield+1","bronze:BugBarrage+1","bronze:BronzeOrb","bronze:Repulsor"],"relics":["bronze:BronzeCore","reliquary:BoilingFlask","Durian","Replay:Rubber Ducky","WingedGreaves","Honey Jar","reliquary:Firecrackers","StSpp:BrokenTotem","Replay:Mystery Machine","bronze:MakeshiftBattery","relicPack:DSword","Whetstone","Toxic Egg 2","StuffTheSpire:GrapeVine","bronze:SilverBullet","hubris:Teleporter"],"acts_visited":["Exordium","TheCity","TheBeyond","TheEnding"],"potions_floor_usage":[55,55,55,55,55,55,55,55,55,55,55,55],"damage_taken":[{"damage":3.0,"enemies":"Cultist","floor":1.0,"turns":4.0},{"damage":3.0,"enemies":"Jaw Worm","floor":3.0,"turns":4.0},{"damage":2.0,"enemies":"2 Louse","floor":5.0,"turns":3.0},{"damage":26.0,"enemies":"Lagavulin","floor":6.0,"turns":8.0},{"damage":0.0,"enemies":"Exordium Wildlife","floor":7.0,"turns":2.0},{"damage":28.0,"enemies":"3 Sentries","floor":8.0,"turns":8.0},{"damage":0.0,"enemies":"Large Slime","floor":10.0,"turns":2.0},{"damage":0.0,"enemies":"3 Louse","floor":14.0,"turns":3.0},{"damage":41.0,"enemies":"Slime Boss","floor":16.0,"turns":11.0},{"damage":0.0,"enemies":"Spheric Guardian","floor":18.0,"turns":3.0},{"damage":0.0,"enemies":"Shell Parasite","floor":19.0,"turns":2.0},{"damage":0.0,"enemies":"Snake Plant","floor":20.0,"turns":2.0},{"damage":0.0,"enemies":"Shelled Parasite and Fungi","floor":22.0,"turns":3.0},{"damage":0.0,"enemies":"Gremlin Leader","floor":24.0,"turns":5.0},{"damage":18.0,"enemies":"Slavers","floor":27.0,"turns":4.0},{"damage":0.0,"enemies":"Champ","floor":33.0,"turns":4.0},{"damage":0.0,"enemies":"3 Darklings","floor":35.0,"turns":3.0},{"damage":0.0,"enemies":"Nemesis","floor":40.0,"turns":3.0},{"damage":6.0,"enemies":"Reptomancer","floor":41.0,"turns":5.0},{"damage":0.0,"enemies":"Orb Walker","floor":42.0,"turns":3.0},{"damage":0.0,"enemies":"Giant Head","floor":46.0,"turns":6.0},{"damage":0.0,"enemies":"Maw","floor":47.0,"turns":3.0},{"damage":0,"enemies":"Awakened One","floor":50,"turns":6},{"damage":11,"enemies":"Shield and Spear","floor":54,"turns":4},{"damage":1,"enemies":"The Heart","floor":55,"turns":6}],"seed_played":"-6610323185279899907","potions_obtained":[{"floor":1.0,"key":"blueLaboratory:BottleOfVodka"},{"floor":6.0,"key":"bronze:FreeFunctionsPotion"},{"floor":16.0,"key":"Explosive Potion"},{"floor":18.0,"key":"blueLaboratory:PolymorphPotion"},{"floor":22.0,"key":"sneckomod:MuddlingPotion"},{"floor":41.0,"key":"Doom Potion"},{"floor":42.0,"key":"blueLaboratory:EnragingPotion"}],"is_trial":false,"path_per_floor":["M","?","M","?","M","E","M","E","T","M","$","R","?","M","R","B",null,"M","M","M","?","M","R","E","R","T","E","$","R","$","?","R","B",null,"M","?","?","?","?","E","E","M","T","R","$","E","M","$","R","B",null,"R","$","E","B",null],"character_chosen":"THE_AUTOMATON","items_purchased":["WingedGreaves","bronze:ItsAFeature","blueLaboratory:ExaltedPotion","DDmod:CleansePotion","Toxic Potion","bronze:BuggyMess+1","EntropicBrew","bronze:BronzeOrb"],"campfire_rested":6,"item_purchase_floors":[11,30,30,30,30,45,48,48],"current_hp_per_floor":[60,60,57,57,55,29,29,6,6,6,6,28,28,28,50,9,59,59,59,59,59,59,59,59,75,75,57,57,75,75,75,75,75,75,75,75,40,40,40,40,34,34,34,56,56,56,56,56,75,75,75,75,75,64,63],"gold":96,"neow_bonus":"THREE_CARDS","is_daily":false,"chose_seed":false,"campfire_upgraded":3,"win_rate":0.0,"timestamp":1613791297,"path_taken":["M","?","M","?","M","E","M","E","T","M","$","R","?","?","R","BOSS","M","M","M","?","M","R","E","R","T","E","$","R","$","?","R","BOSS","M","?","?","?","?","E","E","M","T","R","$","E","M","$","R","BOSS","R","$","E","BOSS"],"items_purchased_type":["Relic","Card","Potion","Potion","Potion","Card","Potion","Card"],"build_version":"2020-12-22","purchased_purges":2,"victory":true,"max_hp_per_floor":[70,70,70,70,70,70,70,75,75,75,75,75,75,75,75,75,75,75,75,75,75,75,75,75,75,75,75,75,75,75,75,75,75,75,75,75,75,75,75,75,75,75,75,75,75,75,75,75,75,75,75,75,75,75,75],"relic_stats":{"counters":[41,187],"Whetstone":["bronze:CutThrough","bronze:Replicate"],"obtain_stats":[{"bronze:BronzeCore":0,"relicPack:DSword":37,"hubris:Teleporter":54,"downfall:HeartBlessingRed":1,"reliquary:BoilingFlask":6,"reliquary:Firecrackers":24,"downfall:HeartBlessingGreen":1,"StuffTheSpire:GrapeVine":43,"Whetstone":40,"Replay:Mystery Machine":27,"reliquary:QuartzCube":8,"Replay:Rubber Ducky":9,"ReplayTheSpireMod:Shallot":24,"Shuriken":7,"downfall:HeartBlessingBlue":18,"Honey Jar":17,"StSpp:BrokenTotem":26,"WingedGreaves":11,"Durian":8,"reliquary:WritOfMandamus":17,"Toxic Egg 2":41,"bronze:SilverBullet":46,"bronze:MakeshiftBattery":34},{"bronze:BronzeCore":0,"relicPack:DSword":33,"hubris:Teleporter":40,"downfall:HeartBlessingRed":0,"reliquary:BoilingFlask":20,"reliquary:Firecrackers":30,"downfall:HeartBlessingGreen":0,"StuffTheSpire:GrapeVine":36,"Whetstone":34,"Replay:Mystery Machine":31,"reliquary:QuartzCube":5,"Replay:Rubber Ducky":22,"ReplayTheSpireMod:Shallot":15,"Shuriken":4,"downfall:HeartBlessingBlue":10,"Honey Jar":25,"StSpp:BrokenTotem":30,"WingedGreaves":23,"Durian":22,"reliquary:WritOfMandamus":10,"Toxic Egg 2":35,"bronze:SilverBullet":37,"bronze:MakeshiftBattery":32},{"bronze:BronzeCore":0,"relicPack:DSword":151,"hubris:Teleporter":181,"downfall:HeartBlessingRed":0,"reliquary:BoilingFlask":99,"reliquary:Firecrackers":140,"downfall:HeartBlessingGreen":0,"StuffTheSpire:GrapeVine":162,"Whetstone":154,"Replay:Mystery Machine":144,"reliquary:QuartzCube":21,"Replay:Rubber Ducky":109,"ReplayTheSpireMod:Shallot":77,"Shuriken":13,"downfall:HeartBlessingBlue":48,"Honey Jar":125,"StSpp:BrokenTotem":140,"WingedGreaves":111,"Durian":109,"reliquary:WritOfMandamus":48,"Toxic Egg 2":159,"bronze:SilverBullet":168,"bronze:MakeshiftBattery":148}]},"card_choices":[{"not_picked":["bronze:Constructor","bronze:DelayedSlice"],"picked":"bronze:BuggyMess","floor":0.0},{"not_picked":["bronze:ClassDefault","bronze:ForceShield"],"picked":"bronze:Branch","floor":1.0},{"not_picked":["bronze:FineTuning","bronze:Overheat"],"picked":"bronze:BuggyMess","floor":3.0},{"not_picked":["bronze:DelayedGuard","bronze:BuggyMess"],"picked":"bronze:BugBarrage","floor":5.0},{"not_picked":["bronze:Hardcode","bronze:Constructor"],"picked":"bronze:CutThrough","floor":6.0},{"not_picked":["bronze:CutThrough","bronze:Overheat"],"picked":"bronze:BuggyMess","floor":7.0},{"not_picked":["bronze:ChildClass","bronze:GetLatest"],"picked":"bronze:BuggyMess","floor":8.0},{"not_picked":["bronze:Iterate","bronze:FineTuning"],"picked":"bronze:Branch","floor":10.0},{"not_picked":["bronze:Invalidate","bronze:Refactor","bronze:Return"],"picked":"SKIP","floor":14.0},{"not_picked":["bronze:Backtrace","bronze:Overheat","bronze:Frontload"],"picked":"bronze:DelayedSlice+1","floor":18.0},{"not_picked":["bronze:Deprecate","bronze:BuggyMess","bronze:DigitalCarnage+1"],"picked":"bronze:FineTuning","floor":19.0},{"not_picked":["bronze:Fortify","bronze:Shield","bronze:Safeguard"],"picked":"bronze:ItsAFeature","floor":20.0},{"not_picked":["bronze:Deprecate","bronze:Hardcode","bronze:Invalidate"],"picked":"bronze:WildBeam","floor":22.0},{"not_picked":["bronze:Deprecate","bronze:OilSpill","bronze:WhirlingStrike+1"],"picked":"bronze:Return","floor":24.0},{"not_picked":["bronze:HardenedForm","bronze:Turbo","bronze:FineTuning"],"picked":"bronze:BronzeOrb","floor":27.0},{"not_picked":["bronze:ShipIt","bronze:HardenedForm","bronze:SpaghettiCode"],"picked":"bronze:Mutator","floor":33.0},{"not_picked":["bronze:ChildClass","bronze:Separator","bronze:Philosophize"],"picked":"bronze:Turbo","floor":35.0},{"not_picked":["bronze:CutThrough+1","bronze:Separator","bronze:Shield"],"picked":"bronze:ItsAFeature+1","floor":40.0},{"not_picked":["bronze:Return+1","bronze:WhirlingStrike+1","bronze:Turbo+1"],"picked":"bronze:WildBeam+1","floor":41.0},{"not_picked":["bronze:MaxOutput+1","bronze:Constructor+1","bronze:CloningBeam"],"picked":"bronze:BugBarrage+1","floor":42.0},{"not_picked":["bronze:Safeguard+1","bronze:Deprecate+1","bronze:DelayedSlice"],"picked":"bronze:Shield+1","floor":46.0},{"not_picked":["bronze:Turbo+1","bronze:Iterate","bronze:Safeguard+1"],"picked":"bronze:BugBarrage+1","floor":47.0},{"not_picked":["bronze:RecursiveStrike","bronze:Branch+1","bronze:DarkDash+1"],"picked":"bronze:Repulsor","floor":54}],"player_experience":1138082,"relics_obtained":[{"floor":6.0,"key":"reliquary:BoilingFlask"},{"floor":8.0,"key":"Durian"},{"floor":9.0,"key":"Replay:Rubber Ducky"},{"floor":24.0,"key":"reliquary:Firecrackers"},{"floor":26.0,"key":"StSpp:BrokenTotem"},{"floor":27.0,"key":"Replay:Mystery Machine"},{"floor":40.0,"key":"Whetstone"},{"floor":41.0,"key":"Toxic Egg 2"},{"floor":43.0,"key":"StuffTheSpire:GrapeVine"},{"floor":46.0,"key":"bronze:SilverBullet"},{"floor":54,"key":"hubris:Teleporter"}],"event_choices":[{"damage_healed":0.0,"max_hp_gain":0.0,"max_hp_loss":0.0,"gold_gain":0.0,"event_name":"Living Wall","player_choice":"Grow","floor":4.0,"gold_loss":0.0,"damage_taken":0.0,"cards_upgraded":["bronze:Goto"]},{"damage_healed":28.0,"max_hp_gain":0.0,"max_hp_loss":75.0,"gold_gain":0.0,"event_name":"betterThird:BetterShining","player_choice":"Embrace","floor":13.0,"gold_loss":0.0,"damage_taken":0.0},{"damage_healed":0.0,"max_hp_gain":0.0,"max_hp_loss":0.0,"gold_gain":0.0,"event_name":"Tomb of Lord Red Mask","player_choice":"Ignored","floor":38.0,"gold_loss":0.0,"damage_taken":0.0},{"damage_healed":0.0,"max_hp_gain":0.0,"max_hp_loss":0.0,"gold_gain":0.0,"event_name":"conspire:Investor","player_choice":"Leave","floor":39.0,"gold_loss":0.0,"damage_taken":0.0}],"is_beta":false,"boss_relics":[{"not_picked":["SacredBark","hubris:TerracottaHorce"],"picked":"Honey Jar"},{"not_picked":["hubris:ScarierMask","hubris:BlackHole"],"picked":"bronze:MakeshiftBattery"}],"items_purged_floors":[11,28],"is_endless":false,"potions_floor_spawned":[1,6,16,18,22,41,42,47,54],"ascension_level":9}}