{"host":"y9jgkjnf95sujozk","time":1613831637,"event":{"mods":["2.2 Compatiblity","AchievementEnabler","Act Like it!","BaseMod","BetterRewards","Block Reminder","Colored Map","Colored Powertips","Friendly Minions","Gensokyo","GifTheSpireLib","Hallownest","Hermit","Highlight Path","HololiveMod","Hubris","Infinite Spire","Jorbs\u0027s Wanderer Trilogy","Koishi","Marisa（霧雨　魔理沙）","Minty Spire (QoL Compilation)","Quick Restart","Random Character Button","Rare Cards Sparkle","Reimu（博??梦）","Remilia（蕾米莉?）","Replay The Spire","Shop Mod","StSLib","SuperFastMode","The Bug Knight","The Cursed","The Disciple","The Hierophant","The Jungle","The Runesmith","The Senshi","The Servant 0.9.4"],"gold_per_floor":[118,118,137,137,153,186,186,220,246,259,259,276,276,147,147,250,250,270,270,270,270],"floor_reached":20,"language":"ENG","playtime":478,"items_purged":[],"score":359,"play_id":"53dc1b5f-54ea-4629-9c73-88f929a684b5","local_time":"20210220153357","is_ascension_mode":true,"campfire_choices":[{"floor":7,"key":"REST"},{"floor":11,"key":"REST"},{"floor":15,"key":"REST"}],"circlet_count":0,"master_deck":["Strike_R+1","Strike_R","Strike_R+1","Strike_R","Strike_R","Bash","Rupture","Wild Strike","Anger","Dual Wield","Twin Strike","ReplayTheSpireMod:Muscle Training","Headbutt","Wild Strike","Hallownest:skillSlugHide","Hallownest:skillSlugHide","Hallownest:skillSlugHide","Hallownest:skillSlugHide","Hallownest:skillSlugHide","Master of Strategy","Metamorphosis","ReplayTheSpireMod:Private Reserves","Fiend Fire","Body Slam","infinitespire:SevenWalls"],"relics":["Burning Blood","Hallownest:DreamNailRelic","Iron Hammer","hubris:ChampionShield","Simple Rune","ReplayTheSpireMod:ShopPack","ChewingGum"],"acts_visited":["Exordium","Hallownest:Greenpath"],"potions_floor_usage":[16,16,16],"damage_taken":[{"damage":5,"enemies":"Hallownest:monsterHuskWarrior","floor":1,"turns":5},{"damage":2,"enemies":"Hallownest:monsterHuskGuard","floor":3,"turns":4},{"damage":3,"enemies":"Hallownest:2_Baldur","floor":5,"turns":3},{"damage":39,"enemies":"Hallownest:eliteVengeflyKing","floor":6,"turns":8},{"damage":16,"enemies":"Hallownest:eliteCrystalGuardian","floor":8,"turns":5},{"damage":6,"enemies":"Hallownest:Wandering_and_Horned","floor":10,"turns":4},{"damage":12,"enemies":"Hallownest:Guard_and_Warrior","floor":12,"turns":6},{"damage":54,"enemies":"Hallownest:BossHornet","floor":16,"turns":6},{"damage":53,"enemies":"theJungle:GiantWrat","floor":18,"turns":6},{"damage":13,"enemies":"theJungle:Flameango_and_Byrd","floor":20,"turns":1}],"seed_played":"4577829581106167776","potions_obtained":[{"floor":8,"key":"Venom Potion"},{"floor":10,"key":"Flashbang"},{"floor":12,"key":"Swift Potion"},{"floor":16,"key":"Weak Potion"},{"floor":18,"key":"Dexterity Potion"}],"is_trial":false,"path_per_floor":["M","$","M","?","M","E","R","E","T","M","R","M","?","$","R","B",null,"M","?","M"],"character_chosen":"IRONCLAD","items_purchased":["Rupture","ReplayTheSpireMod:ShopPack"],"campfire_rested":3,"item_purchase_floors":[0,14],"current_hp_per_floor":[80,80,80,80,80,47,71,61,61,61,80,74,74,74,80,32,80,33,13,0,0],"gold":270,"neow_bonus":"","is_daily":false,"chose_seed":false,"campfire_upgraded":0,"win_rate":0.0,"timestamp":1613831637,"path_taken":["M","$","M","?","?","E","R","E","T","M","R","M","?","$","R","BOSS","M","?","M"],"items_purchased_type":["Card","Relic"],"build_version":"2020-12-22","purchased_purges":0,"victory":false,"max_hp_per_floor":[80,80,80,80,80,80,80,80,80,80,80,80,80,80,80,80,80,80,80,80,80],"card_choices":[{"not_picked":["Clothesline","Pommel Strike"],"picked":"Wild Strike","floor":1},{"not_picked":["Flex","Armaments"],"picked":"Anger","floor":3},{"not_picked":["Iron Wave","infinitespire:OneForAll"],"picked":"Dual Wield","floor":5},{"not_picked":["Clash","Iron Wave"],"picked":"Twin Strike","floor":6},{"not_picked":["Shockwave","Headbutt"],"picked":"ReplayTheSpireMod:Muscle Training","floor":8},{"not_picked":["Clothesline","Wild Strike"],"picked":"Headbutt","floor":10},{"not_picked":["Seeing Red","Clash"],"picked":"Wild Strike","floor":12},{"not_picked":["Thinking Ahead","ReplayTheSpireMod:Necrogeddon"],"picked":"Master of Strategy","floor":14},{"not_picked":["Jack Of All Trades","Discovery"],"picked":"Metamorphosis","floor":14},{"not_picked":["ReplayTheSpireMod:Brewmster","Madness"],"picked":"ReplayTheSpireMod:Private Reserves","floor":14},{"not_picked":["Barricade","Juggernaut"],"picked":"Fiend Fire","floor":16},{"not_picked":["Armaments+1","True Grit"],"picked":"Body Slam","floor":18},{"not_picked":["infinitespire:Menacing","infinitespire:SealOfDarkness+"],"picked":"infinitespire:SevenWalls","floor":19}],"player_experience":143832,"relics_obtained":[{"floor":6,"key":"Iron Hammer"},{"floor":8,"key":"hubris:ChampionShield"},{"floor":9,"key":"Simple Rune"}],"event_choices":[],"is_beta":false,"boss_relics":[{"not_picked":["hubris:BlackHole","Runesmith:UraniumAnvil"],"picked":"ChewingGum"}],"items_purged_floors":[],"is_endless":false,"potions_floor_spawned":[8,10,12,16,18],"killed_by":"theJungle:Flameango_and_Byrd","ascension_level":4}}