{"host":"rantoq7h0pygex6x","time":1613806085,"event":{"mods":["AchievementEnabler","BaseMod","BetterRewards","Minty Spire (QoL Compilation)","SuperFastMode"],"gold_per_floor":[118,118,130,140,160,160,31,66,90,90,90,90,90,102,102,175,175,192,208,225,225,241,241,241,241],"floor_reached":24,"language":"ENG","playtime":522,"items_purged":["Strike_B","Strike_B","Defend_B"],"score":596,"play_id":"c71bd201-fd24-44dc-931f-cb8dbf52d7d8","local_time":"20210220152805","is_ascension_mode":true,"campfire_choices":[{"data":"Defragment","floor":6.0,"key":"SMITH"},{"data":"Capacitor","floor":11.0,"key":"SMITH"},{"data":"Sunder","floor":13.0,"key":"SMITH"},{"data":"Zap","floor":15.0,"key":"SMITH"},{"floor":23,"key":"REST"}],"circlet_count":0,"master_deck":["AscendersBane","Strike_B+1","Defend_B+1","Defend_B+1","Defend_B+1","Zap+1","Dualcast","Self Repair","Gash+1","Loop","Leap","Beam Cell","Defragment+1","Sunder+1","Force Field","Cold Snap","Static Discharge","Force Field","Capacitor+1","Hologram","Seek","Gash","Defragment"],"relics":["Cracked Core","Membership Card","Thread and Needle","MealTicket","Whetstone","Strawberry","Ice Cream","Inserter"],"acts_visited":["Exordium","TheCity"],"potions_floor_usage":[22],"damage_taken":[{"damage":0.0,"enemies":"2 Louse","floor":1.0,"turns":3.0},{"damage":0.0,"enemies":"Cultist","floor":3.0,"turns":3.0},{"damage":7.0,"enemies":"Jaw Worm","floor":4.0,"turns":4.0},{"damage":10.0,"enemies":"Red Slaver","floor":5.0,"turns":5.0},{"damage":7.0,"enemies":"Lagavulin","floor":8.0,"turns":7.0},{"damage":0.0,"enemies":"Large Slime","floor":14.0,"turns":7.0},{"damage":34.0,"enemies":"Hexaghost","floor":16.0,"turns":9.0},{"damage":26.0,"enemies":"3 Byrds","floor":18.0,"turns":4.0},{"damage":19.0,"enemies":"Shell Parasite","floor":19.0,"turns":6.0},{"damage":22.0,"enemies":"Centurion and Healer","floor":20.0,"turns":5.0},{"damage":19,"enemies":"Shelled Parasite and Fungi","floor":22,"turns":6},{"damage":40,"enemies":"Gremlin Leader","floor":24,"turns":2}],"seed_played":"4919956099489934567","potions_obtained":[{"floor":1.0,"key":"FearPotion"},{"floor":3.0,"key":"Dexterity Potion"},{"floor":4.0,"key":"Weak Potion"},{"floor":5.0,"key":"SkillPotion"},{"floor":20.0,"key":"ColorlessPotion"},{"floor":22,"key":"Dexterity Potion"}],"is_trial":false,"path_per_floor":["M","?","M","M","M","R","$","E","T","T","R","?","R","M","R","B",null,"M","M","M","?","M","R","E"],"character_chosen":"DEFECT","items_purchased":["Membership Card","Self Repair","Thread and Needle","Gash","Loop","Leap","Beam Cell","Static Discharge","Force Field"],"campfire_rested":1,"item_purchase_floors":[0,0,0,0,0,0,0,7,7],"current_hp_per_floor":[46,46,53,53,50,50,65,65,72,72,72,72,72,78,78,51,71,52,40,25,25,13,36,0,0],"gold":241,"neow_bonus":"","is_daily":false,"chose_seed":false,"campfire_upgraded":4,"win_rate":0.0,"timestamp":1613806085,"path_taken":["M","?","M","M","?","R","$","E","T","?","R","?","R","?","R","BOSS","M","M","M","?","M","R","E"],"items_purchased_type":["Relic","Card","Relic","Card","Card","Card","Card","Card","Card"],"build_version":"2020-12-22","purchased_purges":3,"victory":false,"max_hp_per_floor":[71,71,71,71,71,71,71,71,78,78,78,78,78,78,78,78,78,78,78,78,78,78,78,78,78],"card_choices":[{"not_picked":["Cold Snap","Capacitor"],"picked":"Defragment","floor":1.0},{"not_picked":["Fusion","Blizzard"],"picked":"Sunder","floor":3.0},{"not_picked":["Double Energy","Barrage"],"picked":"Force Field","floor":4.0},{"not_picked":["Leap","Coolheaded"],"picked":"Cold Snap","floor":5.0},{"not_picked":["Cold Snap","Doom and Gloom"],"picked":"Capacitor","floor":8.0},{"not_picked":["Loop","Beam Cell"],"picked":"Hologram","floor":14.0},{"not_picked":["Creative AI","Fission"],"picked":"Seek","floor":16.0},{"not_picked":["Sweeping Beam","Static Discharge"],"picked":"Gash","floor":18.0},{"not_picked":["Turbo","Heatsinks"],"picked":"Defragment","floor":19.0},{"not_picked":["Go for the Eyes","Redo","Compile Driver"],"picked":"SKIP","floor":20.0},{"not_picked":["Doom and Gloom","Fusion","Darkness+1"],"picked":"SKIP","floor":22}],"player_experience":1008308,"relics_obtained":[{"floor":2.0,"key":"MealTicket"},{"floor":8.0,"key":"Whetstone"},{"floor":9.0,"key":"Strawberry"},{"floor":10.0,"key":"Ice Cream"}],"event_choices":[{"damage_healed":0.0,"max_hp_gain":0.0,"max_hp_loss":0.0,"gold_gain":0.0,"event_name":"Wheel of Change","player_choice":"Relic","floor":2.0,"gold_loss":0.0,"damage_taken":0.0},{"cards_removed":["Strike_B"],"damage_healed":0.0,"max_hp_gain":0.0,"max_hp_loss":0.0,"gold_gain":0.0,"event_name":"Purifier","player_choice":"Purged","floor":12.0,"gold_loss":0.0,"damage_taken":0.0},{"damage_healed":0.0,"max_hp_gain":0.0,"max_hp_loss":0.0,"gold_gain":0.0,"event_name":"Back to Basics","player_choice":"Simplicity","floor":21.0,"gold_loss":0.0,"damage_taken":0.0,"cards_upgraded":["Defend_B","Defend_B","Defend_B"]}],"is_beta":false,"boss_relics":[{"not_picked":["SacredBark","Calling Bell"],"picked":"Inserter"}],"items_purged_floors":[0,0,7],"is_endless":false,"potions_floor_spawned":[1,3,4,5,20,22],"killed_by":"Gremlin Leader","ascension_level":20}}