{"host":"eaiphzh066bwqdh7","time":1613830258,"event":{"mods":["AchievementEnabler","Aspiration","BaseMod","Better Note","Colored Powertips","Halation","Highlight Path","Hubris","Infinite Spire","Minty Spire (QoL Compilation)","Quick Restart","Reliquary","Replay The Spire","StSLib"],"gold_per_floor":[115,132,132,142,162,162,177,21,21,45,45,45,45,80,80,183,183,172,172,172,186,186,321,321,13,13,13,13,13,46,46,46,151,151,162,182,230,230,330,330,330,355,405,36,51,62,62,79,79,179,179],"floor_reached":50,"language":"ENG","playtime":2085,"items_purged":["Defend_G"],"score":878,"play_id":"796e1dd7-3768-4c12-b8ec-40536bde56ba","local_time":"20210220091058","is_ascension_mode":true,"campfire_choices":[{"floor":6,"key":"REST"},{"floor":11,"key":"REST"},{"floor":13,"key":"REST"},{"data":"hubris:Fate","floor":15,"key":"SMITH"},{"data":"Adrenaline","floor":24,"key":"SMITH"},{"data":"Adrenaline","floor":27,"key":"SMITH"},{"floor":32,"key":"REST"},{"floor":41,"key":"REST"},{"floor":47,"key":"REST"},{"data":"Adrenaline","floor":49,"key":"SMITH"}],"circlet_count":0,"master_deck":["Defend_G","Defend_G","Defend_G","Defend_G","Survivor","Neutralize","Poisoned Stab","Poisoned Stab","hubris:Fate+1","Poisoned Stab","Adrenaline+1","Adrenaline+1","Slice","Bite","Bite","Bite","Bite","Bite","Blade Dance+1","Burst","Deadly Poison","Blade Dance+1","Bane+1","Adrenaline+1","Envenom","Backflip","Bane+1"],"relics":["reliquary:WritOfMandamus","aspiration:HummingbirdHeart","Nunchaku","Pear","halation:IncompleteEncyclopedia","reliquary:BallBearing","hubris:Icosahedron","WingedGreaves","halation:OrihimeAndHikoboshiSamaAndTears","Replay:Bottled Flurry","Replay:Accelerometer","Runic Pyramid","Oddly Smooth Stone","Tough Bandages","MealTicket","halation:Jellyphish","Replay:Mystery Machine"],"acts_visited":["Exordium","TheCity","TheBeyond"],"potions_floor_usage":[14,31,33,33,40,42,42,50],"damage_taken":[{"damage":15,"enemies":"Cultist","floor":1,"turns":5},{"damage":4,"enemies":"Small Slimes","floor":2,"turns":3},{"damage":12,"enemies":"Jaw Worm","floor":4,"turns":2},{"damage":0,"enemies":"Large Slime","floor":5,"turns":3},{"damage":8,"enemies":"Exordium Thugs","floor":7,"turns":3},{"damage":7,"enemies":"Lagavulin","floor":14,"turns":3},{"damage":13,"enemies":"Fading Forest","floor":16,"turns":11},{"damage":0,"enemies":"2 Thieves","floor":18,"turns":2},{"damage":0,"enemies":"3 Byrds","floor":21,"turns":5},{"damage":20,"enemies":"Gremlin Leader","floor":23,"turns":5},{"damage":13,"enemies":"Slavers","floor":30,"turns":5},{"damage":0,"enemies":"Snake Plant","floor":31,"turns":1},{"damage":63,"enemies":"Pondfish","floor":33,"turns":9},{"damage":14,"enemies":"Orb Walker","floor":35,"turns":4},{"damage":18,"enemies":"3 Shapes","floor":36,"turns":6},{"damage":0,"enemies":"Nemesis","floor":40,"turns":1},{"damage":0,"enemies":"Giant Head","floor":42,"turns":5},{"damage":4,"enemies":"Jaw Worm Horde","floor":45,"turns":3},{"damage":9,"enemies":"Writhing Mass","floor":46,"turns":3},{"damage":3,"enemies":"Transient","floor":48,"turns":5},{"damage":100,"enemies":"Time Eater","floor":50,"turns":7}],"seed_played":"-3472151029756279386","potions_obtained":[{"floor":1,"key":"Elixir"},{"floor":5,"key":"AttackPotion"},{"floor":14,"key":"Doom Potion"},{"floor":16,"key":"Energy Potion"},{"floor":23,"key":"SmokeBomb"},{"floor":33,"key":"LifebloodPotion"},{"floor":37,"key":"Languid Potion"},{"floor":45,"key":"Swift Potion"}],"is_trial":false,"path_per_floor":["M","M","?","M","M","R","M","$","T","T","R","$","R","E","R","B",null,"M","?","T","M","?","E","R","$","T","R","?","$","E","M","R","B",null,"M","M","?","?","?","E","R","E","T","$","M","M","R","M","R","B"],"character_chosen":"THE_SILENT","items_purchased":["Blood Vial","halation:OrihimeAndHikoboshiSamaAndTears","halation:Jellyphish","Envenom"],"campfire_rested":6,"item_purchase_floors":[8,25,44,44],"current_hp_per_floor":[55,51,34,22,22,43,35,35,35,35,56,56,70,73,73,76,80,80,80,80,80,80,66,66,66,66,66,66,66,65,65,80,29,80,68,60,28,28,28,28,52,66,66,80,80,71,80,80,80,0,0],"gold":179,"neow_bonus":"BOSS_RELIC","is_daily":false,"chose_seed":false,"campfire_upgraded":4,"win_rate":0.0,"timestamp":1613830258,"path_taken":["M","?","?","M","M","R","M","$","T","?","R","$","R","E","R","BOSS","M","?","?","M","?","E","R","$","T","R","?","$","E","M","R","BOSS","M","M","?","?","?","E","R","E","T","$","?","?","R","M","R","BOSS"],"items_purchased_type":["Relic","Relic","Relic","Card"],"build_version":"2020-12-22","purchased_purges":1,"victory":false,"max_hp_per_floor":[70,70,70,70,70,70,70,70,70,70,70,70,70,80,80,80,80,80,80,80,80,80,80,80,80,80,80,80,80,80,80,80,80,80,80,80,80,80,80,80,80,80,80,80,80,80,80,80,80,80,80],"card_choices":[{"not_picked":["Slice","Concentrate"],"picked":"Poisoned Stab","floor":1},{"not_picked":["Cloak And Dagger","Dagger Throw"],"picked":"Poisoned Stab","floor":2},{"not_picked":["ReplayTheSpireMod:Black Plague","infinitespire:FinalStrike"],"picked":"hubris:Fate","floor":3},{"not_picked":["Deflect","PiercingWail"],"picked":"Poisoned Stab","floor":4},{"not_picked":["Quick Slash","Eviscerate","Masterful Stab"],"picked":"SKIP","floor":5},{"not_picked":["hubris:TrickCloak","Dagger Throw"],"picked":"Adrenaline","floor":7},{"not_picked":["Outmaneuver","hubris:SlightOfHand","Bane"],"picked":"SKIP","floor":14},{"not_picked":["Outmaneuver","hubris:SlightOfHand","Bane"],"picked":"SKIP","floor":14},{"not_picked":["aspiration:Lunge","A Thousand Cuts"],"picked":"Adrenaline","floor":16},{"not_picked":["Backflip","ReplayTheSpireMod:Exploit Weakness"],"picked":"Slice","floor":18},{"not_picked":["Footwork","ReplayTheSpireMod:The Works"],"picked":"Deadly Poison","floor":21},{"not_picked":["Backflip","ReplayTheSpireMod:The Works"],"picked":"Blade Dance+1","floor":23},{"not_picked":["Poison Darts","Escape Plan","Draining Mist"],"picked":"SKIP","floor":30},{"not_picked":["Doppelganger","Poison Darts"],"picked":"Burst","floor":33},{"not_picked":["Bane","Outmaneuver+1"],"picked":"Deadly Poison","floor":35},{"not_picked":["Fluid Movement","Flying Knee"],"picked":"Blade Dance+1","floor":36},{"not_picked":["Dagger Throw","Expertise+1"],"picked":"Bane+1","floor":37},{"not_picked":["hubris:SlightOfHand","Flying Knee"],"picked":"Adrenaline","floor":42},{"not_picked":["Dagger Spray+1","Outmaneuver+1"],"picked":"Backflip","floor":45},{"not_picked":["Poisoned Stab","Outmaneuver+1"],"picked":"Bane+1","floor":46},{"not_picked":["Dagger Spray","Distraction","Wraith Form v2"],"picked":"SKIP","floor":48}],"player_experience":331219,"relics_obtained":[{"floor":9,"key":"aspiration:HummingbirdHeart"},{"floor":10,"key":"Nunchaku"},{"floor":14,"key":"Pear"},{"floor":20,"key":"reliquary:BallBearing"},{"floor":23,"key":"WingedGreaves"},{"floor":26,"key":"Replay:Bottled Flurry"},{"floor":30,"key":"Replay:Accelerometer"},{"floor":37,"key":"Oddly Smooth Stone"},{"floor":42,"key":"Tough Bandages"},{"floor":43,"key":"MealTicket"}],"event_choices":[{"damage_healed":0,"gold_gain":0,"player_choice":"Became a vampire (Vial)","damage_taken":0,"max_hp_gain":0,"max_hp_loss":0,"event_name":"Vampires","floor":19,"relics_lost":["Blood Vial"],"gold_loss":0,"cards_obtained":["Bite","Bite","Bite","Bite","Bite"]},{"damage_healed":0,"gold_gain":0,"player_choice":"0 cards matched","damage_taken":0,"max_hp_gain":0,"max_hp_loss":0,"event_name":"Match and Keep!","floor":28,"gold_loss":0,"cards_obtained":[]},{"cards_removed":["Deadly Poison"],"damage_healed":0,"gold_gain":0,"player_choice":"Removed Skill","damage_taken":0,"max_hp_gain":0,"max_hp_loss":0,"event_name":"Falling","floor":38,"gold_loss":0},{"damage_healed":0,"gold_gain":100,"player_choice":"Pray","damage_taken":0,"max_hp_gain":0,"max_hp_loss":0,"event_name":"Golden Shrine","floor":39,"gold_loss":0}],"is_beta":false,"boss_relics":[{"not_picked":["reliquary:RedCape","hubris:CrackedHourglass"],"picked":"halation:IncompleteEncyclopedia"},{"not_picked":["reliquary:RedPaperclip","Kintsugi"],"picked":"Runic Pyramid"}],"items_purged_floors":[44],"is_endless":false,"potions_floor_spawned":[1,5,14,16,23,30,31,33,40,45],"killed_by":"Time Eater","ascension_level":4}}