{"host":"¿à÷økuyou","time":1613810132,"event":{"mods":["ATMod(°¢èªMod)","Act Like it!","BaseMod","BetterRewards","Minty Spire (QoL Compilation)","Quick Restart","StSLib"],"gold_per_floor":[114,129,304,229,229,259,274,274,274,304,334,34,0,15,15,115,115,130,130,145,145,160,190,205,235,235,235,235,265,280,295,295,395,395,410,425,50,74,89,119,119,119,144,183,198,198,222,240,240,240],"floor_reached":51,"language":"ZHS","playtime":2124,"items_purged":["Doubt"],"score":935,"play_id":"55c83008-0379-4f12-815d-d9c9d67a7cc2","local_time":"20210220163532","daily_mods":["Shiny","Red Cards","DeadlyEvents"],"is_ascension_mode":false,"campfire_choices":[{"data":"Defragment","floor":8.0,"key":"SMITH"},{"data":"AT_RightCognition","floor":15.0,"key":"SMITH"},{"data":"Berserk","floor":28,"key":"SMITH"},{"data":"Creative AI","floor":32,"key":"SMITH"},{"data":"Feel No Pain","floor":41,"key":"SMITH"},{"data":"Demon Form","floor":46,"key":"SMITH"},{"data":"Fission","floor":49,"key":"SMITH"}],"circlet_count":0,"master_deck":["Double Tap","Demon Form+1","Fiend Fire","AT_Dispersion","Berserk+1","Impervious","Juggernaut","Brutality","Exhume","Offering","Bludgeon","Feed","Limit Break","Barricade","Reaper","Immolate","Machine Learning","Buffer","AT_RightCognition+1","Seek","Echo Form","AT_WaterDrop","All For One","Fission+1","Core Surge","Multi-Cast","Biased Cognition","Electrodynamics","Rainbow","Meteor Strike","Amplify","Creative AI+1","AT_ThunderBolt","Defragment+1","Aggregate","Second Wind","Necronomicurse","Feel No Pain+1","Force Field","Shrug It Off","Buffer","Burning Pact","Ball Lightning","Offering","Capacitor","Power Through+1","Shockwave+1","Madness","Madness"],"relics":["Cracked Core","AT_ATBox","AT_SunfireAegis","Emotion Chip","Boot","AT_EbonyIvory","Ancient Tea Set","Bird Faced Urn","Nuclear Battery","Necronomicon","Cables","Eternal Feather","Pear","Blood Vial","Snecko Eye","Ice Cream","Lizard Tail","CeramicFish","Happy Flower","AT_RedTearstoneRing"],"acts_visited":["Exordium","TheCity","TheBeyond"],"potions_floor_usage":[47,50,50],"damage_taken":[{"damage":21.0,"enemies":"Cultist","floor":1.0,"turns":4.0},{"damage":12.0,"enemies":"Jaw Worm","floor":2.0,"turns":2.0},{"damage":0.0,"enemies":"3 Sentries","floor":6.0,"turns":1.0},{"damage":20.0,"enemies":"Small Slimes","floor":7.0,"turns":3.0},{"damage":0.0,"enemies":"Gremlin Nob","floor":10.0,"turns":4.0},{"damage":28.0,"enemies":"3 Sentries","floor":11.0,"turns":4.0},{"damage":0.0,"enemies":"Looter","floor":14.0,"turns":2.0},{"damage":16.0,"enemies":"Hexaghost","floor":16.0,"turns":6.0},{"damage":0,"enemies":"Spheric Guardian","floor":18,"turns":4},{"damage":6,"enemies":"Chosen","floor":20,"turns":3},{"damage":12,"enemies":"Snecko","floor":22,"turns":4},{"damage":18,"enemies":"Slavers","floor":23,"turns":3},{"damage":6,"enemies":"Snake Plant","floor":24,"turns":3},{"damage":12,"enemies":"Gremlin Leader","floor":25,"turns":2},{"damage":39,"enemies":"Book of Stabbing","floor":29,"turns":4},{"damage":0,"enemies":"Cultist and Chosen","floor":30,"turns":3},{"damage":2,"enemies":"Centurion and Healer","floor":31,"turns":4},{"damage":29,"enemies":"Collector","floor":33,"turns":7},{"damage":0,"enemies":"3 Shapes","floor":35,"turns":2},{"damage":0,"enemies":"Orb Walker","floor":36,"turns":2},{"damage":60,"enemies":"2 Orb Walkers","floor":38,"turns":5},{"damage":22,"enemies":"Writhing Mass","floor":39,"turns":3},{"damage":12,"enemies":"Nemesis","floor":40,"turns":5},{"damage":1,"enemies":"Giant Head","floor":44,"turns":5},{"damage":11,"enemies":"Maw","floor":45,"turns":5},{"damage":19,"enemies":"Jaw Worm Horde","floor":47,"turns":2},{"damage":31,"enemies":"Time Eater","floor":50,"turns":5}],"seed_played":"3618718455484561711","potions_obtained":[{"floor":11.0,"key":"CultistPotion"},{"floor":14.0,"key":"SteroidPotion"},{"floor":16.0,"key":"SkillPotion"},{"floor":20,"key":"SkillPotion"},{"floor":29,"key":"DuplicationPotion"},{"floor":44,"key":"DuplicationPotion"},{"floor":47,"key":"SpeedPotion"}],"is_trial":false,"path_per_floor":["M","M","?","$","?","E","M","R","T","E","E","$","?","M","R","B",null,"M","?","M","?","M","E","M","E","T","$","R","E","M","M","R","B",null,"M","M","$","?","M","E","R","?","T","E","M","R","M","?","R","B",null],"character_chosen":"DEFECT","items_purchased":["Bird Faced Urn","Ice Cream","Capacitor"],"campfire_rested":0,"item_purchase_floors":[12,37,37],"current_hp_per_floor":[54,46,46,46,46,46,32,32,32,37,17,17,17,25,25,44,75,75,59,70,70,70,70,74,66,76,76,88,63,79,88,88,88,88,91,91,91,54,56,78,94,94,94,94,94,94,89,77,94,94],"gold":240,"neow_bonus":"","is_daily":true,"chose_seed":false,"campfire_upgraded":7,"win_rate":0.0,"timestamp":1613810132,"path_taken":["M","M","?","$","?","E","M","R","T","?","?","$","?","M","R","BOSS","M","?","M","?","M","E","M","E","T","?","R","E","M","M","R","BOSS","M","M","$","?","M","E","R","?","T","E","M","R","M","?","R","BOSS"],"items_purchased_type":["Relic","Relic","Card"],"build_version":"2020-12-18","purchased_purges":1,"victory":true,"max_hp_per_floor":[75,75,75,75,75,75,75,75,75,75,75,75,75,75,75,75,75,75,75,78,78,78,78,78,78,88,88,88,88,88,88,88,88,88,91,91,91,94,94,94,94,94,94,94,94,94,94,94,94,94],"card_choices":[{"not_picked":["Headbutt","Hologram"],"picked":"Defragment","floor":1.0},{"not_picked":["Armaments","Ghostly Armor"],"picked":"Aggregate","floor":2.0},{"not_picked":["Storm","Disarm","Hemokinesis"],"picked":"SKIP","floor":6.0},{"not_picked":["Cleave","AT_IchimonjiDouble","Hello World"],"picked":"SKIP","floor":7.0},{"not_picked":["Brutality","Dual Wield","Beam Cell"],"picked":"SKIP","floor":10.0},{"not_picked":["Inflame","Hemokinesis","True Grit"],"picked":"SKIP","floor":11.0},{"not_picked":["Uppercut","Pommel Strike"],"picked":"Second Wind","floor":14.0},{"not_picked":["Rebound","AT_CaressingTears","Lockon+1"],"picked":"SKIP","floor":18},{"not_picked":["Sword Boomerang","Chill"],"picked":"Feel No Pain","floor":20},{"not_picked":["Go for the Eyes","Wild Strike","Flex"],"picked":"SKIP","floor":22},{"not_picked":["AT_WarpDrive","Battle Trance","Iron Wave"],"picked":"SKIP","floor":23},{"not_picked":["Scrape","BootSequence","Hello World"],"picked":"SKIP","floor":24},{"not_picked":["Leap","Sweeping Beam"],"picked":"Buffer","floor":25},{"not_picked":["Cold Snap","AT_IchimonjiDouble"],"picked":"Burning Pact","floor":29},{"not_picked":["Anger","Body Slam"],"picked":"Ball Lightning","floor":30},{"not_picked":["Headbutt","Sword Boomerang","Auto Shields+1"],"picked":"SKIP","floor":31},{"not_picked":["Reaper","Core Surge"],"picked":"Offering","floor":33},{"not_picked":["Havoc+1","Headbutt+1","Clothesline+1"],"picked":"SKIP","floor":35},{"not_picked":["Steam+1","Reprogram","Burning Pact+1"],"picked":"SKIP","floor":36},{"not_picked":["Redo+1","Thunderclap+1","Gash"],"picked":"SKIP","floor":39},{"not_picked":["Hemokinesis+1","Conserve Battery","Sword Boomerang"],"picked":"SKIP","floor":40},{"not_picked":["Melter+1","Hologram"],"picked":"Power Through+1","floor":44},{"not_picked":["Combust","Evolve","Headbutt+1"],"picked":"SKIP","floor":45},{"not_picked":["Force Field","BootSequence+1"],"picked":"Shockwave+1","floor":47}],"player_experience":220635,"relics_obtained":[{"floor":6.0,"key":"Emotion Chip"},{"floor":9.0,"key":"Boot"},{"floor":10.0,"key":"AT_EbonyIvory"},{"floor":11.0,"key":"Ancient Tea Set"},{"floor":19,"key":"Necronomicon"},{"floor":23,"key":"Cables"},{"floor":25,"key":"Eternal Feather"},{"floor":26,"key":"Pear"},{"floor":29,"key":"Blood Vial"},{"floor":38,"key":"Lizard Tail"},{"floor":40,"key":"CeramicFish"},{"floor":43,"key":"Happy Flower"},{"floor":44,"key":"AT_RedTearstoneRing"}],"event_choices":[{"damage_healed":0.0,"max_hp_gain":0.0,"max_hp_loss":0.0,"gold_gain":175.0,"event_name":"Liars Game","player_choice":"AGREE","floor":3.0,"gold_loss":0.0,"damage_taken":0.0,"cards_obtained":["Doubt"]},{"cards_removed":["Reboot"],"damage_healed":0.0,"max_hp_gain":0.0,"max_hp_loss":0.0,"gold_gain":0.0,"event_name":"WeMeetAgain","player_choice":"Gave Card","floor":5.0,"gold_loss":0.0,"damage_taken":0.0,"relics_obtained":["AT_SunfireAegis"]},{"damage_healed":0.0,"max_hp_gain":0.0,"max_hp_loss":0.0,"gold_gain":0.0,"event_name":"World of Goop","player_choice":"Left Gold","floor":13.0,"gold_loss":34.0,"damage_taken":0.0},{"damage_healed":0,"gold_gain":0,"player_choice":"Obtained Book","damage_taken":16,"max_hp_gain":0,"max_hp_loss":0,"event_name":"Cursed Tome","floor":19,"gold_loss":0},{"damage_healed":0,"gold_gain":0,"cards_transformed":["Hyperbeam","Thunder Strike"],"player_choice":"Became Test Subject","damage_taken":0,"max_hp_gain":0,"max_hp_loss":0,"event_name":"Drug Dealer","floor":21,"gold_loss":0,"cards_obtained":["Force Field","Shrug It Off"]},{"damage_healed":0,"gold_gain":0,"player_choice":"Fight","damage_taken":0,"max_hp_gain":0,"max_hp_loss":0,"event_name":"Mysterious Sphere","floor":38,"gold_loss":0},{"cards_removed":["Corruption"],"damage_healed":0,"gold_gain":0,"player_choice":"Removed Power","damage_taken":0,"max_hp_gain":0,"max_hp_loss":0,"event_name":"Falling","floor":42,"gold_loss":0},{"damage_healed":0,"gold_gain":0,"player_choice":"Embrace Madness","damage_taken":12,"max_hp_gain":0,"max_hp_loss":0,"event_name":"Winding Halls","floor":48,"gold_loss":0,"cards_obtained":["Madness","Madness"]}],"is_beta":true,"boss_relics":[{"not_picked":["Calling Bell","Fusion Hammer"],"picked":"Nuclear Battery"},{"not_picked":["Runic Pyramid","Velvet Choker"],"picked":"Snecko Eye"}],"items_purged_floors":[4],"is_endless":false,"potions_floor_spawned":[11,14,16,18,20,22,29,31,38,44,45,47],"ascension_level":0}}