{"host":"3twtdwjpiqhvvn5s","time":1613822742,"event":{"mods":["AchievementEnabler","Act Like it!","Aspiration","BaseMod","BetterRewards","Colored Map","Colored Powertips","Downfall","Duelist Mod","Friendly Minions","GifTheSpireLib","Hermit","Hubris","Infinite Spire","Jorbs\u0027s Wanderer Trilogy","Koishi","KomeijiMod","Marisa????????","Minty Spire (QoL Compilation)","Quick Restart","Rare Cards Sparkle","Replay The Spire","Shop Mod","StSLib","Td1madao Mod","The Administrix","The Animator","The Bug Knight","The Caster","The Cursed","The Disciple","The Hierophant","The Necromancer","The Poker Player","The Runesmith","The Servant 0.9.4"],"gold_per_floor":[179,189,208,222,222,253,266,300,300,300,316,327,340,351,351,446,446,462,474,490,506,523,548,648,680,707,81,92,92,22,34,34,34,34],"floor_reached":33,"language":"ENG","playtime":35259,"items_purged":[],"score":457,"play_id":"e16d6dfe-558f-48f9-a5c5-6fe03412a534","local_time":"20210220060542","daily_mods":["Draft","Blue Cards","Night Terrors"],"is_ascension_mode":false,"campfire_choices":[{"data":"Melter","floor":10,"key":"SMITH"},{"data":"Sunder","floor":15,"key":"SMITH"}],"circlet_count":0,"master_deck":["Warpath","Stack","Melter+1","Conserve Battery","DemonsDinnerFork_Remiria","CurseofVladTepes","ServantFlier","Ball Lightning","Turbo","Warpath","Feint","Impregnable","Beam Cell","Sweeping Beam","ServantFlier","Warpath","RocketKickup","ReplaySort","Turbo","Languid","Sunder+1","CruelSlaughter","Thunder Strike","Warpath","Tearing","Feint+1","Feint","BadLadyScramble","Searching","Warpath","infinitespire:Starlight","Replay:Fractal Strike","infinitespire:Collect","ReplayTheSpireMod:??????????????????????","MiserableFate_Remiria","CurseofVladTepes","ThirstForBlood+1"],"relics":["UnsealingCross","ReplayTheSpireMod:Ring of Addiction","SacredBark","Toy Ornithopter","Ring of Misfortune","CaptainsWheel","Tiny Chest","Replay:Accelerometer","Nunchaku","Gremlin Food","Pen Nib","Art of War","Kunai","Cursed Key","aspiration:Nostalgia","theDuelist:CardPoolMinusRelic"],"acts_visited":["Exordium","TheCity"],"potions_floor_usage":[6,6,6,8,12,13,14,16,18,20,20,33],"damage_taken":[{"damage":8,"enemies":"Small Slimes","floor":1,"turns":3},{"damage":0,"enemies":"2 Louse","floor":2,"turns":1},{"damage":0,"enemies":"Cultist","floor":3,"turns":1},{"damage":18,"enemies":"Lots of Slimes","floor":4,"turns":4},{"damage":7,"enemies":"Lagavulin","floor":6,"turns":4},{"damage":0,"enemies":"2 Fungi Beasts","floor":7,"turns":1},{"damage":6,"enemies":"3 Sentries","floor":8,"turns":4},{"damage":0,"enemies":"Large Slime","floor":11,"turns":2},{"damage":4,"enemies":"3 Louse","floor":12,"turns":2},{"damage":0,"enemies":"Blue Slaver","floor":13,"turns":3},{"damage":4,"enemies":"Exordium Wildlife","floor":14,"turns":1},{"damage":0,"enemies":"Fading Forest","floor":16,"turns":11},{"damage":10,"enemies":"2 Thieves","floor":18,"turns":2},{"damage":0,"enemies":"Spheric Guardian","floor":19,"turns":2},{"damage":20,"enemies":"Centurion and Healer","floor":20,"turns":2},{"damage":0,"enemies":"Cultist and Chosen","floor":21,"turns":4},{"damage":0,"enemies":"Sentry and Sphere","floor":22,"turns":2},{"damage":0,"enemies":"Slavers","floor":23,"turns":1},{"damage":47,"enemies":"Book of Stabbing","floor":25,"turns":5},{"damage":8,"enemies":"Shelled Parasite and Fungi","floor":28,"turns":2},{"damage":12,"enemies":"3 Cultists","floor":31,"turns":3},{"damage":31,"enemies":"hubris:MusketHawk","floor":33,"turns":4}],"seed_played":"-2248368386754600453","potions_obtained":[{"floor":4,"key":"Fire Potion"},{"floor":5,"key":"ColorlessPotion"},{"floor":5,"key":"Toxic Potion"},{"floor":5,"key":"Fire Potion"},{"floor":7,"key":"Doom Potion"},{"floor":8,"key":"EssenceOfSteel"},{"floor":11,"key":"champ:CounterPotion"},{"floor":12,"key":"Block Potion"},{"floor":14,"key":"AttackPotion"},{"floor":16,"key":"BlessingOfTheForge"},{"floor":18,"key":"DuplicationPotion"},{"floor":19,"key":"Weak Potion"},{"floor":31,"key":"Slimebound:ThreeZeroPotion"}],"is_trial":true,"path_per_floor":["M","M","M","M","?","E","M","E","T","R","M","M","M","M","R","B",null,"M","M","M","M","M","E","?","E","T","$","M","AVR","$","M","R","B"],"character_chosen":"RemiriaScarlet","items_purchased":["Searching","Warpath","Art of War","Kunai","MiserableFate_Remiria"],"campfire_rested":0,"item_purchase_floors":[27,27,27,27,30],"current_hp_per_floor":[92,92,92,74,74,82,82,81,81,81,81,82,87,88,88,93,98,93,93,83,83,83,83,83,36,36,36,28,28,28,26,26,0,0],"gold":34,"neow_bonus":"","is_daily":false,"chose_seed":false,"campfire_upgraded":2,"win_rate":0.0,"timestamp":1613822742,"path_taken":["M","M","M","M","?","E","M","E","T","R","M","M","M","M","R","BOSS","M","M","M","M","M","E","?","E","T","$","?","AVR","?","M","R","BOSS"],"items_purchased_type":["Card","Card","Relic","Relic","Card"],"build_version":"2020-12-22","purchased_purges":0,"victory":false,"max_hp_per_floor":[100,100,100,100,100,100,100,100,100,100,100,98,98,98,98,98,98,98,98,98,98,98,98,96,96,96,94,94,94,92,92,92,90,90],"card_choices":[{"not_picked":["Feint","Rebound"],"picked":"Warpath","floor":0},{"not_picked":["FierceSweep","Aggregate"],"picked":"Stack","floor":0},{"not_picked":["BathedInBlood","Consume"],"picked":"Melter","floor":0},{"not_picked":["BodyStrengthen","FateEnsemble"],"picked":"Conserve Battery","floor":0},{"not_picked":["Cold Snap","Lockon"],"picked":"DemonsDinnerFork_Remiria","floor":0},{"not_picked":["ReplayTheSpireMod:GoodbyeWorld","Beam Cell"],"picked":"CurseofVladTepes","floor":0},{"not_picked":["Coolheaded","Glacier"],"picked":"ServantFlier","floor":0},{"not_picked":["Tempest","Force Field"],"picked":"Ball Lightning","floor":0},{"not_picked":["Sweeping Beam","BloodyMagicSquare"],"picked":"Turbo","floor":0},{"not_picked":["Coolheaded","DemonsDinnerFork_Remiria"],"picked":"Warpath","floor":0},{"not_picked":["Barrage","BloodCollect"],"picked":"Feint","floor":0},{"not_picked":["Double Energy","FateMeister"],"picked":"Impregnable","floor":0},{"not_picked":["Ball Lightning","Barrage"],"picked":"Beam Cell","floor":0},{"not_picked":["BodyStrengthen","ReplayTheSpireMod:System Scan"],"picked":"Sweeping Beam","floor":0},{"not_picked":["BloodSurge","Scrape"],"picked":"ServantFlier","floor":0},{"not_picked":["Consume","Barrage"],"picked":"Warpath","floor":1},{"not_picked":["Rebound","BloodSurge"],"picked":"RocketKickup","floor":2},{"not_picked":["SeparateFleshBlood","DoubleEdge"],"picked":"ReplaySort","floor":3},{"not_picked":["FastHealing","DoubleEdge"],"picked":"Turbo","floor":4},{"not_picked":["VampireKiss_Remiria","Coolheaded","Rip and Tear"],"picked":"SKIP","floor":6},{"not_picked":["Capacitor","SeparateFleshBlood","Go for the Eyes"],"picked":"SKIP","floor":7},{"not_picked":["Leap","Lockon","Turbo"],"picked":"SKIP","floor":8},{"not_picked":["Panic Button","Turbo"],"picked":"Sunder","floor":11},{"not_picked":["BodyStrengthen","RemiliaStalker","Rebound"],"picked":"SKIP","floor":12},{"not_picked":["Rebound","NightDance","Chaos"],"picked":"SKIP","floor":13},{"not_picked":["Go for the Eyes","SealingFear"],"picked":"CruelSlaughter","floor":14},{"not_picked":["Buffer","Rainbow"],"picked":"Thunder Strike","floor":16},{"not_picked":["DemonsDinnerFork_Remiria","ThirstForBlood","DoubleEdge"],"picked":"SKIP","floor":18},{"not_picked":["ThePrice+1","BloodySuit","DoubleEdge"],"picked":"SKIP","floor":19},{"not_picked":["DemonsDinnerFork_Remiria","Cripple"],"picked":"Warpath","floor":20},{"not_picked":["FierceSweep","FastHealing+1"],"picked":"Tearing","floor":21},{"not_picked":["SeparateFleshBlood+1","DamonLordCradle_Remiria+1"],"picked":"Feint+1","floor":22},{"not_picked":["ScarletNetherworld","Offensive"],"picked":"Feint","floor":23},{"not_picked":["BathedInBlood+1","SeparateFleshBlood"],"picked":"BadLadyScramble","floor":25},{"not_picked":["DoubleEdge","DamonLordCradle_Remiria","Cripple"],"picked":"SKIP","floor":28},{"not_picked":["BloodCollect","FateMeister"],"picked":"CurseofVladTepes","floor":31},{"not_picked":["FierceSweep","DoubleEdge"],"picked":"ThirstForBlood+1","floor":31}],"player_experience":3278942,"relics_obtained":[{"floor":5,"key":"ReplayTheSpireMod:Ring of Addiction"},{"floor":5,"key":"SacredBark"},{"floor":5,"key":"Toy Ornithopter"},{"floor":5,"key":"Ring of Misfortune"},{"floor":6,"key":"CaptainsWheel"},{"floor":8,"key":"Tiny Chest"},{"floor":9,"key":"Replay:Accelerometer"},{"floor":23,"key":"Nunchaku"},{"floor":25,"key":"Gremlin Food"},{"floor":26,"key":"Pen Nib"}],"event_choices":[{"damage_healed":0,"gold_gain":100,"player_choice":"Pray","damage_taken":0,"max_hp_gain":0,"max_hp_loss":0,"event_name":"Golden Shrine","floor":24,"gold_loss":0}],"is_beta":false,"boss_relics":[{"not_picked":["Ectoplasm","Astrolabe"],"picked":"UnsealingCross"}],"items_purged_floors":[],"is_endless":false,"potions_floor_spawned":[4,7,8,11,12,14,16,18,19,31],"killed_by":"hubris:MusketHawk","ascension_level":0}}