{"host":"delta","time":1613825044,"event":{"mods":["Act Like it!","BaseMod","Lobotomy","Minty Spire (QoL Compilation)","StSLib","The Hierophant","WarShipGirlsR/战舰少女R mod","残留之物"],"gold_per_floor":[112,128,140,159,159,159,203,203,203,244,258,283,298,318,318,444,444,465,465,465,478,503,503,534,534,534,558,599,599,632,547,547,673,673,693,711,397,377,277,277,277,313,390,17,73,116,116,125,125,125],"floor_reached":51,"language":"ZHS","playtime":3180,"items_purged":["PlaceholderMod:BaseStrike","PlaceholderMod:BaseStrike","PlaceholderMod:BaseStrike"],"score":1105,"play_id":"c76210ba-c090-4f3a-9d3b-a5ce639c61e4","local_time":"20210220204404","is_ascension_mode":true,"campfire_choices":[{"data":"PlaceholderMod:EvolutionSpray","floor":8.0,"key":"SMITH"},{"data":"PlaceholderMod:BlastSpray","floor":15.0,"key":"SMITH"},{"floor":23.0,"key":"REST"},{"data":"PlaceholderMod:Corrosion","floor":25.0,"key":"SMITH"},{"data":"PlaceholderMod:HornyCollision","floor":29.0,"key":"SMITH"},{"data":"PlaceholderMod:Crystallization","floor":32.0,"key":"SMITH"},{"data":"PlaceholderMod:Activation","floor":41.0,"key":"SMITH"},{"data":"PlaceholderMod:GrowthForm","floor":49.0,"key":"SMITH"}],"circlet_count":0,"master_deck":["PlaceholderMod:BaseDefend","PlaceholderMod:BaseDefend","PlaceholderMod:BaseDefend","PlaceholderMod:BaseDefend","PlaceholderMod:BaseDefend","PlaceholderMod:Crystal","PlaceholderMod:PoisonWhip","UniverseFragment","PlaceholderMod:CycleAttack","PunishingBird","PlaceholderMod:Crystallization+1","SilentOrchestra","PlaceholderMod:CrystallizationStrike","SpiderBud","PlaceholderMod:EvolutionSpray+1","Decay","MHz","PlaceholderMod:PericyclicReaction","PlaceholderMod:Corrosion+1","PlaceholderMod:BlastSpray+1","PlaceholderMod:HornyCollision+1","PlaceholderMod:HighConcentration+1","PlaceholderMod:HighConcentration+1","PlaceholderMod:Activation+1","PlaceholderMod:DiffusionChemical+1","PlaceholderMod:Eat","PlaceholderMod:GrowthForm+1"],"relics":["PlaceholderMod:Tancle","CogitoBucket","RabbitCall","Golden Idol","Strawberry","Meat on the Bone","Pantograph","AdjustmentMirror","Busted Crown","Blue Candle","PlaceholderMod:SlimeBlood","Eternal Feather","Juzu Bracelet","Bag of Marbles","Coffee Dripper","AtMidnight","SkinProphecy","Bottled Tornado","Mercury Hourglass","Mummified Hand","Pear","Singing Bowl","Prayer Wheel","Bottled Flame","CeramicFish"],"acts_visited":["Exordium","TheCity","TheBeyond"],"potions_floor_usage":[],"damage_taken":[{"damage":0.0,"enemies":"Small Slimes","floor":1.0,"turns":5.0},{"damage":1.0,"enemies":"Jaw Worm","floor":2.0,"turns":4.0},{"damage":2.0,"enemies":"Cultist","floor":3.0,"turns":3.0},{"damage":4.0,"enemies":"2 Fungi Beasts","floor":4.0,"turns":4.0},{"damage":17.0,"enemies":"Gremlin Nob","floor":7.0,"turns":5.0},{"damage":4.0,"enemies":"3 Sentries","floor":10.0,"turns":11.0},{"damage":27.0,"enemies":"Looter","floor":11.0,"turns":5.0},{"damage":8.0,"enemies":"Blue Slaver","floor":12.0,"turns":3.0},{"damage":1.0,"enemies":"Lots of Slimes","floor":13.0,"turns":4.0},{"damage":0.0,"enemies":"3 Louse","floor":14.0,"turns":3.0},{"damage":2.0,"enemies":"Slime Boss","floor":16.0,"turns":5.0},{"damage":50.0,"enemies":"Shell Parasite","floor":18.0,"turns":4.0},{"damage":13.0,"enemies":"2 Thieves","floor":21.0,"turns":3.0},{"damage":0.0,"enemies":"Snecko","floor":22.0,"turns":2.0},{"damage":12.0,"enemies":"Book of Stabbing","floor":24.0,"turns":4.0},{"damage":0.0,"enemies":"Snake Plant","floor":27.0,"turns":3.0},{"damage":11.0,"enemies":"Gremlin Leader","floor":28.0,"turns":4.0},{"damage":0.0,"enemies":"Book of Stabbing","floor":30.0,"turns":4.0},{"damage":7.0,"enemies":"Champ","floor":33.0,"turns":5.0},{"damage":0.0,"enemies":"Orb Walker","floor":35.0,"turns":1.0},{"damage":6.0,"enemies":"3 Shapes","floor":36.0,"turns":3.0},{"damage":0.0,"enemies":"Giant Head","floor":40.0,"turns":1.0},{"damage":0.0,"enemies":"Reptomancer","floor":42.0,"turns":1.0},{"damage":0.0,"enemies":"2 Orb Walkers","floor":45.0,"turns":3.0},{"damage":0.0,"enemies":"Giant Head","floor":46.0,"turns":2.0},{"damage":0.0,"enemies":"Nemesis","floor":48.0,"turns":1.0},{"damage":64,"enemies":"Donu and Deca","floor":50,"turns":9}],"seed_played":"5743435300674596017","potions_obtained":[{"floor":2.0,"key":"Explosive Potion"},{"floor":4.0,"key":"DuplicationPotion"},{"floor":7.0,"key":"SteroidPotion"}],"is_trial":false,"path_per_floor":["M","M","M","M","?","?","E","R","T","E","M","M","M","M","R","B",null,"M","?","?","M","M","R","E","R","T","M","E","R","E","?","R","B",null,"M","M","$","?","$","E","R","E","T","$","?","E","?","E","R","B",null],"character_chosen":"THE_PLACEHOLDER","items_purchased":["Bottled Tornado","Singing Bowl"],"campfire_rested":1,"item_purchase_floors":[37,44],"current_hp_per_floor":[78,77,75,71,52,52,44,44,44,54,39,43,44,44,44,67,85,47,47,47,46,46,71,59,59,59,63,58,73,79,79,85,84,85,85,79,79,79,79,75,89,85,95,95,97,95,95,91,106,61],"gold":125,"neow_bonus":"","is_daily":false,"chose_seed":false,"campfire_upgraded":7,"win_rate":0.0,"timestamp":1613825044,"path_taken":["M","M","M","M","?","?","E","R","T","E","M","M","M","M","R","BOSS","M","?","?","M","M","R","E","R","T","?","E","R","E","?","R","BOSS","M","M","$","?","?","E","R","E","T","$","?","E","?","E","R","BOSS"],"items_purchased_type":["Relic","Relic"],"build_version":"2020-12-18","purchased_purges":3,"victory":true,"max_hp_per_floor":[78,78,78,78,78,78,85,85,85,85,85,85,85,85,85,85,85,85,85,85,85,85,85,85,85,85,85,85,85,85,85,85,85,85,85,87,87,87,87,89,89,91,101,101,105,107,107,109,109,113],"card_choices":[{"not_picked":["CrumblingArmor","BeautyBeast"],"picked":"UniverseFragment","floor":1.0},{"not_picked":["PlaceholderMod:SprayAttack","PlaceholderMod:Turn"],"picked":"PlaceholderMod:CycleAttack","floor":1.0},{"not_picked":["WallGazer","Bloodbath"],"picked":"PunishingBird","floor":2.0},{"not_picked":["PlaceholderMod:CrystallizationStrike","PlaceholderMod:RadicalHit"],"picked":"PlaceholderMod:Crystallization","floor":2.0},{"not_picked":["OldLady","CherryBlossoms"],"picked":"SilentOrchestra","floor":3.0},{"not_picked":["PlaceholderMod:CycleAttack","PlaceholderMod:ProliferateStrike"],"picked":"PlaceholderMod:CrystallizationStrike","floor":3.0},{"not_picked":["LittlePrince","GreedKing"],"picked":"SpiderBud","floor":4.0},{"not_picked":["PlaceholderMod:StrongAcid","PlaceholderMod:AttackAsDefend"],"picked":"PlaceholderMod:EvolutionSpray","floor":4.0},{"not_picked":["Wellcheers","NakedNest"],"picked":"MHz","floor":7.0},{"not_picked":["PlaceholderMod:AttackAsDefend","PlaceholderMod:EnergyAbsorb"],"picked":"PlaceholderMod:PericyclicReaction","floor":7.0},{"not_picked":["PlaceholderMod:TriggerStrike","PlaceholderMod:HornyBlast","PlaceholderMod:HardStrike"],"picked":"SKIP","floor":10.0},{"not_picked":["PlaceholderMod:ContinueSpray","PlaceholderMod:DissolvingSpikes"],"picked":"PlaceholderMod:Corrosion","floor":11.0},{"not_picked":["PlaceholderMod:DirectingGroup","PlaceholderMod:Hard","PlaceholderMod:TriggerStrike"],"picked":"SKIP","floor":12.0},{"not_picked":["PlaceholderMod:Turn","PlaceholderMod:Sweep","PlaceholderMod:HornyBlast"],"picked":"SKIP","floor":13.0},{"not_picked":["PlaceholderMod:Sweep","PlaceholderMod:SprayAttack"],"picked":"PlaceholderMod:BlastSpray","floor":14.0},{"not_picked":["PlaceholderMod:ReactionCatalyze","PlaceholderMod:CorePoison"],"picked":"PlaceholderMod:HornyCollision","floor":16.0},{"not_picked":["ResearcherNoteRelic","TreeSapRelic","ChangeAnythingRelic"],"picked":"Singing Bowl","floor":18.0},{"not_picked":[],"picked":"PlaceholderMod:HighConcentration+1","floor":18.0},{"not_picked":["PlaceholderMod:StrongAcid"],"picked":"SKIP","floor":21.0},{"not_picked":["PlaceholderMod:Internalization"],"picked":"SKIP","floor":22.0},{"not_picked":["PlaceholderMod:RadicalHit+1"],"picked":"SKIP","floor":24.0},{"not_picked":["PlaceholderMod:HardStrike"],"picked":"SKIP","floor":27.0},{"not_picked":["PlaceholderMod:StrongAcid"],"picked":"SKIP","floor":28.0},{"not_picked":[],"picked":"PlaceholderMod:HighConcentration+1","floor":30.0},{"not_picked":[],"picked":"PlaceholderMod:Activation","floor":33.0},{"not_picked":["PlaceholderMod:ProliferateStrike+1"],"picked":"SKIP","floor":35.0},{"not_picked":["PlaceholderMod:StressReaction"],"picked":"SKIP","floor":36.0},{"not_picked":["PlaceholderMod:HardStrike"],"picked":"SKIP","floor":40.0},{"not_picked":["PlaceholderMod:SeverePoisonStrike+1"],"picked":"SKIP","floor":42.0},{"not_picked":["PlaceholderMod:Corrosion"],"picked":"Singing Bowl","floor":45.0},{"not_picked":[],"picked":"PlaceholderMod:DiffusionChemical+1","floor":46.0},{"not_picked":[],"picked":"PlaceholderMod:Eat","floor":47.0},{"not_picked":[],"picked":"PlaceholderMod:GrowthForm","floor":48.0}],"player_experience":328506,"relics_obtained":[{"floor":7.0,"key":"Strawberry"},{"floor":9.0,"key":"Meat on the Bone"},{"floor":10.0,"key":"Pantograph"},{"floor":24.0,"key":"Blue Candle"},{"floor":26.0,"key":"PlaceholderMod:SlimeBlood"},{"floor":28.0,"key":"Eternal Feather"},{"floor":30.0,"key":"Juzu Bracelet"},{"floor":35.0,"key":"AtMidnight"},{"floor":40.0,"key":"Mercury Hourglass"},{"floor":42.0,"key":"Mummified Hand"},{"floor":43.0,"key":"Pear"},{"floor":45.0,"key":"Prayer Wheel"},{"floor":46.0,"key":"Bottled Flame"},{"floor":48.0,"key":"CeramicFish"}],"event_choices":[{"damage_healed":0.0,"max_hp_gain":0.0,"max_hp_loss":0.0,"gold_gain":0.0,"event_name":"Golden Idol","player_choice":"Take Damage","floor":5.0,"gold_loss":0.0,"damage_taken":19.0,"relics_obtained":["Golden Idol"]},{"damage_healed":0.0,"max_hp_gain":0.0,"max_hp_loss":0.0,"gold_gain":0.0,"event_name":"Wheel of Change","player_choice":"Cursed","floor":6.0,"gold_loss":0.0,"damage_taken":0.0,"cards_obtained":["Decay"]},{"damage_healed":0.0,"max_hp_gain":0.0,"max_hp_loss":0.0,"gold_gain":0.0,"event_name":"Ghosts","player_choice":"Ignored","floor":19.0,"gold_loss":0.0,"damage_taken":0.0},{"cards_removed":["PlaceholderMod:BaseStrike"],"damage_healed":0.0,"max_hp_gain":0.0,"max_hp_loss":0.0,"gold_gain":0.0,"event_name":"Wheel of Change","player_choice":"Card Removal","floor":20.0,"gold_loss":0.0,"damage_taken":0.0},{"damage_healed":0.0,"max_hp_gain":0.0,"max_hp_loss":0.0,"gold_gain":0.0,"event_name":"Addict","player_choice":"Obtained Relic","floor":31.0,"gold_loss":85.0,"damage_taken":0.0,"relics_obtained":["Bag of Marbles"]},{"damage_healed":0.0,"max_hp_gain":0.0,"max_hp_loss":0.0,"gold_gain":0.0,"event_name":"The Woman in Blue","player_choice":"Bought 1 Potion","floor":38.0,"gold_loss":0.0,"damage_taken":0.0},{"damage_healed":0.0,"max_hp_gain":0.0,"max_hp_loss":0.0,"gold_gain":0.0,"event_name":"Mysterious Sphere","player_choice":"Fight","floor":45.0,"gold_loss":0.0,"damage_taken":0.0}],"is_beta":true,"boss_relics":[{"not_picked":["Runic Dome","Sozu"],"picked":"Busted Crown"},{"not_picked":["Black Star","Cursed Key"],"picked":"Coffee Dripper"}],"items_purged_floors":[37,39,44],"is_endless":false,"potions_floor_spawned":[2,4,7,10,14,22,24,28,30,35,40,48],"ascension_level":1}}