{"host":"lgow17wc5wawziz1","time":1613802267,"event":{"mods":["AchievementEnabler","Act Like it!","Aspiration","BaseMod","Better Third Choice","Colored Map","Friendly Minions","Gensokyo","Hubris","Kiyohime£¨?ýï£©","Minty Spire (QoL Compilation)","MostiFishMod","Permanent Neow","Quick Restart","Replay The Spire","StSLib","SuperFastMode","¡¼?Úª?ø«¡½REMEMod"],"gold_per_floor":[113,124,140,65,82,82,107,139,139,139,155,19,19,34,34,139,139,156,173,188,188,206,206,31,431,431,446,446,776,435,435,435,531,531,550,568,585,604,38,63,63,456,456,776,1183,460,484,484,493,493,493,502,204,234,234],"floor_reached":56,"language":"KOR","playtime":2715,"items_purged":["Pain","Gensokyo:AllTheWorldsEvil","Shame"],"score":2137,"play_id":"5f140baf-ad1d-46e4-b658-c12718dddfbf","local_time":"20210220152427","is_ascension_mode":true,"campfire_choices":[{"data":"Hyperbeam","floor":6.0,"key":"SMITH"},{"data":"True Grit","floor":10.0,"key":"SMITH"},{"data":"ReplayTheSpireMod:Strike From Hell","floor":13.0,"key":"SMITH"},{"data":"Abandon","floor":15.0,"key":"SMITH"},{"data":"ReplayTheSpireMod:Strike From Hell","floor":23.0,"key":"SMITH"},{"data":"MostiFishMod:ChineseTea","floor":28.0,"key":"SMITH"},{"data":"Burning Pact","floor":49,"key":"SMITH"},{"data":"Sentinel","floor":52,"key":"SMITH"}],"circlet_count":0,"master_deck":["AscendersBane","Defend_R","Defend_R","Defend_R","Hyperbeam+1","True Grit+1","ReplayTheSpireMod:Strike From Hell+1","Run Through","Ghostly Armor","hubris:StunningStrike","REME_TheLastStrike","Abandon+1","Burning Pact+1","Shrug It Off","MostiFishMod:ChineseTea+1","Dark Embrace+1","ReplayTheSpireMod:Strike From Hell+1","Sentinel+1","REME_SingleHolding+1","Shrug It Off+1","MostiFishMod:DoubleSword+1","Overencumbered","Pommel Strike","Pommel Strike+1","True Grit+1","Second Wind","Entrench"],"relics":["Burning Blood","REME_ComplimentaryCards","DaveBox","MostiFishMod:Haymaker","Replay:PocketPolymizer","Juzu Bracelet","Gensokyo:OccultBall","SynthV:TestCard","Nunchaku","Replay:Baseball","Singing Bowl","HereWithMe","Durian","Golden Egg","hubris:AstralHammer","Thread and Needle","Darkstone Periapt","Bronze Scales","Replay:Bottled Snecko","Kintsugi","Medical Kit","OrangePellets","Frozen Eye","Matryoshka","CombinedTypeHook","CeramicFish","Replay:Rubber Ducky","TungstenRod","Calipers","Lizard Tail","Unceasing Top","Incense Burner","White Beast Statue"],"acts_visited":["Gensokyo:Gensokyo","Gensokyo:Gensokyoer","Gensokyo:Gensokyoest","TheEnding"],"potions_floor_usage":[55],"damage_taken":[{"damage":5.0,"enemies":"Gensokyo:Python","floor":1.0,"turns":3.0},{"damage":3.0,"enemies":"Gensokyo:2_Kodama","floor":2.0,"turns":3.0},{"damage":2.0,"enemies":"Gensokyo:3_Fairies","floor":3.0,"turns":4.0},{"damage":0.0,"enemies":"Gensokyo:LivingMonolith","floor":5.0,"turns":2.0},{"damage":10.0,"enemies":"Gensokyo:Mamizou","floor":7.0,"turns":5.0},{"damage":4.0,"enemies":"Gensokyo:Cirno","floor":8.0,"turns":4.0},{"damage":0.0,"enemies":"Gensokyo:Kitsune","floor":11.0,"turns":2.0},{"damage":3.0,"enemies":"Gensokyo:2_Rabbits","floor":14.0,"turns":3.0},{"damage":41.0,"enemies":"Gensokyo:Yukari","floor":16.0,"turns":9.0},{"damage":0.0,"enemies":"Gensokyo:CosmicMonolith","floor":18.0,"turns":1.0},{"damage":13.0,"enemies":"Gensokyo:AngelMirror","floor":19.0,"turns":2.0},{"damage":31.0,"enemies":"Gensokyo:Slime_Group","floor":20.0,"turns":5.0},{"damage":4.0,"enemies":"Gensokyo:Wraith","floor":22.0,"turns":3.0},{"damage":37.0,"enemies":"Gensokyo:Wraith","floor":25.0,"turns":9.0},{"damage":0.0,"enemies":"Gensokyo:3_Gloops","floor":27.0,"turns":2.0},{"damage":20.0,"enemies":"Gensokyo:Reisen","floor":29.0,"turns":7.0},{"damage":16.0,"enemies":"Gensokyo:Kaguya","floor":33.0,"turns":5.0},{"damage":0.0,"enemies":"Gensokyo:3_Boulders","floor":35.0,"turns":2.0},{"damage":14.0,"enemies":"Gensokyo:AncientGuardian","floor":36.0,"turns":3.0},{"damage":0.0,"enemies":"Gensokyo:SeedOfUnknown","floor":37.0,"turns":3.0},{"damage":0.0,"enemies":"Gensokyo:Sharpion","floor":38.0,"turns":3.0},{"damage":40.0,"enemies":"Gensokyo:Kasen","floor":40.0,"turns":6.0},{"damage":36.0,"enemies":"Gensokyo:Doremy","floor":42.0,"turns":4.0},{"damage":0.0,"enemies":"Gensokyo:3_Boulders","floor":44.0,"turns":3.0},{"damage":38.0,"enemies":"Gensokyo:Marisa","floor":45.0,"turns":3.0},{"damage":0,"enemies":"Gensokyo:AtlasGolem","floor":47,"turns":2},{"damage":0,"enemies":"Gensokyo:Shinki","floor":50,"turns":4},{"damage":10,"enemies":"Shield and Spear","floor":54,"turns":4},{"damage":0,"enemies":"The Heart","floor":55,"turns":6}],"seed_played":"-2117381662596055345","potions_obtained":[{"floor":5.0,"key":"BlessingOfTheForge"},{"floor":7.0,"key":"EssenceOfSteel"},{"floor":11.0,"key":"Weak Potion"},{"floor":16.0,"key":"Flashbang"},{"floor":37.0,"key":"Elixir"}],"is_trial":false,"path_per_floor":["M","M","M","$","M","R","E","?","T","R","M","COS","R","M","R","B",null,"M","M","M","?","M","R","COS","?","T","M","R","E","$","?","R_BF","B",null,"M","M","M","M","COS","E","?","E","T","M","E","$","M","?","R","B",null,"R","$","E","B",null],"character_chosen":"IRONCLAD","items_purchased":["Replay:Bottled Snecko","Calipers","Lizard Tail","Incense Burner"],"campfire_rested":0,"item_purchase_floors":[30,46,46,53],"current_hp_per_floor":[73,76,80,80,80,80,76,78,78,78,80,80,80,80,80,50,73,79,74,59,59,61,61,61,48,48,59,59,60,60,60,60,50,93,103,103,103,105,105,73,73,57,57,76,46,46,63,63,63,80,106,106,106,115,117],"gold":234,"neow_bonus":"ONE_RARE_RELIC","is_daily":false,"chose_seed":false,"campfire_upgraded":8,"win_rate":0.0,"timestamp":1613802267,"path_taken":["M","M","M","$","M","R","E","?","T","R","M","COS","R","M","R","BOSS","M","M","M","?","M","R","COS","?","T","M","R","E","$","?","R_BF","BOSS","M","M","M","M","COS","E","?","E","T","M","E","$","M","?","R","BOSS","R","$","E","BOSS"],"items_purchased_type":["Relic","Relic","Relic","Relic"],"build_version":"2020-12-22","purchased_purges":3,"victory":true,"max_hp_per_floor":[80,80,80,80,80,80,80,80,80,80,80,80,80,80,80,80,80,80,82,84,84,84,84,84,89,89,89,89,91,91,91,91,91,103,103,103,103,105,105,107,107,111,111,113,115,115,115,115,115,115,115,115,115,117,117],"card_choices":[{"not_picked":["Wild Strike","Pommel Strike"],"picked":"True Grit","floor":1.0},{"not_picked":["Iron Wave","hubris:ReadiedAction","Heavy Blade","Wild Strike"],"picked":"ReplayTheSpireMod:Strike From Hell","floor":2.0},{"not_picked":["Defy Death","Perfected Strike","Shrug It Off","Havoc"],"picked":"Run Through","floor":3.0},{"not_picked":["Replay:Undeath\u0027s Touch","Entrench","Warcry","Sever Soul"],"picked":"Ghostly Armor","floor":5.0},{"not_picked":["Thunderclap","Havoc","Sword Boomerang","Entrench"],"picked":"Fiend Fire","floor":7.0},{"not_picked":["Abandon","ReplayTheSpireMod:Corrosion Curse","Anger","Twin Strike"],"picked":"hubris:StunningStrike","floor":8.0},{"not_picked":["Run Through","ReplayReversal","Whirlwind","Perfected Strike"],"picked":"Abandon","floor":11.0},{"not_picked":["Headbutt","ReplayTheSpireMod:Corrosion Curse","Infernal Blade","Massacre"],"picked":"Shrug It Off","floor":14.0},{"not_picked":["MostiFishMod:HellRitual","Fiend Fire","Juggernaut","REME_Fury"],"picked":"MostiFishMod:ChineseTea","floor":16.0},{"not_picked":["hubris:ReadiedAction","Clothesline","Uppercut","Fire Breathing+1"],"picked":"Dark Embrace+1","floor":18.0},{"not_picked":["Hemokinesis","ReplayTheSpireMod:Muscle Training","Anger","Whirlwind","Fire Breathing"],"picked":"Singing Bowl","floor":19.0},{"not_picked":["Wild Strike","Replay:Undeath\u0027s Touch+1","REME_SingleHolding","hubris:ReadiedAction+1","Run Through"],"picked":"Singing Bowl","floor":20.0},{"not_picked":["Heavy Blade","Anger","Wild Strike","Pommel Strike"],"picked":"ReplayTheSpireMod:Strike From Hell","floor":22.0},{"not_picked":["Body Slam","Replay:Undeath\u0027s Touch","Fiend Fire","Sword Boomerang+1"],"picked":"REME_SingleHolding+1","floor":25.0},{"not_picked":["Perfected Strike","REME_Scribble","Life Link","Anger+1"],"picked":"Shrug It Off+1","floor":27.0},{"not_picked":["Dropkick","Cleave","Whirlwind","Replay:Undeath\u0027s Touch","Thunderclap"],"picked":"Singing Bowl","floor":29.0},{"not_picked":["MostiFishMod:HellRitual","MostiFishMod:ChineseTea","Brutality","Reaper"],"picked":"MostiFishMod:DoubleSword","floor":33.0},{"not_picked":["Body Slam","hubris:SharpeningStone","Sever Soul","Wild Strike"],"picked":"Pommel Strike","floor":35.0},{"not_picked":["Body Slam","Clash","Reckless Charge","Anger"],"picked":"Pommel Strike+1","floor":36.0},{"not_picked":["Armaments","Wild Strike","Run Through+1","Reckless Charge"],"picked":"True Grit+1","floor":37.0},{"not_picked":["Twin Strike+1","Run Through","Armaments+1","Pommel Strike+1","Shockwave"],"picked":"Singing Bowl","floor":38.0},{"not_picked":["Immolate","Cleave+1","Body Slam","Clash","Warcry"],"picked":"Singing Bowl","floor":40.0},{"not_picked":["MostiFishMod:TemporaryOutbreak","Juggernaut","REME_TheLastStrike","MostiFishMod:FireWorks","Feed"],"picked":"Singing Bowl","floor":42.0},{"not_picked":["Metallicize+1","Intimidate","Blood for Blood","Bludgeon","True Grit"],"picked":"Singing Bowl","floor":42.0},{"not_picked":["Combust","Body Slam+1","Wild Strike","Replay:Undeath\u0027s Touch","Sword Boomerang"],"picked":"Singing Bowl","floor":44.0},{"not_picked":["Anger","Havoc","Seeing Red","hubris:CleavingFinish","True Grit"],"picked":"Singing Bowl","floor":45.0},{"not_picked":["Cleave","Sentinel","Warcry","ReplayTheSpireMod:Stacked+1"],"picked":"Second Wind","floor":47},{"not_picked":["Shrug It Off","hubris:ReadiedAction+1","Searing Blow","Bloodletting","Dark Embrace"],"picked":"Singing Bowl","floor":54}],"player_experience":351122,"relics_obtained":[{"floor":1.0,"key":"SynthV:TestCard"},{"floor":7.0,"key":"Nunchaku"},{"floor":8.0,"key":"Replay:Baseball"},{"floor":9.0,"key":"Singing Bowl"},{"floor":16.0,"key":"Gensokyo:OccultBall"},{"floor":25.0,"key":"hubris:AstralHammer"},{"floor":25.0,"key":"Thread and Needle"},{"floor":26.0,"key":"Darkstone Periapt"},{"floor":29.0,"key":"Bronze Scales"},{"floor":33.0,"key":"Gensokyo:OccultBall"},{"floor":40.0,"key":"Matryoshka"},{"floor":42.0,"key":"CombinedTypeHook"},{"floor":43.0,"key":"CeramicFish"},{"floor":43.0,"key":"Replay:Rubber Ducky"},{"floor":45.0,"key":"TungstenRod"},{"floor":54,"key":"White Beast Statue"}],"event_choices":[],"is_beta":false,"boss_relics":[{"not_picked":["hubris:Backtick","aspiration:RitualDagger"],"picked":"HereWithMe"},{"not_picked":["Runic Pyramid","ChewingGum"],"picked":"Kintsugi"}],"items_purged_floors":[4,30,46],"is_endless":false,"potions_floor_spawned":[5,7,11,14,16,20,25,29,37,42,44,45],"ascension_level":12}}