{"host":"p20682arl12z5m5p","time":1613805664,"event":{"mods":["AchievementEnabler","BaseMod","Colored Map","Highlight Path","Minty Spire (QoL Compilation)","Permanent Neow","Relic Stats","StSLib"],"gold_per_floor":[112,126,126,147,147,147,185,185,208,208,221,262,275,275,275,400,400,415,435,137,160,199,242,242,276,276,297,313,313,357,30,30,155,155,174,174,507,526,543,569,587,587,658,686,686,715,715,734,734,734,734,734,12,45,45],"floor_reached":56,"language":"ENG","playtime":4672,"items_purged":["Masterful Stab","Strike_G","Strike_G"],"score":1948,"play_id":"e90c2712-2e65-4547-bb5d-bb50d9a6c90a","local_time":"20210220002104","is_ascension_mode":true,"campfire_choices":[{"data":"Deadly Poison","floor":6.0,"key":"SMITH"},{"data":"Cloak And Dagger","floor":8.0,"key":"SMITH"},{"floor":10.0,"key":"RECALL"},{"data":"Crippling Poison","floor":15.0,"key":"SMITH"},{"data":"Noxious Fumes","floor":24.0,"key":"SMITH"},{"data":"Catalyst","floor":32.0,"key":"SMITH"},{"data":"Prepared","floor":42.0,"key":"SMITH"},{"data":"Catalyst","floor":47.0,"key":"SMITH"},{"data":"Doppelganger","floor":49.0,"key":"SMITH"},{"data":"Crippling Poison","floor":52.0,"key":"SMITH"}],"circlet_count":0,"master_deck":["AscendersBane","Strike_G","Strike_G","Defend_G","Defend_G","Defend_G","Defend_G","Defend_G","Survivor","Neutralize+1","Dagger Spray","Deadly Poison+1","Cloak And Dagger+1","Crippling Poison+1","Crippling Poison+1","Doppelganger+1","Concentrate","Noxious Fumes+1","Reflex","Outmaneuver","Catalyst+1","Concentrate","Storm of Steel","CurseOfTheBell","PiercingWail+1","Noxious Fumes+1","Leg Sweep+1","Caltrops+1","Prepared+1","Catalyst+1","PiercingWail","Noxious Fumes","Good Instincts","Calculated Gamble","Catalyst"],"relics":["Ring of the Snake","Anchor","Juzu Bracelet","Snake Skull","Meat on the Bone","Runic Pyramid","PreservedInsect","Red Mask","Bottled Lightning","Blue Candle","Regal Pillow","Unceasing Top","Bag of Preparation","Calling Bell","Thread and Needle","Tiny Chest","White Beast Statue","Smiling Mask","Singing Bowl","Pen Nib","Strawberry","ClockworkSouvenir","Mercury Hourglass","Orichalcum"],"acts_visited":["Exordium","TheCity","TheBeyond","TheEnding"],"potions_floor_usage":[55,55],"damage_taken":[{"damage":0.0,"enemies":"Small Slimes","floor":1.0,"turns":4.0},{"damage":0.0,"enemies":"2 Louse","floor":2.0,"turns":2.0},{"damage":0.0,"enemies":"Cultist","floor":4.0,"turns":3.0},{"damage":14.0,"enemies":"Gremlin Nob","floor":7.0,"turns":4.0},{"damage":0.0,"enemies":"2 Fungi Beasts","floor":11.0,"turns":3.0},{"damage":23.0,"enemies":"3 Sentries","floor":12.0,"turns":8.0},{"damage":0.0,"enemies":"Exordium Thugs","floor":13.0,"turns":3.0},{"damage":25.0,"enemies":"Hexaghost","floor":16.0,"turns":9.0},{"damage":24.0,"enemies":"Spheric Guardian","floor":18.0,"turns":6.0},{"damage":5.0,"enemies":"Shell Parasite","floor":19.0,"turns":6.0},{"damage":6.0,"enemies":"Centurion and Healer","floor":21.0,"turns":6.0},{"damage":11.0,"enemies":"Masked Bandits","floor":22.0,"turns":3.0},{"damage":4.0,"enemies":"Gremlin Leader","floor":23.0,"turns":5.0},{"damage":31.0,"enemies":"Book of Stabbing","floor":25.0,"turns":6.0},{"damage":11.0,"enemies":"Snecko","floor":27.0,"turns":5.0},{"damage":12.0,"enemies":"Snake Plant","floor":28.0,"turns":5.0},{"damage":5.0,"enemies":"Gremlin Leader","floor":30.0,"turns":5.0},{"damage":23.0,"enemies":"Automaton","floor":33.0,"turns":7.0},{"damage":0.0,"enemies":"3 Shapes","floor":35.0,"turns":5.0},{"damage":4.0,"enemies":"3 Darklings","floor":38.0,"turns":7.0},{"damage":0.0,"enemies":"Writhing Mass","floor":39.0,"turns":5.0},{"damage":1.0,"enemies":"Giant Head","floor":40.0,"turns":6.0},{"damage":6.0,"enemies":"Spire Growth","floor":41.0,"turns":5.0},{"damage":13.0,"enemies":"Reptomancer","floor":44.0,"turns":5.0},{"damage":11.0,"enemies":"Nemesis","floor":46.0,"turns":7.0},{"damage":0.0,"enemies":"Sphere and 2 Shapes","floor":48.0,"turns":3.0},{"damage":40.0,"enemies":"Donu and Deca","floor":50.0,"turns":10.0},{"damage":37.0,"enemies":"Shield and Spear","floor":54.0,"turns":6.0},{"damage":29,"enemies":"The Heart","floor":55,"turns":6}],"seed_played":"-3544835085923038690","potions_obtained":[{"floor":1.0,"key":"GamblersBrew"},{"floor":7.0,"key":"Strength Potion"},{"floor":22.0,"key":"CultistPotion"},{"floor":28.0,"key":"Poison Potion"},{"floor":35.0,"key":"EssenceOfSteel"},{"floor":38.0,"key":"GamblersBrew"},{"floor":41.0,"key":"Poison Potion"},{"floor":44.0,"key":"SpeedPotion"},{"floor":46.0,"key":"CultistPotion"},{"floor":48.0,"key":"Energy Potion"}],"is_trial":false,"path_per_floor":["M","M","?","M","?","R","E","R","T","R","M","E","M","?","R","B",null,"M","M","$","M","?","E","R","E","T","M","M","T","E","$","R","B",null,"M","?","?","M","M","E","M","R","T","E","?","E","R","M","R","B",null,"R","$","E","B",null],"character_chosen":"THE_SILENT","items_purchased":["PreservedInsect","Noxious Fumes","Concentrate","Bag of Preparation","Noxious Fumes","Good Instincts","ClockworkSouvenir","Mercury Hourglass","LiquidMemories","Calculated Gamble"],"campfire_rested":0,"item_purchase_floors":[20,20,31,31,53,53,53,53,53,53],"current_hp_per_floor":[63,63,63,63,63,63,49,49,49,49,49,26,38,38,38,25,55,43,38,38,44,33,41,41,22,22,23,23,23,30,30,30,19,54,54,54,54,50,50,49,43,43,43,44,44,52,52,52,52,24,62,62,62,37,20],"gold":45,"neow_bonus":"RANDOM_COMMON_RELIC","is_daily":false,"chose_seed":false,"campfire_upgraded":9,"win_rate":0.0,"timestamp":1613805664,"path_taken":["M","M","?","M","?","R","E","R","T","R","M","E","M","?","R","BOSS","M","M","$","M","?","E","R","E","T","M","M","?","E","$","R","BOSS","M","?","?","M","M","E","M","R","T","E","?","E","R","M","R","BOSS","R","$","E","BOSS"],"items_purchased_type":["Relic","Card","Card","Relic","Card","Card","Relic","Relic","Potion","Card"],"build_version":"2020-12-22","purchased_purges":3,"victory":true,"max_hp_per_floor":[70,70,65,65,65,65,65,65,65,65,65,65,65,65,65,65,65,65,65,65,65,65,65,65,65,65,65,65,65,65,65,65,65,65,65,65,65,65,65,65,65,65,65,67,67,74,74,74,74,74,74,74,74,74,74],"relic_stats":{"Regal Pillow":0,"Singing Bowl":2,"counters":[29,155],"Blue Candle":[6],"Snake Skull":[224],"PreservedInsect":462,"Pen Nib":[3],"Juzu Bracelet":2,"Bag of Preparation":[24],"Orichalcum":[12],"Smiling Mask":75,"Mercury Hourglass":[36],"Tiny Chest":0,"obtain_stats":[{"Regal Pillow":29,"Singing Bowl":43,"Snake Skull":9,"Juzu Bracelet":7,"Bag of Preparation":31,"Smiling Mask":40,"ClockworkSouvenir":53,"Strawberry":46,"Tiny Chest":34,"Red Mask":22,"Ring of the Snake":0,"Runic Pyramid":17,"Golden Idol":3,"Blue Candle":25,"Thread and Needle":34,"PreservedInsect":20,"Pen Nib":44,"Orichalcum":54,"White Beast Statue":34,"Mercury Hourglass":53,"Calling Bell":34,"Anchor":0,"Bottled Lightning":23,"Unceasing Top":30,"Meat on the Bone":12},{"Regal Pillow":16,"Singing Bowl":23,"Snake Skull":4,"Juzu Bracelet":4,"Bag of Preparation":17,"Smiling Mask":22,"ClockworkSouvenir":27,"Strawberry":25,"Tiny Chest":18,"Red Mask":12,"Ring of the Snake":0,"Runic Pyramid":8,"Golden Idol":2,"Blue Candle":14,"Thread and Needle":18,"PreservedInsect":10,"Pen Nib":24,"Orichalcum":28,"White Beast Statue":18,"Mercury Hourglass":27,"Calling Bell":18,"Anchor":0,"Bottled Lightning":13,"Unceasing Top":17,"Meat on the Bone":6},{"Regal Pillow":78,"Singing Bowl":118,"Snake Skull":13,"Juzu Bracelet":13,"Bag of Preparation":83,"Smiling Mask":113,"ClockworkSouvenir":143,"Strawberry":130,"Tiny Chest":90,"Red Mask":57,"Ring of the Snake":0,"Runic Pyramid":36,"Golden Idol":6,"Blue Candle":68,"Thread and Needle":90,"PreservedInsect":48,"Pen Nib":123,"Orichalcum":149,"White Beast Statue":90,"Mercury Hourglass":143,"Calling Bell":90,"Anchor":0,"Bottled Lightning":62,"Unceasing Top":83,"Meat on the Bone":24}],"Unceasing Top":[42],"Ring of the Snake":[58],"Meat on the Bone":180},"card_choices":[{"not_picked":["Flechettes","Escape Plan"],"picked":"Masterful Stab","floor":1.0},{"not_picked":["Acrobatics","Dagger Throw"],"picked":"Dagger Spray","floor":2.0},{"not_picked":["Deflect","Dagger Spray"],"picked":"Deadly Poison","floor":4.0},{"not_picked":["Dodge and Roll","Concentrate"],"picked":"Cloak And Dagger","floor":7.0},{"not_picked":["Dodge and Roll","Deadly Poison"],"picked":"Crippling Poison","floor":11.0},{"not_picked":["Outmaneuver","Dodge and Roll","Dash"],"picked":"SKIP","floor":12.0},{"not_picked":["Bane","Unload","Prepared"],"picked":"SKIP","floor":13.0},{"not_picked":["Bullet Time","Night Terror"],"picked":"Doppelganger","floor":16.0},{"not_picked":["Skewer","Blade Dance","Underhanded Strike"],"picked":"SKIP","floor":18.0},{"not_picked":["Terror+1","Well Laid Plans"],"picked":"Concentrate","floor":19.0},{"not_picked":["Expertise+1","Dagger Throw","Dagger Spray"],"picked":"SKIP","floor":21.0},{"not_picked":["Slice","Acrobatics"],"picked":"Reflex","floor":23.0},{"not_picked":["Dash","Underhanded Strike"],"picked":"Outmaneuver","floor":25.0},{"not_picked":["Blade Dance","Dodge and Roll","Phantasmal Killer"],"picked":"SKIP","floor":27.0},{"not_picked":["Backstab","Expertise","Poisoned Stab"],"picked":"SKIP","floor":28.0},{"not_picked":["Blade Dance","Escape Plan"],"picked":"Catalyst","floor":30.0},{"not_picked":["Glass Knife","Grand Finale"],"picked":"Storm of Steel","floor":33.0},{"not_picked":["Quick Slash+1","Underhanded Strike"],"picked":"PiercingWail+1","floor":35.0},{"not_picked":["Flechettes","Dagger Throw"],"picked":"Leg Sweep+1","floor":38.0},{"not_picked":["Eviscerate","Quick Slash"],"picked":"Caltrops","floor":39.0},{"not_picked":["Expertise","Deadly Poison+1"],"picked":"Prepared","floor":40.0},{"not_picked":["Dagger Spray","Bane","Predator"],"picked":"SKIP","floor":41.0},{"not_picked":["Choke","Terror+1","Malaise"],"picked":"Singing Bowl","floor":44.0},{"not_picked":["Crippling Poison","Poisoned Stab"],"picked":"Catalyst","floor":46.0},{"not_picked":["Slice","Bane"],"picked":"PiercingWail","floor":48.0},{"not_picked":["Accuracy+1","Endless Agony"],"picked":"Catalyst","floor":54.0}],"player_experience":680833,"relics_obtained":[{"floor":7.0,"key":"Juzu Bracelet"},{"floor":9.0,"key":"Snake Skull"},{"floor":12.0,"key":"Meat on the Bone"},{"floor":22.0,"key":"Red Mask"},{"floor":23.0,"key":"Bottled Lightning"},{"floor":25.0,"key":"Blue Candle"},{"floor":29.0,"key":"Regal Pillow"},{"floor":30.0,"key":"Unceasing Top"},{"floor":34.0,"key":"Thread and Needle"},{"floor":34.0,"key":"Tiny Chest"},{"floor":34.0,"key":"White Beast Statue"},{"floor":40.0,"key":"Smiling Mask"},{"floor":43.0,"key":"Singing Bowl"},{"floor":44.0,"key":"Pen Nib"},{"floor":46.0,"key":"Strawberry"},{"floor":54.0,"key":"Orichalcum"}],"event_choices":[{"damage_healed":0.0,"max_hp_gain":0.0,"max_hp_loss":5.0,"gold_gain":0.0,"event_name":"Golden Idol","player_choice":"Lose Max HP","floor":3.0,"gold_loss":0.0,"damage_taken":0.0,"relics_obtained":["Golden Idol"]},{"damage_healed":0.0,"max_hp_gain":0.0,"max_hp_loss":0.0,"gold_gain":0.0,"event_name":"Accursed Blacksmith","player_choice":"Forge","floor":5.0,"gold_loss":0.0,"damage_taken":0.0,"cards_upgraded":["Neutralize"]},{"damage_healed":0.0,"max_hp_gain":0.0,"max_hp_loss":0.0,"gold_gain":0.0,"cards_transformed":["Strike_G"],"event_name":"Living Wall","player_choice":"Change","floor":14.0,"gold_loss":0.0,"damage_taken":0.0,"cards_obtained":["Crippling Poison"]},{"damage_healed":0.0,"max_hp_gain":0.0,"max_hp_loss":0.0,"gold_gain":0.0,"event_name":"Masked Bandits","player_choice":"Fought Bandits","floor":22.0,"gold_loss":0.0,"damage_taken":0.0},{"damage_healed":0.0,"max_hp_gain":0.0,"max_hp_loss":0.0,"gold_gain":0.0,"event_name":"Duplicator","player_choice":"Copied","floor":36.0,"gold_loss":0.0,"damage_taken":0.0,"cards_obtained":["Noxious Fumes"]},{"damage_healed":0.0,"max_hp_gain":0.0,"max_hp_loss":0.0,"gold_gain":333.0,"event_name":"The Moai Head","player_choice":"Gave Idol","floor":37.0,"relics_lost":["Golden Idol"],"gold_loss":0.0,"damage_taken":0.0},{"damage_healed":0.0,"max_hp_gain":0.0,"max_hp_loss":0.0,"gold_gain":0.0,"event_name":"Upgrade Shrine","player_choice":"Upgraded","floor":45.0,"gold_loss":0.0,"damage_taken":0.0,"cards_upgraded":["Caltrops"]}],"is_beta":false,"boss_relics":[{"not_picked":["Fusion Hammer","Empty Cage"],"picked":"Runic Pyramid"},{"not_picked":["Snecko Eye","Busted Crown"],"picked":"Calling Bell"}],"items_purged_floors":[20,31,53],"is_endless":false,"potions_floor_spawned":[1,7,11,16,18,22,28,35,38,39,40,41,44,46,48,54],"ascension_level":12}}