{"host":"9rqk712yu6s3287p","time":1613839520,"event":{"mods":["ATMod(°¢èªMod)","Act Like it!","BaseMod","CapriCore","Chen","Gensokyo","Googly Eyes","Marisa£¨ìFÓê¡¡Ä§ÀíÉ³£©","Minty Spire (QoL Compilation)","MostiFishMod","Onozuka Komachi Mod","Reimu£¨²©ÀöÁéÃÎ£©","Remilia_Scarlet Moed£¨ÀÙÃ×ÀòÑÇ¡¤Ë¹¿¨À×ÌØ£©3.3.5","Remilia£¨ÀÙÃ×ÀòÑÇ£©","Replay The Spire","RumiaBox-Â¶Ã×æ«µÄÉñÃØºÐ×Ó","StSLib","The Administrix","The Immortal","The Servant 0.9.4","Yakumo Yukari mod","Youmu£¨»êÆÇÑýÃÎ£©","Yuyuko","[IsaacMod]ÒÔÈö¼âËþ","¡¾ÒÅÎï¿¨ÅÆ¡¿REMEMod"],"gold_per_floor":[147,97,157,205,155,239,344,431,431,521,539,804,1310,1576,1576,1970,1970,2058,2058,2154,2154,2404,2676,2976,2976,3048,3048,3308,2701,2996,3246,3246,3752,3752,3897,3897,3134,3230,3345,3628,3628,3881,3881,4114,4414,4414,4641,4641,4641,4832,4902,5202,5437,5437,5437,5437,5437,5437,5437,5843,5916,6163,6407,6407,6558,6845,6845,6845,6845,7203,7369],"floor_reached":57,"language":"ZHS","playtime":3080,"items_purged":["BloodRain","HellCatastrophe","Pot Of Greed"],"score":5156,"play_id":"0e31a87d-42a2-4f2e-8000-38ba4e13e7c8","local_time":"20210221004520","daily_mods":["Shiny","Vintage","Heirloom","Time Dilation","Flight","DeadlyEvents","Elite Swarm","Lethality","Midas","Binary"],"is_ascension_mode":true,"campfire_choices":[{"data":"1","floor":32,"key":"LIFT"},{"data":"2","floor":49,"key":"LIFT"},{"data":"3","floor":40,"key":"LIFT"},{"floor":41,"key":"RECALL"},{"floor":42,"key":"DIG"},{"floor":49,"key":"DIG"},{"floor":53,"key":"DIG"}],"circlet_count":105,"master_deck":["TricksterDevil+1","BatForm+1","ForecastOfChange+1","CurseOfVladTepes+1","ScarletMeister+1","QueenOfMidnight+1","BloodyHallows+1","HeartBreak+1","EquivalentExchange+1","KillingBlow+1","BloodyCatastrophe+1","ChaoticDestiny+1","BloodySeventeenLaser+1","ScarletCoffin+1","DemonKingCradle+1","TransientEternity+1","CeilingFear+1","Pot Of Greed+1","MostiFishMod:Neptune+1","MostiFishMod:TheEndOfMoonlight+1","MostiFishMod:SparklingWater+1","MostiFishMod:FantasySummer+1","MostiFishMod:NightSea+1"],"relics":["Snecko Eye","Busted Crown","AT_ATBox","DaveBox","REME_ComplimentaryCards","HushsDoor","YumHeart","DiscerningMonocle","Leech","Smiling Mask","AT_BellowingDragoncrestRing","SynthV:TestCard","MostiFishMod:AdaptiveDefenses","AT_RedTearstoneRing","Happy Flower","AT_SpeedBoots","Akabeko","Mango","Onion Ring","Ccalipers","BrkXgEgg","Omamori","BelialBook","Pear","GodSword1","Gungnir","REME_PuzzleBoxRelic","GuppysHead","AT_EbonyIvory","ThornShield","Potion Belt","AT_ChloranthyRing","Replay:Bottled Flurry","The Courier","DoctorsRemote","Darkstone Periapt","TimeFreeze","Iron Hammer","Replay:Rubber Ducky","Sundial","SumBook","Strawberry","CeramicFish","Oddly Smooth Stone","TuHaoJin","BloodDonationMachine","Incense Burner","AT_DeathDance","AT_RedNoBalance","Molten Egg 2","GuppysPaw","Ancient Tea Set","FossilizedHelix","CombinedTypeHook","Prayer Wheel","Frozen Egg 2","BookOfRevelations","Replay:Bandana","Ornamental Fan","Boot","AT_BellDemon","Toy Ornithopter","Bronze Scales","MagicDraw4","Mercury Hourglass","Art of War","Blue Doll","Mirror","AT_SilvercatRing","Pantograph","PreservedInsect","Replay:Ringing Soul","Gremlin Food","Replay:Baseball","War Paint","Bag of Preparation","EdensBlessing","Whetstone","AT_SunfireAegis","Pen Nib","Eternal Feather","AT_BladeRuinedKing","AT_MibuBalloonWealth","Bag of Marbles","REME_HandOfSuture","ReplayTheSpireMod:Lightbulb","SalivaCoin","Question Card","Regal Pillow","RuthlessExorcism:ReiMu","Centennial Puzzle","Anchor","TheBean","ReplayTheSpireMod:TigerMarble","Du-Vu Doll","Gremlin Horn","Vajra","Blood Vial","Nunchaku","StoneCalendar","SatanicBible","OriginationStaff","Mummified Hand","AT_LudenTempest","Shuriken","Bottled Flame","Pet Ghost","HollowDreamFlower","Replay:Wax Seal","PillsDrop","Mastiff:ReiMu","Tiny Chest","AT_ImmortalShieldbow","ScarletDevilRocket","GodSword7","Replay:Mystery Machine","ImprovedEquipment","Tea:ReiMu","CaptainsWheel","TheBible","Replay:Bottled Eggs","MagicDraw3","ReplayTheSpireMod:Shallot","MagicDraw1","Girya","MealTicket","GodSword6","StrikeDummy","SSSystem","Bird Faced Urn","InkBottle","Orichalcum","AT_ArchangelStaff","Meat on the Bone","HowToJump","SynthV:C4","ZombieArmy","Lantern","Divine Protection","MagicDraw2","Dream Catcher","DeathBook","Lizard Tail","Quantum Egg","Replay:Accelerometer","GnawedLeaf","Void","DianPoetry","SharpPlug","Golden Egg","Ice Cream","Letter Opener","Garlic","AT_GuinsooRageblade","Kunai","CrazyTorch:ReiMu","Snack Pack","Toxic Egg 2","Chameleon Ring","GodSword5","AT_TimeSand","Matryoshka","DeadEye","Replay:Arrowhead","White Beast Statue","Blue Candle","AT_RabadonDeathcap","UnicornStump","REME_HourglassOfDeath","AnarchistCookbook","BookofShadows","Singing Bowl","Replay:WaspNest","AT_Kusabimaru","Replay:Bottled Steam","LastBattle","GodSword3","ReplayTheSpireMod:Ninjato","AT_ForceNature","RedBat","Replay:Bottled Snecko","Bottled Lightning","HornCleat","GodSword4","REME_ArchaeologicalTools","REME_LimitBreaker","Bottled Tornado","SentryEyes","D4","Durian","DianDianMeat","MoreBug","FairyMaid","Counterbalance","AT_BellowingDragoncrestRing","TypeBBloodRedTea","PlanX","Replay:Towering Pillar of Hats","Pocketwatch","Pondfish Scales","Unceasing Top","REME_IWantAll","TungstenRod","DaCapo","ReplayFunnel","AT_GoldPhoenixTree","Gambling Chip","Damocles","BlankCard","Calipers","ArrowTower","D6","Replay:Kaleidoscope","MoneyPower","Replay:Multitool","PokeGo","GuppysTail","BionicSphere","Replay:PocketPolymizer","Turnip","ChaoDraw","AT_Manta","Torii","Ginger","Thread and Needle","MostiFishMod:Haymaker","PureWhite:ReiMu","Shovel","AT_TheCollector","SecretRecord","PunchingBag","Medical Kit","Circlet","BFFS","PrismaticShard","Snecko Heart","REME_OnlineShoppingPlatform","Cauldron","Sling","TakeMeEscape","HandDrill","TheBattery","ClockworkSouvenir","TentaclePot:ReiMu","JellyFishMachine","Habit","BirthdayGift-Icosahedron","Ying","Dodecahedron","Chaos","REME_CardOfGreed","Sozu","Toolbox","MagicMushroom","Strange Spoon","Orrery","NineLifeCat","TimeKeys","MoonlightInvasionPlan","ChiXiaoBlade"],"acts_visited":["Exordium","Gensokyo:Gensokyoer","Gensokyo:Gensokyoest","TheEnding"],"potions_floor_usage":[],"damage_taken":[{"damage":27.0,"enemies":"2 Louse","floor":1.0,"turns":3.0},{"damage":0.0,"enemies":"Cultist","floor":3.0,"turns":2.0},{"damage":6.0,"enemies":"Small Slimes","floor":4.0,"turns":3.0},{"damage":0.0,"enemies":"Gremlin Nob","floor":6.0,"turns":2.0},{"damage":19.0,"enemies":"3 Sentries","floor":7.0,"turns":5.0},{"damage":31.0,"enemies":"Replay:BlueRogue","floor":8.0,"turns":2.0},{"damage":8.0,"enemies":"Gremlin Nob","floor":10.0,"turns":2.0},{"damage":0.0,"enemies":"Lagavulin","floor":12.0,"turns":1.0},{"damage":0.0,"enemies":"3 Sentries","floor":13.0,"turns":1.0},{"damage":0.0,"enemies":"Replay:BlueRogue","floor":14.0,"turns":1.0},{"damage":0.0,"enemies":"The Guardian","floor":16.0,"turns":1.0},{"damage":0.0,"enemies":"Gensokyo:Chomper","floor":18.0,"turns":1.0},{"damage":0.0,"enemies":"Gensokyo:AngelMirror","floor":20.0,"turns":1.0},{"damage":0.0,"enemies":"Gensokyo:Koishi","floor":23.0,"turns":1.0},{"damage":0.0,"enemies":"Gensokyo:Tenshi","floor":28.0,"turns":1.0},{"damage":0.0,"enemies":"Gensokyo:Reisen","floor":30.0,"turns":1.0},{"damage":0.0,"enemies":"Gensokyo:Tenshi","floor":31.0,"turns":1.0},{"damage":0,"enemies":"Gensokyo:Kaguya","floor":33,"turns":1},{"damage":0,"enemies":"Gensokyo:3_Bats","floor":35,"turns":1},{"damage":0,"enemies":"Gensokyo:AncientGuardian","floor":38,"turns":1},{"damage":0,"enemies":"Gensokyo:AtlasGolem","floor":39,"turns":1},{"damage":0,"enemies":"Gensokyo:Marisa","floor":40,"turns":1},{"damage":0,"enemies":"Gensokyo:Doremy","floor":42,"turns":1},{"damage":0,"enemies":"Gensokyo:Marisa","floor":44,"turns":1},{"damage":0,"enemies":"Gensokyo:Kasen","floor":45,"turns":1},{"damage":0,"enemies":"Gensokyo:Marisa","floor":47,"turns":1},{"damage":0,"enemies":"3 Darklings","floor":35,"turns":1},{"damage":0,"enemies":"R_Hoarder","floor":38,"turns":1},{"damage":0,"enemies":"R_Hoarder","floor":45,"turns":1},{"damage":0,"enemies":"Giant Head","floor":47,"turns":1},{"damage":0,"enemies":"R_Hoarder","floor":48,"turns":1},{"damage":0,"enemies":"Time Eater","floor":50,"turns":1},{"damage":0,"enemies":"Donu and Deca","floor":51,"turns":1},{"damage":0,"enemies":"Shield and Spear","floor":55,"turns":1},{"damage":0,"enemies":"The Heart","floor":56,"turns":1}],"seed_played":"-1806217968940765316","potions_obtained":[{"floor":1.0,"key":"Explosive Potion"},{"floor":1.0,"key":"SkillPotion"},{"floor":4.0,"key":"GamblersBrew"},{"floor":6.0,"key":"LiquidMemories"},{"floor":7.0,"key":"Dexterity Potion"},{"floor":7.0,"key":"FearPotion"},{"floor":8.0,"key":"FearPotion"},{"floor":10.0,"key":"Flashbang"},{"floor":12.0,"key":"Adrenaline Potion"},{"floor":13.0,"key":"Elixir"},{"floor":16.0,"key":"PanachePotion"}],"is_trial":true,"path_per_floor":["M","$","M","M","$","E","E","E","T","E","$","E","E","E","R","B",null,"M","$","M","$","?","E","?","$","T","T","E","COS","E","E","R","B",null,"M","$","COS","M","M","E","?","E","T","E","E","$","E","$","R","M","T","?","E","$","R","R","R","T","$","?","T","E","E","R","B","B",null,"R","$","E","B",null],"character_chosen":"REMILIA","items_purchased":["MostiFishMod:AdaptiveDefenses","AT_RedTearstoneRing","Happy Flower","ColorlessPotion","BrkXgEgg","Omamori","BelialBook","DoctorsRemote","Darkstone Periapt","TimeFreeze","Iron Hammer","Replay:Rubber Ducky","Sundial","SumBook","Strawberry","CeramicFish","Oddly Smooth Stone","TuHaoJin","BloodDonationMachine","Incense Burner","AT_DeathDance","AT_SilverBalance","Molten Egg 2","GuppysPaw","Ancient Tea Set","FossilizedHelix","CombinedTypeHook","Prayer Wheel","Frozen Egg 2","BookOfRevelations","Replay:Bandana","Ornamental Fan","Boot","AT_BellDemon","Toy Ornithopter","Bronze Scales","MagicDraw4","Mercury Hourglass","Art of War","Blue Doll","Mirror","AT_SilvercatRing","Pantograph","PreservedInsect","Replay:Ringing Soul","Gremlin Food","Replay:Baseball","War Paint","Bag of Preparation","EdensBlessing","Whetstone","AT_SunfireAegis","Pen Nib","Eternal Feather","AT_BladeRuinedKing","AT_MibuBalloonWealth","Bag of Marbles","Grinning Jar","REME_HandOfSuture","ReplayTheSpireMod:Lightbulb","SalivaCoin","Question Card","Regal Pillow","RuthlessExorcism:ReiMu","Centennial Puzzle","Anchor","TheBean","ReplayTheSpireMod:TigerMarble","Du-Vu Doll","Gremlin Horn","Vajra","Blood Vial","Nunchaku","StoneCalendar","SatanicBible","OriginationStaff","Mummified Hand","AT_LudenTempest","Shuriken","Bottled Flame","Pet Ghost","HollowDreamFlower","Replay:Wax Seal","PillsDrop","Mastiff:ReiMu","Tiny Chest","AT_ImmortalShieldbow","ScarletDevilRocket","GodSword7","Replay:Mystery Machine","ImprovedEquipment","Tea:ReiMu","CaptainsWheel","TheBible","Replay:Bottled Eggs","MagicDraw3","ReplayTheSpireMod:Shallot","MagicDraw1","Girya","MealTicket","GodSword6","StrikeDummy","SSSystem","Bird Faced Urn","InkBottle","Orichalcum","AT_ArchangelStaff","Meat on the Bone","HowToJump","SynthV:C4","ZombieArmy","Lantern","Divine Protection","MagicDraw2","Dream Catcher","DeathBook","Lizard Tail","Quantum Egg","Replay:Accelerometer","GnawedLeaf","Void","AntiCross","DianPoetry","SharpPlug","Golden Egg","Ice Cream","Letter Opener","Garlic","AT_GuinsooRageblade","Kunai","CrazyTorch:ReiMu","Snack Pack","Toxic Egg 2","Chameleon Ring","GodSword5","AT_TimeSand","Matryoshka","DeadEye","Replay:Arrowhead","White Beast Statue","Blue Candle","AT_RabadonDeathcap","UnicornStump","REME_HourglassOfDeath","AnarchistCookbook","BookofShadows","Singing Bowl","Replay:WaspNest","AT_Kusabimaru","Replay:Bottled Steam","LastBattle","GodSword3","ReplayTheSpireMod:Ninjato","AT_ForceNature","RedBat","Replay:Bottled Snecko","Bottled Lightning","HornCleat","GodSword4","REME_ArchaeologicalTools","REME_LimitBreaker","Bottled Tornado","SentryEyes","D4","Durian","DianDianMeat","MoreBug","FairyMaid","Counterbalance","Diplopia","TypeBBloodRedTea","PlanX","Replay:Towering Pillar of Hats","Pocketwatch","Pondfish Scales","Unceasing Top","REME_IWantAll","TungstenRod","DaCapo","ReplayFunnel","AT_GoldPhoenixTree","Gambling Chip","Damocles","BlankCard","Calipers","ArrowTower","D6","Replay:Kaleidoscope","MoneyPower","Replay:Multitool","PokeGo","GuppysTail","BionicSphere","Replay:PocketPolymizer","Turnip","ChaoDraw","AT_Manta","Torii","Ginger","Thread and Needle","MostiFishMod:Haymaker","PureWhite:ReiMu","Shovel","ForgetMeNow","AT_TheCollector","SecretRecord","PunchingBag","Medical Kit","Circlet","Circlet","Circlet","Circlet","REME_OnlineShoppingPlatform","Circlet","Circlet","Circlet","Circlet","Circlet","Circlet","Circlet","Circlet","Circlet","Circlet","Circlet","Cauldron","Sling","TakeMeEscape","Circlet","Habit","Circlet","Circlet","Circlet","Circlet","Circlet","Circlet","Circlet","Circlet","Circlet","Circlet","Circlet","Circlet","Circlet","Circlet","Circlet","Circlet","Circlet","Circlet","Circlet","Circlet","Circlet","Circlet","Circlet"],"campfire_rested":0,"item_purchase_floors":[2,2,2,2,5,5,5,11,11,11,11,11,11,11,11,11,11,11,11,11,11,11,11,11,11,11,11,11,11,11,11,11,11,11,11,11,11,11,11,11,11,11,11,11,11,11,11,11,11,11,11,11,11,11,11,11,11,11,11,11,11,11,11,11,11,11,11,11,11,11,11,11,11,11,11,11,11,11,11,11,11,11,11,11,11,11,11,11,11,11,11,11,11,11,11,11,11,11,11,11,11,11,11,11,11,11,11,11,11,11,11,11,11,11,11,11,11,11,11,11,11,11,11,11,11,11,11,11,11,11,11,11,11,11,11,11,11,11,11,11,11,11,11,11,11,11,11,11,11,11,11,11,11,11,11,11,11,11,11,11,11,11,11,11,11,11,11,11,11,11,11,11,11,11,11,11,11,11,11,11,11,11,11,11,11,11,11,11,11,11,11,11,11,11,11,11,11,11,11,11,11,11,11,11,11,11,11,11,11,11,11,11,19,19,19,19,19,19,19,19,19,19,19,19,21,21,25,25,36,48,48,48,48,48,48,48,54,54,54,54,54,54,54,54,54,54,54,54,54,54,54,54],"current_hp_per_floor":[64,64,65,75,75,88,94,94,94,94,114,72,131,143,143,155,155,170,170,185,185,171,188,188,188,193,203,220,220,237,254,254,261,261,276,276,276,276,291,93,93,105,110,127,144,144,161,161,161,176,181,181,198,198,198,198,203,208,208,210,215,232,254,259,259,259,259,264,264,281,281],"gold":7369,"neow_bonus":"","is_daily":false,"chose_seed":false,"campfire_upgraded":0,"win_rate":0.0,"timestamp":1613839520,"path_taken":["M","$","M","M","$","E","E","E","T","E","$","E","E","E","R","BOSS","M","$","M","$","?","E","?","?","T","?","E","COS","E","?","R","BOSS","M","$","COS","M","M","E","?","E","T","E","E","$","E","?","R","M","?","?","?","$","R","R","R","T","$","?","?","E","?","R","BOSS","BOSS","R","$","E","BOSS"],"items_purchased_type":["Relic","Relic","Relic","Potion","Relic","Relic","Relic","Relic","Relic","Relic","Relic","Relic","Relic","Relic","Relic","Relic","Relic","Relic","Relic","Relic","Relic","Relic","Relic","Relic","Relic","Relic","Relic","Relic","Relic","Relic","Relic","Relic","Relic","Relic","Relic","Relic","Relic","Relic","Relic","Relic","Relic","Relic","Relic","Relic","Relic","Relic","Relic","Relic","Relic","Relic","Relic","Relic","Relic","Relic","Relic","Relic","Relic","Relic","Relic","Relic","Relic","Relic","Relic","Relic","Relic","Relic","Relic","Relic","Relic","Relic","Relic","Relic","Relic","Relic","Relic","Relic","Relic","Relic","Relic","Relic","Relic","Relic","Relic","Relic","Relic","Relic","Relic","Relic","Relic","Relic","Relic","Relic","Relic","Relic","Relic","Relic","Relic","Relic","Relic","Relic","Relic","Relic","Relic","Relic","Relic","Relic","Relic","Relic","Relic","Relic","Relic","Relic","Relic","Relic","Relic","Relic","Relic","Relic","Relic","Relic","Card","Relic","Relic","Relic","Relic","Relic","Relic","Relic","Relic","Relic","Relic","Relic","Relic","Relic","Relic","Relic","Relic","Relic","Relic","Relic","Relic","Relic","Relic","Relic","Relic","Relic","Relic","Relic","Relic","Relic","Relic","Relic","Relic","Relic","Relic","Relic","Relic","Relic","Relic","Relic","Relic","Relic","Relic","Relic","Relic","Relic","Relic","Relic","Relic","Relic","Relic","Relic","Relic","Relic","Relic","Relic","Relic","Relic","Relic","Relic","Relic","Relic","Relic","Relic","Relic","Relic","Relic","Relic","Relic","Relic","Relic","Relic","Relic","Relic","Relic","Relic","Relic","Relic","Relic","Relic","Relic","Relic","Relic","Relic","Relic","Relic","Relic","Relic","Undefined","Undefined","Undefined","Undefined","Relic","Undefined","Undefined","Undefined","Undefined","Undefined","Undefined","Undefined","Undefined","Undefined","Undefined","Undefined","Relic","Relic","Relic","Undefined","Relic","Undefined","Undefined","Undefined","Undefined","Undefined","Undefined","Undefined","Undefined","Undefined","Undefined","Undefined","Undefined","Undefined","Undefined","Undefined","Undefined","Undefined","Undefined","Undefined","Undefined","Undefined","Undefined","Undefined"],"build_version":"2020-12-22","purchased_purges":3,"victory":true,"max_hp_per_floor":[70,70,70,84,84,94,94,94,94,94,114,119,131,143,143,155,155,170,170,185,185,171,188,188,188,193,203,220,220,237,254,254,261,261,276,276,276,276,291,93,93,105,110,127,144,144,161,161,161,176,181,181,198,198,198,198,203,208,208,210,215,232,254,259,259,259,259,264,264,281,281],"card_choices":[{"not_picked":["BloodySeventeenLaser+1","ForecastOfChange+1"],"picked":"SKIP","floor":6.0},{"not_picked":["DemonKingCradle+1","BloodyHallows+1"],"picked":"SKIP","floor":7.0},{"not_picked":["CeilingFear+1","TricksterDevil+1"],"picked":"SKIP","floor":8.0},{"not_picked":["CeilingFear+1","QueenOfMidnight+1"],"picked":"SKIP","floor":10.0},{"not_picked":["TransientEternity+1","HeartBreak+1","BloodySeventeenLaser+1"],"picked":"Singing Bowl","floor":12.0},{"not_picked":["CeilingFear+1","ScarletCoffin+1","CurseOfVladTepes+1"],"picked":"Singing Bowl","floor":13.0},{"not_picked":["TransientEternity+1","HeartBreak+1","BloodRain+1"],"picked":"Singing Bowl","floor":14.0},{"not_picked":["Metamorphosis+1","AdministrixMod:Schism+1","Full Inky Sakura+1"],"picked":"Singing Bowl","floor":16.0},{"not_picked":["Chrysalis+1","Komachi:LifeSwap+1","Komachi:FastBreak+1"],"picked":"Singing Bowl","floor":23.0},{"not_picked":["AT_BreakingExtremeWeapon+1","REME_CopyPotion+1","Fancifulhole_purple+1"],"picked":"Singing Bowl","floor":28.0},{"not_picked":["Devotion+1","Mirror Shield+1","EpicFetus+1"],"picked":"Singing Bowl","floor":30.0},{"not_picked":["Dying Dream+1","MostiFishMod:Mania+1","The Inky Sakura+1"],"picked":"Singing Bowl","floor":31.0},{"not_picked":["AdministrixMod:GirlsDoItBetter+1","ReincarnationSword+1","BigCrunch+1"],"picked":"Singing Bowl","floor":33},{"not_picked":["ChainGang+1","SlashOfMeditation+1","Leap+1"],"picked":"Singing Bowl","floor":39},{"not_picked":["Komachi:BoatSanzu+1","SashWhip+1","DoubleEdge+1"],"picked":"Singing Bowl","floor":39},{"not_picked":["Umbrella_purple+1","SubcavityFantasy:ReiMu+1","EnergyFlow+1"],"picked":"Singing Bowl","floor":39},{"not_picked":["REME_Whirling+1","NonDirectionalLaser+1","Komachi:EarthSpirit+1"],"picked":"Singing Bowl","floor":39},{"not_picked":["AT_BreakingExtremeWeapon+1","SlashOfSaigyouSpringWind+1","REME_ProfessionalPlagiarism+1"],"picked":"Singing Bowl","floor":40},{"not_picked":["ChaosCard","FinalSpark+1","MokouMod:Rekindle+1"],"picked":"Singing Bowl","floor":42},{"not_picked":["Chen:Clarity+1","REME_CopyPotion+1","Phantasmal Killer+1"],"picked":"Singing Bowl","floor":44},{"not_picked":["Komachi:HellVision+1","Echo Form+1","Supernatural Nether+1"],"picked":"Singing Bowl","floor":45},{"not_picked":["RemiliaMod:CJNNPSJ+1","Chen:FlankingStrike+1","ReplayTheSpireMod:From All Sides+1"],"picked":"Singing Bowl","floor":47},{"not_picked":["Master of Strategy+1","ReplayTheSpireMod:Necrosis+1","MostiFishMod:RacingGame+1"],"picked":"Singing Bowl","floor":38},{"not_picked":["WorldDissolvedintheRealm_purple+1","SanzenSekai+1","ScarletNetherworld+1"],"picked":"Singing Bowl","floor":45},{"not_picked":["Chen:WhateverWorks+1","HeavenSword+1","Revive The Butterflies+1"],"picked":"Singing Bowl","floor":47},{"not_picked":["AdministrixMod:TenDesires+1","BloodyCatastrophe+1","Vault+1"],"picked":"Singing Bowl","floor":48},{"not_picked":["MostiFishMod:RacingGame+1","RemiliaMod:CJNHS+1","MokouMod:ProfanedFlare+1"],"picked":"Singing Bowl","floor":55}],"player_experience":582633,"relics_obtained":[{"floor":1.0,"key":"Smiling Mask"},{"floor":1.0,"key":"AT_BellowingDragoncrestRing"},{"floor":1.0,"key":"SynthV:TestCard"},{"floor":3.0,"key":"AT_SpeedBoots"},{"floor":3.0,"key":"Akabeko"},{"floor":4.0,"key":"Mango"},{"floor":4.0,"key":"Onion Ring"},{"floor":4.0,"key":"Ccalipers"},{"floor":6.0,"key":"Pear"},{"floor":6.0,"key":"GodSword1"},{"floor":7.0,"key":"Gungnir"},{"floor":7.0,"key":"REME_PuzzleBoxRelic"},{"floor":7.0,"key":"GuppysHead"},{"floor":7.0,"key":"AT_EbonyIvory"},{"floor":8.0,"key":"ThornShield"},{"floor":8.0,"key":"Potion Belt"},{"floor":9.0,"key":"AT_ChloranthyRing"},{"floor":10.0,"key":"Replay:Bottled Flurry"},{"floor":10.0,"key":"The Courier"},{"floor":13.0,"key":"Circlet"},{"floor":13.0,"key":"BFFS"},{"floor":13.0,"key":"Circlet"},{"floor":14.0,"key":"Circlet"},{"floor":14.0,"key":"Circlet"},{"floor":14.0,"key":"Circlet"},{"floor":16.0,"key":"Circlet"},{"floor":16.0,"key":"Circlet"},{"floor":18.0,"key":"Circlet"},{"floor":18.0,"key":"Circlet"},{"floor":18.0,"key":"Circlet"},{"floor":20.0,"key":"Circlet"},{"floor":20.0,"key":"Circlet"},{"floor":20.0,"key":"Circlet"},{"floor":23.0,"key":"Circlet"},{"floor":23.0,"key":"Circlet"},{"floor":23.0,"key":"Circlet"},{"floor":26.0,"key":"Circlet"},{"floor":27.0,"key":"Circlet"},{"floor":27.0,"key":"Circlet"},{"floor":28.0,"key":"Circlet"},{"floor":28.0,"key":"Circlet"},{"floor":28.0,"key":"Circlet"},{"floor":30.0,"key":"Circlet"},{"floor":30.0,"key":"Circlet"},{"floor":30.0,"key":"Circlet"},{"floor":31.0,"key":"Circlet"},{"floor":31.0,"key":"Circlet"},{"floor":31.0,"key":"Circlet"},{"floor":33,"key":"Circlet"},{"floor":35,"key":"Circlet"},{"floor":35,"key":"Circlet"},{"floor":35,"key":"Circlet"},{"floor":38,"key":"Sozu"},{"floor":38,"key":"Toolbox"},{"floor":39,"key":"MagicMushroom"},{"floor":39,"key":"Strange Spoon"},{"floor":39,"key":"Orrery"},{"floor":40,"key":"NineLifeCat"},{"floor":40,"key":"TimeKeys"},{"floor":40,"key":"MoonlightInvasionPlan"},{"floor":42,"key":"Circlet"},{"floor":42,"key":"Circlet"},{"floor":42,"key":"HereWithMe"},{"floor":43,"key":"Circlet"},{"floor":44,"key":"Circlet"},{"floor":44,"key":"Circlet"},{"floor":44,"key":"Circlet"},{"floor":45,"key":"Circlet"},{"floor":45,"key":"Circlet"},{"floor":45,"key":"Circlet"},{"floor":47,"key":"Circlet"},{"floor":47,"key":"Circlet"},{"floor":47,"key":"Circlet"},{"floor":35,"key":"Circlet"},{"floor":35,"key":"Circlet"},{"floor":35,"key":"Circlet"},{"floor":36,"key":"Circlet"},{"floor":38,"key":"Circlet"},{"floor":38,"key":"Circlet"},{"floor":38,"key":"Circlet"},{"floor":42,"key":"Circlet"},{"floor":43,"key":"Circlet"},{"floor":46,"key":"Circlet"},{"floor":47,"key":"Circlet"},{"floor":47,"key":"Circlet"},{"floor":47,"key":"Circlet"},{"floor":48,"key":"Circlet"},{"floor":48,"key":"Circlet"},{"floor":48,"key":"Circlet"},{"floor":48,"key":"Circlet"},{"floor":49,"key":"Circlet"},{"floor":53,"key":"Circlet"},{"floor":55,"key":"Circlet"},{"floor":55,"key":"Circlet"},{"floor":55,"key":"Circlet"}],"event_choices":[],"is_beta":false,"boss_relics":[{"not_picked":["AddBug","Tiny House"],"picked":"Snecko Heart"},{"not_picked":[]},{"not_picked":["Replay:Drink Me","GreenFoldingFan"],"picked":"JellyFishMachine"},{"not_picked":[]}],"items_purged_floors":[2,5,11],"is_endless":false,"potions_floor_spawned":[1,3,7,12,13,14,16,18,20,23,28,30,31,33,35,38,39,40,42,44,45,47,35,38,45,47,48,55],"ascension_level":20}}