{"host":"a3wpq7kyokchzawk","time":1613825433,"event":{"mods":["BaseMod","Colored Map","Highlight Path","Minty Spire (QoL Compilation)","Permanent Neow","Potion Indicator Mod","Relic Stats","Weighted Paths"],"gold_per_floor":[362,205,219,3,3,33,33,62,62,94,94,94,107,134,134,208,208,224,242,33,33,33,33],"floor_reached":22,"language":"ENG","playtime":2408,"items_purged":[],"score":400,"play_id":"00ba70bc-df6f-4dcc-9a13-5a792c21e6cd","local_time":"20210220105033","is_ascension_mode":true,"campfire_choices":[{"floor":7.0,"key":"REST"},{"floor":12,"key":"REST"},{"floor":15,"key":"REST"}],"circlet_count":0,"master_deck":["AscendersBane","Strike_R","Strike_R","Strike_R","Strike_R","Defend_R","Defend_R","Defend_R","Defend_R","Bash","Clothesline","Shrug It Off","Shockwave","Pommel Strike","Anger","Fiend Fire","Dual Wield","Cleave","Corruption","Sentinel","Berserk","Sentinel","Armaments","Seeing Red"],"relics":["Burning Blood","PreservedInsect","ClockworkSouvenir","Dream Catcher","Odd Mushroom","Eternal Feather","Strawberry","Shuriken","SlaversCollar","Medical Kit","MutagenicStrength"],"acts_visited":["Exordium","TheCity"],"potions_floor_usage":[16,19],"damage_taken":[{"damage":8.0,"enemies":"Small Slimes","floor":1.0,"turns":3.0},{"damage":7.0,"enemies":"Cultist","floor":3.0,"turns":4.0},{"damage":30.0,"enemies":"Lagavulin","floor":6.0,"turns":7.0},{"damage":33.0,"enemies":"The Mushroom Lair","floor":8.0,"turns":6.0},{"damage":14,"enemies":"3 Sentries","floor":10,"turns":5},{"damage":7,"enemies":"2 Louse","floor":13,"turns":2},{"damage":22,"enemies":"Lagavulin","floor":14,"turns":5},{"damage":46,"enemies":"Slime Boss","floor":16,"turns":10},{"damage":39,"enemies":"3 Byrds","floor":18,"turns":6},{"damage":33,"enemies":"Spheric Guardian","floor":19,"turns":6},{"damage":16,"enemies":"Shelled Parasite and Fungi","floor":22,"turns":1}],"seed_played":"-1725532856276994450","potions_obtained":[{"floor":1.0,"key":"Fire Potion"},{"floor":8.0,"key":"ElixirPotion"},{"floor":14,"key":"AttackPotion"},{"floor":16,"key":"ElixirPotion"},{"floor":18,"key":"AttackPotion"}],"is_trial":false,"path_per_floor":["M","$","M","$","?","E","R","?","T","E","?","R","M","E","R","B",null,"M","M","$","?","M"],"character_chosen":"IRONCLAD","items_purchased":["PreservedInsect","ClockworkSouvenir","Shrug It Off","Medical Kit","Seeing Red"],"campfire_rested":3,"item_purchase_floors":[2,4,4,20,20],"current_hp_per_floor":[48,48,47,47,47,23,45,18,18,17,17,50,49,33,66,26,68,35,8,8,8,0,0],"gold":33,"neow_bonus":"TWO_FIFTY_GOLD","is_daily":false,"chose_seed":false,"campfire_upgraded":0,"win_rate":0.0,"timestamp":1613825433,"path_taken":["M","$","M","$","?","E","R","?","T","E","?","R","?","E","R","BOSS","M","M","$","?","M"],"items_purchased_type":["Relic","Relic","Card","Relic","Card"],"build_version":"2020-12-22","purchased_purges":0,"victory":false,"max_hp_per_floor":[75,75,75,75,75,75,75,75,75,82,82,82,82,82,82,82,82,82,82,82,82,82,82],"relic_stats":{"Dream Catcher":3,"counters":[11,55],"Shuriken":[7],"Eternal Feather":18,"PreservedInsect":92,"Medical Kit":[0],"obtain_stats":[{"SlaversCollar":17,"Dream Catcher":6,"Shuriken":14,"Strawberry":10,"MutagenicStrength":21,"Eternal Feather":9,"PreservedInsect":2,"Odd Mushroom":8,"Medical Kit":20,"Burning Blood":0,"ClockworkSouvenir":4},{"SlaversCollar":8,"Dream Catcher":3,"Shuriken":7,"Strawberry":5,"MutagenicStrength":10,"Eternal Feather":4,"PreservedInsect":1,"Odd Mushroom":4,"Medical Kit":10,"Burning Blood":0,"ClockworkSouvenir":2},{"SlaversCollar":42,"Dream Catcher":14,"Shuriken":32,"Strawberry":25,"MutagenicStrength":54,"Eternal Feather":20,"PreservedInsect":3,"Odd Mushroom":20,"Medical Kit":54,"Burning Blood":0,"ClockworkSouvenir":7}],"Burning Blood":60},"card_choices":[{"not_picked":["Sever Soul","Headbutt","Flex"],"picked":"SKIP","floor":1.0},{"not_picked":["Flex","Cleave"],"picked":"Clothesline","floor":3.0},{"not_picked":["Havoc","Blood for Blood"],"picked":"Shockwave","floor":6.0},{"not_picked":["Heavy Blade","Body Slam"],"picked":"Pommel Strike","floor":7.0},{"not_picked":["Sword Boomerang","Clash"],"picked":"Anger","floor":8.0},{"not_picked":["Clothesline","Havoc"],"picked":"Fiend Fire","floor":10},{"not_picked":["Sentinel","Clothesline"],"picked":"Cleave","floor":13},{"not_picked":["Bloodletting","Iron Wave"],"picked":"Corruption","floor":14},{"not_picked":["Warcry","Rage"],"picked":"Sentinel","floor":15},{"not_picked":["Feed","Bludgeon"],"picked":"Berserk","floor":16},{"not_picked":["Thunderclap","Headbutt"],"picked":"Sentinel","floor":18},{"not_picked":["Sword Boomerang+1","Dropkick"],"picked":"Armaments","floor":19}],"player_experience":2777180,"relics_obtained":[{"floor":6.0,"key":"Dream Catcher"},{"floor":8.0,"key":"Odd Mushroom"},{"floor":9.0,"key":"Eternal Feather"},{"floor":10,"key":"Strawberry"},{"floor":14,"key":"Shuriken"}],"event_choices":[{"damage_healed":0.0,"max_hp_gain":0.0,"max_hp_loss":0.0,"gold_gain":0.0,"event_name":"Shining Light","player_choice":"Ignored","floor":5.0,"gold_loss":0.0,"damage_taken":0.0},{"damage_healed":0.0,"max_hp_gain":0.0,"max_hp_loss":0.0,"gold_gain":0.0,"event_name":"Mushrooms","player_choice":"Fought Mushrooms","floor":8.0,"gold_loss":0.0,"damage_taken":0.0},{"damage_healed":0,"gold_gain":0,"cards_transformed":["Strike_R"],"player_choice":"Transformed","damage_taken":0,"max_hp_gain":0,"max_hp_loss":0,"event_name":"Transmorgrifier","floor":11,"gold_loss":0,"cards_obtained":["Dual Wield"]},{"damage_healed":0,"gold_gain":0,"player_choice":"Inject Mutagens","damage_taken":0,"relics_obtained":["MutagenicStrength"],"max_hp_gain":0,"max_hp_loss":0,"event_name":"Drug Dealer","floor":21,"gold_loss":0}],"is_beta":false,"boss_relics":[{"not_picked":["Black Blood","Coffee Dripper"],"picked":"SlaversCollar"}],"items_purged_floors":[],"is_endless":false,"potions_floor_spawned":[1,8,14,16,18],"killed_by":"Shelled Parasite and Fungi","ascension_level":20}}