{"host":"wha9hktbkslqvblg","time":1613827709,"event":{"mods":["BaseMod","Colored Map","Minty Spire (QoL Compilation)","Relic Stats","SuperFastMode","everything is the same but u backflip on backflip"],"gold_per_floor":[115,115,115,126,126,159,159,184,184,213,109,34,34,34],"floor_reached":13,"language":"KOR","playtime":213,"items_purged":["Strike_R"],"score":228,"play_id":"ceeafbc7-81cf-4648-9cf6-d64cc88a74db","local_time":"20210220222829","is_ascension_mode":true,"campfire_choices":[],"circlet_count":0,"master_deck":["AscendersBane","Strike_R","Strike_R+1","Defend_R","Defend_R","Defend_R+1","Bash","Shrug It Off","Reckless Charge","Body Slam","Burning Pact","Armaments"],"relics":["Burning Blood","NeowsBlessing","StrikeDummy","Torii","Eternal Feather","Molten Egg 2","Odd Mushroom"],"acts_visited":["Exordium"],"potions_floor_usage":[8],"damage_taken":[{"damage":0,"enemies":"2 Louse","floor":1,"turns":1},{"damage":0,"enemies":"Jaw Worm","floor":4,"turns":1},{"damage":0,"enemies":"3 Sentries","floor":6,"turns":2},{"damage":28,"enemies":"Lagavulin","floor":8,"turns":4},{"damage":20,"enemies":"The Mushroom Lair","floor":10,"turns":4},{"damage":13,"enemies":"3 Sentries","floor":13,"turns":10}],"seed_played":"3922674100555684189","potions_obtained":[{"floor":6,"key":"PowerPotion"},{"floor":10,"key":"Energy Potion"}],"is_trial":false,"path_per_floor":["M","?","?","M","?","E","?","E","T","?","$","?","E"],"character_chosen":"IRONCLAD","items_purchased":["Armaments"],"campfire_rested":0,"item_purchase_floors":[11],"current_hp_per_floor":[74,69,69,75,68,74,51,29,29,15,15,15,2,2],"gold":34,"neow_bonus":"THREE_ENEMY_KILL","is_daily":false,"chose_seed":false,"campfire_upgraded":0,"win_rate":0.0,"timestamp":1613827709,"path_taken":["M","?","?","?","?","E","?","E","T","?","$","?","E"],"items_purchased_type":["Card"],"build_version":"2020-12-22","purchased_purges":1,"victory":false,"max_hp_per_floor":[75,75,75,75,75,75,75,75,75,75,75,75,75,75],"relic_stats":{"Torii":9,"counters":[6,22],"Eternal Feather":0,"obtain_stats":[{"NeowsBlessing":0,"Torii":6,"Eternal Feather":8,"Molten Egg 2":9,"Odd Mushroom":10,"StrikeDummy":2,"Burning Blood":0},{"NeowsBlessing":0,"Torii":3,"Eternal Feather":4,"Molten Egg 2":4,"Odd Mushroom":5,"StrikeDummy":1,"Burning Blood":0},{"NeowsBlessing":0,"Torii":4,"Eternal Feather":8,"Molten Egg 2":8,"Odd Mushroom":12,"StrikeDummy":1,"Burning Blood":0}],"Burning Blood":30},"card_choices":[{"not_picked":["Thunderclap","Perfected Strike"],"picked":"Shrug It Off","floor":1},{"not_picked":["Reckless Charge","Entrench","Iron Wave"],"picked":"SKIP","floor":4},{"not_picked":["Havoc","Rage","Sever Soul"],"picked":"SKIP","floor":6},{"not_picked":["Pommel Strike","Disarm"],"picked":"Body Slam","floor":8},{"not_picked":["Bloodletting","Body Slam+1"],"picked":"Burning Pact","floor":10}],"player_experience":1003283,"relics_obtained":[{"floor":6,"key":"Torii"},{"floor":8,"key":"Eternal Feather"},{"floor":9,"key":"Molten Egg 2"},{"floor":10,"key":"Odd Mushroom"}],"event_choices":[{"damage_healed":0,"gold_gain":0,"player_choice":"Success","damage_taken":5,"relics_obtained":["StrikeDummy"],"max_hp_gain":0,"max_hp_loss":0,"event_name":"Scrap Ooze","floor":2,"gold_loss":0},{"damage_healed":0,"gold_gain":0,"cards_transformed":["Strike_R"],"player_choice":"Change","damage_taken":0,"max_hp_gain":0,"max_hp_loss":0,"event_name":"Living Wall","floor":3,"gold_loss":0,"cards_obtained":["Reckless Charge"]},{"cards_removed":["Defend_R"],"damage_healed":0,"gold_gain":0,"player_choice":"Card Removal","damage_taken":7,"max_hp_gain":0,"max_hp_loss":0,"event_name":"Golden Wing","floor":5,"gold_loss":0},{"damage_healed":0,"gold_gain":0,"player_choice":"Entered Light","damage_taken":23,"max_hp_gain":0,"max_hp_loss":0,"event_name":"Shining Light","floor":7,"gold_loss":0,"cards_upgraded":["Defend_R","Strike_R"]},{"damage_healed":0,"gold_gain":0,"player_choice":"Fought Mushrooms","damage_taken":0,"max_hp_gain":0,"max_hp_loss":0,"event_name":"Mushrooms","floor":10,"gold_loss":0},{"cards_removed":["Strike_R"],"damage_healed":0,"gold_gain":0,"player_choice":"Card Removal","damage_taken":0,"max_hp_gain":0,"max_hp_loss":0,"event_name":"The Cleric","floor":12,"gold_loss":75}],"is_beta":false,"boss_relics":[],"items_purged_floors":[11],"is_endless":false,"potions_floor_spawned":[6,10],"killed_by":"3 Sentries","ascension_level":20}}