{"host":"8av5he6utbys9oi5","time":1613810665,"event":{"mods":["BaseMod","Downfall","Minty Spire (QoL Compilation)","StSLib"],"gold_per_floor":[99,109,127,157,157,157,157,173,190,207,242,68,218,103,115,115,115,115],"floor_reached":16,"language":"ZHS","playtime":1464,"items_purged":["champ:Defend","champ:Defend"],"score":127,"play_id":"7382b759-2c66-4369-a2d2-7b0f95197e55","local_time":"20210220164425","is_ascension_mode":false,"campfire_choices":[{"data":"champ:Taunt","floor":1.0,"key":"SMITH"}],"circlet_count":0,"master_deck":["champ:Strike","champ:Strike","champ:Strike","champ:Defend","champ:Defend","champ:Execute","champ:Taunt+1","champ:CrownThrow","champ:Endure","champ:EnGarde","champ:Backstep","champ:GutPunch","champ:CalledShot","champ:StanceDance","champ:Duel","expansioncontent:HyperBeam","downfall:Icky","champ:Backstep","champ:VampiricStrike"],"relics":["champ:ChampionCrown","Gambling Chip","White Beast Statue","Pear"],"acts_visited":["Exordium"],"potions_floor_usage":[11,14,16],"damage_taken":[{"damage":27.0,"enemies":"2 Louse","floor":2.0,"turns":4.0},{"damage":13.0,"enemies":"Jaw Worm","floor":3.0,"turns":3.0},{"damage":15,"enemies":"Small Slimes","floor":8,"turns":4},{"damage":22,"enemies":"downfall:LooterAlt","floor":9,"turns":4},{"damage":20,"enemies":"2 Fungi Beasts","floor":10,"turns":5},{"damage":94,"enemies":"Lagavulin","floor":11,"turns":8},{"damage":20,"enemies":"downfall:FleeingMerchant","floor":12,"turns":4},{"damage":35,"enemies":"downfall:FleeingMerchant","floor":14,"turns":4},{"damage":19,"enemies":"Gremlin Gang","floor":15,"turns":3},{"damage":52,"enemies":"IC_STATUS_ARCHETYPE","floor":16,"turns":8}],"seed_played":"6972285766962395085","potions_obtained":[{"floor":2.0,"key":"Fire Potion"},{"floor":8,"key":"champ:TechniquePotion"},{"floor":9,"key":"Guardian:BlockOnCardUsePotion"},{"floor":11,"key":"Fire Potion"},{"floor":14,"key":"BlessingOfTheForge"}],"is_trial":false,"path_per_floor":["R","M","M","?","?","T","T","M","M","M","E","$","?","$","M","B"],"character_chosen":"THE_CHAMP","items_purchased":["expansioncontent:HyperBeam"],"campfire_rested":0,"item_purchase_floors":[12],"current_hp_per_floor":[99,92,89,89,89,89,89,89,87,87,73,73,73,68,59,7,7,7],"gold":115,"neow_bonus":"TEN_PERCENT_HP_BONUS","is_daily":false,"chose_seed":false,"campfire_upgraded":1,"win_rate":0.0,"timestamp":1613810665,"path_taken":["R","M","M","?","?","?","T","M","M","M","E","$","?","?","M","BOSS"],"items_purchased_type":["Card"],"build_version":"2020-12-22","purchased_purges":2,"victory":false,"max_hp_per_floor":[99,99,99,99,99,99,99,99,99,99,109,109,109,109,109,109,109,109],"card_choices":[{"not_picked":["champ:EnGarde","champ:PreciseThrust"],"picked":"champ:CrownThrow","floor":2.0},{"not_picked":["champ:Haymaker","champ:ShieldSlam"],"picked":"champ:Endure","floor":3.0},{"not_picked":["champ:HeartStrike","champ:Duel"],"picked":"champ:Backstep","floor":8},{"not_picked":["champ:FlashCut","champ:EndlessRage"],"picked":"champ:GutPunch","floor":9},{"not_picked":["champ:Circumvent","champ:GutPunch"],"picked":"champ:CalledShot","floor":10},{"not_picked":["champ:Endure","champ:Backstep"],"picked":"champ:StanceDance","floor":11},{"not_picked":["champ:StanceDance","champ:GutPunch"],"picked":"champ:Duel","floor":12},{"not_picked":["champ:Haymaker","champ:TornadoPunch"],"picked":"champ:Backstep","floor":14},{"not_picked":["champ:BringItOn","champ:Endure"],"picked":"champ:VampiricStrike","floor":15}],"player_experience":205955,"relics_obtained":[{"floor":6,"key":"Gambling Chip"},{"floor":7,"key":"White Beast Statue"},{"floor":11,"key":"Pear"}],"event_choices":[{"damage_healed":0,"gold_gain":0,"cards_transformed":["champ:Strike"],"player_choice":"Change","damage_taken":0,"max_hp_gain":0,"max_hp_loss":0,"event_name":"Living Wall","floor":5,"gold_loss":0,"cards_obtained":["champ:EnGarde"]}],"is_beta":false,"boss_relics":[],"items_purged_floors":[12,14],"is_endless":false,"potions_floor_spawned":[2,8,9,10,11,12,14,15],"killed_by":"IC_STATUS_ARCHETYPE","ascension_level":0}}