{"host":"56xwnffi6e9z5l58","time":1613792440,"event":{"mods":["Aspiration","BaseMod","Better Match","Better Note","Better Sensory Stone","BetterRewards","Colored Map","Colored Powertips","Conspire","Downfall","GifTheSpireLib","Hermit","Highlight Path","Hubris","Infinite Spire","Key Reminder","Minty Spire (QoL Compilation)","Permanent Neow","Quick Restart","Rare Cards Sparkle","Replay The Spire","StSLib","Stuff the Spire","SuperFastMode","Unceasing Turn Reminder"],"gold_per_floor":[99,111,111,129,142,142,142,159,177,177,194,65,65,79,91,191,191,191,206,191,204,204,204,249,249,249,267,267,280,280,297,313,313,313,313],"floor_reached":33,"language":"ENG","playtime":1053,"items_purged":["bronze:Defend"],"score":243,"play_id":"6a51271a-aab1-4afd-b797-42108e5e7c9f","local_time":"20210220114040","is_ascension_mode":false,"campfire_choices":[{"floor":10,"key":"REST"},{"data":"bronze:Optimize","floor":13,"key":"SMITH"},{"data":"bronze:DelayedSlice","floor":18,"key":"SMITH"},{"data":"bronze:InfiniteBeams","floor":23,"key":"SMITH"},{"data":"bronze:FollowUp","floor":25,"key":"SMITH"},{"data":"bronze:Terminator","floor":28,"key":"SMITH"},{"data":"bronze:ForceShield","floor":30,"key":"SMITH"}],"circlet_count":0,"master_deck":["bronze:Strike","bronze:Strike","bronze:Strike","bronze:Defend","bronze:Defend","bronze:Replicate+1","bronze:Goto","bronze:Repair","bronze:ItsAFeature+1","bronze:Overheat","bronze:DelayedSlice+1","bronze:Frontload","bronze:Optimize+1","bronze:ForceShield+1","bronze:FollowUp+1","bronze:BronzeOrb","bronze:Iterate","bronze:Iterate","bronze:Terminator+1","bronze:ChosenStrike","bronze:AlphaBuild","bronze:Branch","bronze:InfiniteBeams+1","bronze:ChosenStrike","bronze:Fortify+1"],"relics":["bronze:BronzeCore","hubris:EvacipatedBox","hubris:FruitBowl","Shovel","conspire:SlowCooker","Dream Catcher"],"acts_visited":["Exordium","TheCity"],"potions_floor_usage":[16,16,33],"damage_taken":[{"damage":1,"enemies":"Jaw Worm","floor":2,"turns":5},{"damage":0,"enemies":"Cultist","floor":4,"turns":3},{"damage":7,"enemies":"infinitespire:Voidling","floor":5,"turns":3},{"damage":6,"enemies":"Lots of Slimes","floor":8,"turns":3},{"damage":2,"enemies":"downfall:LooterAlt","floor":9,"turns":4},{"damage":0,"enemies":"Exordium Wildlife","floor":11,"turns":3},{"damage":0,"enemies":"downfall:FleeingMerchant","floor":12,"turns":4},{"damage":13,"enemies":"conspire:2 RoseBushes","floor":14,"turns":6},{"damage":11,"enemies":"Exordium Thugs","floor":15,"turns":4},{"damage":59,"enemies":"DF_ARCHETYPE_STREAMLINE","floor":16,"turns":9},{"damage":11,"enemies":"Shell Parasite","floor":19,"turns":5},{"damage":0,"enemies":"downfall:FleeingMerchant","floor":20,"turns":4},{"damage":2,"enemies":"Spheric Guardian","floor":21,"turns":3},{"damage":24,"enemies":"Snake Plant","floor":27,"turns":5},{"damage":6,"enemies":"3 Cultists","floor":29,"turns":4},{"damage":10,"enemies":"Cultist and Chosen","floor":31,"turns":4},{"damage":12,"enemies":"Chosen and Byrds","floor":32,"turns":5},{"damage":43,"enemies":"SI_MIRROR_ARCHETYPE","floor":33,"turns":4}],"seed_played":"4164358119380161841","potions_obtained":[{"floor":4,"key":"bronze:FreeFunctionsPotion"},{"floor":5,"key":"Energy Potion"},{"floor":15,"key":"Toxic Potion"},{"floor":27,"key":"bronze:CleanCodePotion"},{"floor":31,"key":"bronze:CleanCodePotion"}],"is_trial":false,"path_per_floor":["R_BF","M","?","M","M","$","T","M","M","R","M","$","R","M","M","B",null,"R","M","$","M","?","R","T","R","?","M","R","M","R","M","M","B"],"character_chosen":"THE_AUTOMATON","items_purchased":["hubris:EvacipatedBox","hubris:FruitBowl","bronze:Iterate"],"campfire_rested":1,"item_purchase_floors":[6,6,12],"current_hp_per_floor":[70,70,70,70,70,32,32,26,31,52,52,62,62,59,58,6,70,70,59,66,64,64,64,64,64,64,50,50,44,44,34,29,0,0,0],"gold":313,"neow_bonus":"TRANSFORM_TWO_CARDS","is_daily":false,"chose_seed":false,"campfire_upgraded":6,"win_rate":0.0,"timestamp":1613792440,"path_taken":["R_BF","M","?","?","M","?","T","?","M","R","M","$","R","M","M","BOSS","R","M","$","M","?","R","T","R","?","M","R","M","R","?","M","BOSS"],"items_purchased_type":["Relic","Relic","Card"],"build_version":"2020-12-22","purchased_purges":1,"victory":false,"max_hp_per_floor":[70,70,70,70,70,70,70,70,70,70,70,70,70,70,70,70,70,70,70,70,70,70,70,70,70,70,70,70,70,70,70,70,70,70,70],"card_choices":[{"not_picked":["bronze:Frontload","bronze:BronzeArmor"],"picked":"bronze:Overheat","floor":2},{"not_picked":["bronze:Turbo","bronze:DigitalCarnage"],"picked":"bronze:DelayedSlice","floor":4},{"not_picked":["bronze:OilSpill","bronze:Invalidate"],"picked":"bronze:Frontload","floor":5},{"not_picked":["bronze:BugBarrage","bronze:Frontload"],"picked":"bronze:Optimize","floor":8},{"not_picked":["bronze:Frontload","bronze:Constructor"],"picked":"bronze:ForceShield","floor":9},{"not_picked":["bronze:Virus","bronze:WhirlingStrike"],"picked":"bronze:FollowUp","floor":11},{"not_picked":["bronze:Allocate","bronze:Overheat"],"picked":"bronze:BronzeOrb","floor":12},{"not_picked":["bronze:Turbo","bronze:Invalidate"],"picked":"bronze:Terminator","floor":14},{"not_picked":["bronze:BugBarrage","bronze:WildBeam"],"picked":"bronze:ChosenStrike","floor":15},{"not_picked":["bronze:ShipIt","bronze:Mutator"],"picked":"bronze:AlphaBuild","floor":16},{"not_picked":["bronze:Turbo","bronze:Repair"],"picked":"bronze:Branch","floor":19},{"not_picked":["bronze:Branch","bronze:Terminator+1"],"picked":"bronze:InfiniteBeams","floor":20},{"not_picked":["bronze:Iterate","bronze:OilSpill","bronze:DarkDash+1"],"picked":"SKIP","floor":21},{"not_picked":["bronze:Branch","bronze:BitShift"],"picked":"bronze:ChosenStrike","floor":27},{"not_picked":["bronze:Iterate","bronze:ForLoop","bronze:Frontload"],"picked":"SKIP","floor":29},{"not_picked":["bronze:NullPointer","bronze:AlphaBuild"],"picked":"bronze:Fortify+1","floor":31},{"not_picked":["bronze:Invalidate","bronze:DelayedGuard","bronze:Shield"],"picked":"SKIP","floor":32}],"player_experience":1048120,"relics_obtained":[{"floor":7,"key":"Shovel"},{"floor":24,"key":"Dream Catcher"}],"event_choices":[{"cards_removed":["bronze:Strike"],"damage_healed":0,"gold_gain":0,"player_choice":"Give","damage_taken":0,"max_hp_gain":0,"max_hp_loss":0,"event_name":"betterNote:BetterNote","floor":22,"gold_loss":0,"cards_obtained":["bronze:Strike"]}],"is_beta":false,"boss_relics":[{"not_picked":["aspiration:WatcherSkillbook","Astrolabe","Velvet Choker"],"picked":"conspire:SlowCooker"}],"items_purged_floors":[12],"is_endless":false,"potions_floor_spawned":[4,5,15,27,31],"killed_by":"SI_MIRROR_ARCHETYPE","ascension_level":0}}