{"host":"mj8akmyfd5lo602f","time":1613785502,"event":{"mods":["2.2 Compatiblity","Act Like it!","BaseMod","Bestiary","BshForSts","Colored Map","Colored Powertips","Highlight Path","Koishi","Minty Spire (QoL Compilation)","Permanent Neow","Relic Stats","StSLib","The Marked"],"gold_per_floor":[110,110,110,127,127,127,158,158,158,158,158,5,22,55,55,150,150,170,185,132,149,49,49,82,93,116,144,243,243,259,273,273,273,273],"floor_reached":33,"language":"ENG","playtime":1856,"items_purged":["theMarked:Strike"],"score":318,"play_id":"4959c34a-37ca-4dc1-ac19-a652aeaf312c","local_time":"20210220014502","is_ascension_mode":false,"campfire_choices":[{"data":"theMarked:StartUp","floor":6.0,"key":"SMITH"},{"data":"theMarked:SoldierOfQuellstein","floor":8.0,"key":"SMITH"},{"data":"theMarked:Opportunist","floor":11.0,"key":"SMITH"},{"data":"theMarked:EmpowerWeapon","floor":15.0,"key":"SMITH"},{"data":"theMarked:Toughness","floor":23.0,"key":"SMITH"},{"data":"theMarked:Abjuration","floor":29.0,"key":"SMITH"},{"floor":32,"key":"REST"}],"circlet_count":0,"master_deck":["theMarked:Strike","theMarked:Strike","theMarked:Strike","theMarked:Defend","theMarked:Defend","theMarked:Defend","theMarked:Defend","theMarked:SoldierOfQuellstein+1","theMarked:StartUp+1","theMarked:Opportunist+1","theMarked:Toughness+1","theMarked:EmpowerWeapon+1","theMarked:Abjuration+1","theMarked:AttractMetal+1","theMarked:ChainLightning","theMarked:RogueSparks","theMarked:EmpowerWeapon","theMarked:WardOff","theMarked:SwordAndMagic","theMarked:HeightenedSenses"],"relics":["theMarked:ArtifactOfAir","NeowsBlessing","theMarked:KettuFlask","MealTicket","Kunai","Akabeko","theMarked:SpiritSword","Shuriken","Bronze Scales","Nunchaku"],"acts_visited":["Exordium","TheCity"],"potions_floor_usage":[],"damage_taken":[{"damage":0.0,"enemies":"2 Louse","floor":1.0,"turns":1.0},{"damage":0.0,"enemies":"Small Slimes","floor":4.0,"turns":2.0},{"damage":0.0,"enemies":"3 Sentries","floor":7.0,"turns":1.0},{"damage":0.0,"enemies":"Cultist","floor":13.0,"turns":3.0},{"damage":8.0,"enemies":"Lagavulin","floor":14.0,"turns":7.0},{"damage":28.0,"enemies":"Slime Boss","floor":16.0,"turns":9.0},{"damage":5.0,"enemies":"Shell Parasite","floor":18.0,"turns":5.0},{"damage":10.0,"enemies":"2 Thieves","floor":19.0,"turns":4.0},{"damage":19.0,"enemies":"Snake Plant","floor":21.0,"turns":4.0},{"damage":38.0,"enemies":"Book of Stabbing","floor":24.0,"turns":6.0},{"damage":0.0,"enemies":"Snecko","floor":25.0,"turns":3.0},{"damage":36.0,"enemies":"Gremlin Leader","floor":27.0,"turns":6.0},{"damage":2,"enemies":"Centurion and Healer","floor":30,"turns":6},{"damage":0,"enemies":"3 Cultists","floor":31,"turns":4},{"damage":41,"enemies":"Automaton","floor":33,"turns":6}],"seed_played":"-5233689030015479661","potions_obtained":[{"floor":1.0,"key":"Swift Potion"},{"floor":7.0,"key":"BlessingOfTheForge"},{"floor":24.0,"key":"Explosive Potion"},{"floor":25.0,"key":"FairyPotion"},{"floor":30,"key":"theMarked:ChargePotion"}],"is_trial":false,"path_per_floor":["M","?","?","M","$","R","E","R","T","?","R","$","M","E","R","B",null,"M","M","$","M","$","R","E","M","T","E","?","R","M","M","R","B"],"character_chosen":"THE_DEFAULT","items_purchased":["theMarked:Toughness","theMarked:ChainLightning","theMarked:EmpowerWeapon"],"campfire_rested":1,"item_purchase_floors":[12,20,22],"current_hp_per_floor":[72,65,47,47,47,47,47,47,47,47,47,62,62,54,54,26,72,67,57,72,53,68,68,30,30,30,21,21,21,19,19,40,0,0],"gold":273,"neow_bonus":"THREE_ENEMY_KILL","is_daily":false,"chose_seed":false,"campfire_upgraded":6,"win_rate":0.0,"timestamp":1613785502,"path_taken":["M","?","?","M","$","R","E","R","T","?","R","$","?","E","R","BOSS","M","M","$","M","$","R","E","M","T","E","?","R","M","M","R","BOSS"],"items_purchased_type":["Card","Card","Card"],"build_version":"2020-12-22","purchased_purges":1,"victory":false,"max_hp_per_floor":[72,72,72,72,72,72,72,72,72,72,72,72,72,72,72,72,72,72,72,72,72,72,72,72,72,72,72,72,72,72,72,72,72,72],"relic_stats":{"Nunchaku":[3],"counters":[15,67],"Shuriken":[9],"Bronze Scales":[77],"MealTicket":45,"Kunai":[17],"obtain_stats":[{"theMarked:ArtifactOfAir":0,"Nunchaku":27,"NeowsBlessing":0,"Shuriken":24,"Bronze Scales":26,"MealTicket":7,"theMarked:SpiritSword":17,"Kunai":9,"Akabeko":14,"theMarked:KettuFlask":3},{"theMarked:ArtifactOfAir":0,"Nunchaku":12,"NeowsBlessing":0,"Shuriken":10,"Bronze Scales":11,"MealTicket":3,"theMarked:SpiritSword":6,"Kunai":3,"Akabeko":5,"theMarked:KettuFlask":1},{"theMarked:ArtifactOfAir":0,"Nunchaku":51,"NeowsBlessing":0,"Shuriken":42,"Bronze Scales":45,"MealTicket":4,"theMarked:SpiritSword":23,"Kunai":4,"Akabeko":14,"theMarked:KettuFlask":1}]},"card_choices":[{"not_picked":["theMarked:ContemptForTheProud","theMarked:RepellingDischarge","theMarked:WastefulAttack"],"picked":"SKIP","floor":1.0},{"not_picked":["theMarked:Aftermath","theMarked:Electrocute"],"picked":"theMarked:StartUp","floor":4.0},{"not_picked":["theMarked:ElectricStrings","theMarked:ResourceFulStrike"],"picked":"theMarked:Opportunist","floor":7.0},{"not_picked":["theMarked:Seal","theMarked:WastefulAttack","theMarked:Parkour"],"picked":"SKIP","floor":13.0},{"not_picked":["theMarked:Panic","theMarked:Parkour"],"picked":"theMarked:EmpowerWeapon","floor":14.0},{"not_picked":["theMarked:Toughness","theMarked:ThrowWeapon"],"picked":"theMarked:Abjuration","floor":16.0},{"not_picked":["theMarked:TwofoldDefense","theMarked:Aftermath","theMarked:TunnelVision"],"picked":"SKIP","floor":18.0},{"not_picked":["theMarked:ResourceFulStrike+1","theMarked:WastefulAttack+1"],"picked":"theMarked:AttractMetal+1","floor":19.0},{"not_picked":["theMarked:Friction+1","theMarked:RepellingDischarge"],"picked":"theMarked:RogueSparks","floor":21.0},{"not_picked":["theMarked:BanishingStrike","theMarked:Memento+1"],"picked":"theMarked:WardOff","floor":24.0},{"not_picked":["theMarked:Friction","theMarked:EmpowerWeapon","theMarked:WastefulAttack"],"picked":"SKIP","floor":25.0},{"not_picked":["theMarked:Improvise","theMarked:TurnInvisible"],"picked":"theMarked:SwordAndMagic","floor":27.0},{"not_picked":["theMarked:EmpowerWeapon","theMarked:ResourceFulStrike+1"],"picked":"theMarked:HeightenedSenses","floor":30},{"not_picked":["theMarked:BanishingStrike","theMarked:Aftermath+1","theMarked:EmpowerWeapon"],"picked":"SKIP","floor":31}],"player_experience":205380,"relics_obtained":[{"floor":7.0,"key":"MealTicket"},{"floor":9.0,"key":"Kunai"},{"floor":14.0,"key":"Akabeko"},{"floor":24.0,"key":"Shuriken"},{"floor":26.0,"key":"Bronze Scales"},{"floor":27.0,"key":"Nunchaku"}],"event_choices":[{"cards_removed":["theMarked:Strike"],"damage_healed":0.0,"max_hp_gain":0.0,"max_hp_loss":0.0,"gold_gain":0.0,"event_name":"Golden Wing","player_choice":"Card Removal","floor":2.0,"gold_loss":0.0,"damage_taken":7.0},{"damage_healed":0.0,"max_hp_gain":0.0,"max_hp_loss":0.0,"gold_gain":0.0,"event_name":"Scrap Ooze","player_choice":"Success","floor":3.0,"gold_loss":0.0,"damage_taken":18.0,"relics_obtained":["theMarked:KettuFlask"]},{"damage_healed":0.0,"max_hp_gain":0.0,"max_hp_loss":0.0,"gold_gain":0.0,"event_name":"NoteForYourself","player_choice":"Ignored","floor":10.0,"gold_loss":0.0,"damage_taken":0.0},{"damage_healed":0.0,"max_hp_gain":0.0,"max_hp_loss":0.0,"gold_gain":99.0,"event_name":"Nest","player_choice":"Stole From Cult","floor":28.0,"gold_loss":0.0,"damage_taken":0.0}],"is_beta":false,"boss_relics":[{"not_picked":["Calling Bell","Runic Pyramid"],"picked":"theMarked:SpiritSword"}],"items_purged_floors":[22],"is_endless":false,"potions_floor_spawned":[1,7,24,25,30],"killed_by":"Automaton","ascension_level":0}}