{"host":"lx933ja015x1ub68","time":1613834351,"event":{"mods":["AchievementEnabler","BaseMod","Better Match","Better Third Choice","BetterRewards","Colored Map","Exacting","FTL Soundtrack","Minty Spire (QoL Compilation)","RNG Fix","Shop Mod","StSLib"],"gold_per_floor":[124,150,164,176,131,131,158,158,181,215,215,240,259,286,286,385,385,415,415,340,387,26,26,77,2,2,2,27,58,58,87,87,187,187,203,223,223,238,213,213,134,134,134,134,179,179,179,204,204,204,204,204,31,60,60,60],"floor_reached":55,"language":"ENG","playtime":5739,"items_purged":[],"score":1024,"play_id":"1a8a2ec9-eb37-40c2-8691-4292b18c04ce","local_time":"20210221021911","is_ascension_mode":true,"campfire_choices":[{"data":"Loop","floor":6.0,"key":"SMITH"},{"floor":8.0,"key":"RECALL"},{"floor":15.0,"key":"REST"},{"data":"Zap","floor":23.0,"key":"SMITH"},{"data":"Chill","floor":27.0,"key":"SMITH"},{"data":"Capacitor","floor":30.0,"key":"SMITH"},{"data":"Barrage","floor":32.0,"key":"SMITH"},{"data":"Ball Lightning","floor":40.0,"key":"SMITH"},{"data":"Glacier","floor":42.0,"key":"SMITH"},{"data":"Ball Lightning","floor":46.0,"key":"SMITH"},{"data":"1","floor":49.0,"key":"LIFT"},{"data":"2","floor":52.0,"key":"LIFT"}],"circlet_count":0,"master_deck":["Strike_B","Strike_B","Strike_B","Strike_B+1","Defend_B","Defend_B","Defend_B","Defend_B","Zap+1","Dualcast","Capacitor+1","Glacier+1","FTL","Loop+1","Conserve Battery","Turbo","Cold Snap+1","Chill+1","Barrage+1","Redo+1","Stack+1","Buffer+1","Turbo+1","Double Energy+1","Conserve Battery+1","Loop+1","Biased Cognition+1","Self Repair+1","Chaos+1","Hello World+1","Electrodynamics+1","Ball Lightning+1","Ball Lightning+1","Loop+1","Ball Lightning+1","White Noise+1","Creative AI+1"],"relics":["Cracked Core","betterThird:SlimedRelic","PreservedInsect","Lantern","Toxic Egg 2","Frozen Egg 2","Nuclear Battery","Matryoshka","Peace Pipe","Bottled Lightning","Pear","Anchor","Runic Pyramid","Centennial Puzzle","Happy Flower","Vajra","Girya","Whetstone","Du-Vu Doll"],"acts_visited":["Exordium","TheCity","TheBeyond","TheEnding"],"potions_floor_usage":[55,55],"damage_taken":[{"damage":0.0,"enemies":"Cultist","floor":1.0,"turns":3.0},{"damage":3.0,"enemies":"Jaw Worm","floor":2.0,"turns":5.0},{"damage":0.0,"enemies":"Small Slimes","floor":3.0,"turns":2.0},{"damage":11.0,"enemies":"Exordium Thugs","floor":4.0,"turns":3.0},{"damage":0.0,"enemies":"Lagavulin","floor":7.0,"turns":10.0},{"damage":0.0,"enemies":"3 Sentries","floor":10.0,"turns":8.0},{"damage":23.0,"enemies":"Gremlin Nob","floor":12.0,"turns":7.0},{"damage":6.0,"enemies":"3 Louse","floor":13.0,"turns":4.0},{"damage":2.0,"enemies":"Exordium Wildlife","floor":14.0,"turns":5.0},{"damage":12.0,"enemies":"The Guardian","floor":16.0,"turns":15.0},{"damage":12.0,"enemies":"Shell Parasite","floor":18.0,"turns":10.0},{"damage":5.0,"enemies":"3 Byrds","floor":21.0,"turns":7.0},{"damage":31.0,"enemies":"Slavers","floor":24.0,"turns":5.0},{"damage":1.0,"enemies":"Sentry and Sphere","floor":28.0,"turns":10.0},{"damage":2.0,"enemies":"Shelled Parasite and Fungi","floor":29.0,"turns":10.0},{"damage":12.0,"enemies":"Gremlin Leader","floor":31.0,"turns":11.0},{"damage":47.0,"enemies":"Automaton","floor":33.0,"turns":13.0},{"damage":0.0,"enemies":"3 Darklings","floor":35.0,"turns":5.0},{"damage":0.0,"enemies":"Orb Walker","floor":36.0,"turns":3.0},{"damage":0.0,"enemies":"Transient","floor":38.0,"turns":5.0},{"damage":6.0,"enemies":"2 Orb Walkers","floor":45.0,"turns":7.0},{"damage":3.0,"enemies":"Giant Head","floor":48.0,"turns":9.0},{"damage":9.0,"enemies":"Time Eater","floor":50.0,"turns":12.0},{"damage":36.0,"enemies":"Shield and Spear","floor":54.0,"turns":5.0},{"damage":85,"enemies":"The Heart","floor":55,"turns":5}],"seed_played":"-7145763252828473198","potions_obtained":[{"floor":2.0,"key":"Fire Potion"},{"floor":3.0,"key":"Block Potion"},{"floor":7.0,"key":"SneckoOil"},{"floor":12.0,"key":"FocusPotion"},{"floor":13.0,"key":"SpeedPotion"},{"floor":14.0,"key":"FocusPotion"},{"floor":18.0,"key":"SkillPotion"},{"floor":21.0,"key":"LiquidBronze"},{"floor":33.0,"key":"FocusPotion"},{"floor":36.0,"key":"Block Potion"},{"floor":38.0,"key":"PotionOfCapacity"}],"is_trial":false,"path_per_floor":["M","M","M","M","?","R","E","R","T","E","?","E","M","M","R","B",null,"M","?","?","M","$","R","E","$","T","R","M","M","R","E","R","B",null,"M","M","?","M","$","R","$","R","T","?","?","R","?","E","R","B",null,"R","$","E","B"],"character_chosen":"DEFECT","items_purchased":["Capacitor","Glacier","Sweeping Beam","FTL","Loop+1","Matryoshka","Energy Potion","Self Repair+1","Ball Lightning","Loop+1","Block Potion","Regen Potion","Dexterity Potion"],"campfire_rested":1,"item_purchase_floors":[0,0,0,0,22,22,22,25,39,41,53,53,53],"current_hp_per_floor":[69,66,66,55,44,44,44,44,44,44,44,21,15,13,35,23,75,63,63,63,69,69,69,38,38,48,48,57,65,65,63,63,26,85,85,85,85,85,85,85,85,85,85,85,85,85,81,81,81,81,81,81,81,55,0,0],"gold":60,"neow_bonus":"","is_daily":false,"chose_seed":false,"campfire_upgraded":8,"win_rate":0.0,"timestamp":1613834351,"path_taken":["M","M","M","?","?","R","E","R","T","E","?","E","M","?","R","BOSS","M","?","?","M","$","R","E","?","T","R","M","M","R","E","R","BOSS","M","M","?","M","$","R","$","R","T","?","?","R","?","E","R","BOSS","R","$","E","BOSS"],"items_purchased_type":["Card","Card","Card","Card","Card","Relic","Potion","Card","Card","Card","Potion","Potion","Potion"],"build_version":"2020-12-22","purchased_purges":0,"victory":false,"max_hp_per_floor":[75,75,75,75,75,75,75,75,75,75,75,75,75,75,75,75,75,75,75,75,75,75,75,75,75,85,85,85,85,85,85,85,85,85,85,85,85,85,85,85,85,85,85,85,85,85,81,81,81,81,81,81,81,81,81,81],"card_choices":[{"not_picked":["Go for the Eyes","Hologram"],"picked":"Loop","floor":1.0},{"not_picked":["Leap","Rebound"],"picked":"Conserve Battery","floor":2.0},{"not_picked":["Skim","Gash"],"picked":"Turbo","floor":3.0},{"not_picked":["Leap","Gash"],"picked":"Cold Snap","floor":4.0},{"not_picked":["Compile Driver","Rip and Tear"],"picked":"Chill","floor":7.0},{"not_picked":["All For One","Streamline"],"picked":"Barrage","floor":10.0},{"not_picked":["Aggregate+1","Rip and Tear"],"picked":"Redo+1","floor":12.0},{"not_picked":["Tempest+1","Melter"],"picked":"Stack+1","floor":13.0},{"not_picked":["Beam Cell","Rebound","Multi-Cast+1"],"picked":"SKIP","floor":14.0},{"not_picked":["Thunder Strike","Meteor Strike"],"picked":"Buffer+1","floor":16.0},{"not_picked":["Reprogram+1","Barrage"],"picked":"Turbo+1","floor":18.0},{"not_picked":["Gash","Leap+1"],"picked":"Conserve Battery+1","floor":21.0},{"not_picked":["Tempest+1","Leap+1"],"picked":"Biased Cognition+1","floor":24.0},{"not_picked":["Barrage+1","Stack+1"],"picked":"Chaos+1","floor":28.0},{"not_picked":["Turbo+1","Reinforced Body+1"],"picked":"Hello World+1","floor":29.0},{"not_picked":["Leap+1","Heatsinks+1","Coolheaded+1"],"picked":"SKIP","floor":31.0},{"not_picked":["Thunder Strike","Echo Form+1"],"picked":"Electrodynamics+1","floor":33.0},{"not_picked":["Go for the Eyes+1","Undo+1","Conserve Battery+1"],"picked":"SKIP","floor":35.0},{"not_picked":["Stack+1","Conserve Battery+1"],"picked":"Ball Lightning+1","floor":36.0},{"not_picked":["Compile Driver","Rip and Tear","Consume+1"],"picked":"SKIP","floor":38.0},{"not_picked":["Double Energy+1","Coolheaded+1"],"picked":"Ball Lightning","floor":45.0},{"not_picked":["Streamline+1","Steam+1"],"picked":"White Noise+1","floor":48.0},{"not_picked":["Double Energy+1","Reprogram+1"],"picked":"Creative AI+1","floor":54.0}],"player_experience":120158,"relics_obtained":[{"floor":7.0,"key":"PreservedInsect"},{"floor":10.0,"key":"Lantern"},{"floor":12.0,"key":"Frozen Egg 2"},{"floor":24.0,"key":"Peace Pipe"},{"floor":26.0,"key":"Bottled Lightning"},{"floor":26.0,"key":"Pear"},{"floor":31.0,"key":"Anchor"},{"floor":43.0,"key":"Happy Flower"},{"floor":43.0,"key":"Vajra"},{"floor":45.0,"key":"Girya"},{"floor":48.0,"key":"Whetstone"},{"floor":54.0,"key":"Du-Vu Doll"}],"event_choices":[{"damage_healed":0.0,"max_hp_gain":0.0,"max_hp_loss":0.0,"gold_gain":0.0,"event_name":"betterThird:BetterGoop","player_choice":"Slimed","floor":5.0,"gold_loss":45.0,"damage_taken":11.0},{"damage_healed":0.0,"max_hp_gain":0.0,"max_hp_loss":0.0,"gold_gain":0.0,"event_name":"Big Fish","player_choice":"Box","floor":11.0,"gold_loss":0.0,"damage_taken":0.0,"relics_obtained":["Toxic Egg 2"],"cards_obtained":["Regret"]},{"damage_healed":0.0,"max_hp_gain":0.0,"max_hp_loss":0.0,"gold_gain":0.0,"event_name":"The Library","player_choice":"Read","floor":19.0,"gold_loss":0.0,"damage_taken":0.0,"cards_obtained":["Double Energy"]},{"cards_removed":["Regret"],"damage_healed":0.0,"max_hp_gain":0.0,"max_hp_loss":0.0,"gold_gain":0.0,"event_name":"Beggar","player_choice":"Gave Gold","floor":20.0,"gold_loss":75.0,"damage_taken":0.0},{"damage_healed":0.0,"max_hp_gain":0.0,"max_hp_loss":0.0,"gold_gain":0.0,"event_name":"WeMeetAgain","player_choice":"Gave Potion","floor":37.0,"gold_loss":0.0,"damage_taken":0.0,"relics_obtained":["Centennial Puzzle"]},{"cards_removed":["Sweeping Beam"],"damage_healed":0.0,"max_hp_gain":0.0,"max_hp_loss":0.0,"gold_gain":0.0,"event_name":"Falling","player_choice":"Removed Attack","floor":44.0,"gold_loss":0.0,"damage_taken":0.0},{"damage_healed":0.0,"max_hp_gain":0.0,"max_hp_loss":0.0,"gold_gain":0.0,"event_name":"Mysterious Sphere","player_choice":"Fight","floor":45.0,"gold_loss":0.0,"damage_taken":0.0},{"damage_healed":0.0,"max_hp_gain":0.0,"max_hp_loss":4.0,"gold_gain":0.0,"event_name":"Winding Halls","player_choice":"Max HP","floor":47.0,"gold_loss":0.0,"damage_taken":0.0}],"is_beta":false,"boss_relics":[{"not_picked":["Velvet Choker","Ectoplasm"],"picked":"Nuclear Battery"},{"not_picked":["Fusion Hammer","SlaversCollar"],"picked":"Runic Pyramid"}],"items_purged_floors":[],"is_endless":false,"potions_floor_spawned":[2,3,12,13,14,18,21,33,36,38],"killed_by":"The Heart","ascension_level":1}}