{"host":"v86vpwf004p2esb7","time":1613801685,"event":{"mods":["AchievementEnabler","BaseMod","BetterRewards","Colored Powertips","Minty Spire (QoL Compilation)","Quick Restart","StSLib","Transform Curses"],"gold_per_floor":[112,76,93,93,93,93,122,138,138,138,138],"floor_reached":10,"language":"ENG","playtime":257,"items_purged":[],"score":86,"play_id":"2b297c2f-d2c7-4921-9f27-f9f3d55fe4c7","local_time":"20210219221445","is_ascension_mode":true,"campfire_choices":[{"floor":6,"key":"REST"}],"circlet_count":0,"master_deck":["Strike_B","Strike_B","Strike_B","Strike_B","Defend_B","Defend_B","Defend_B+1","Defend_B+1","Zap","Dualcast","Storm","Cold Snap+1","Capacitor","Rebound+1","Pain","White Noise","Ball Lightning+1"],"relics":["Cracked Core","Molten Egg 2","Question Card","Runic Capacitor","FossilizedHelix","WarpedTongs","Ornamental Fan","Gremlin Horn"],"acts_visited":["Exordium"],"potions_floor_usage":[7],"damage_taken":[{"damage":0,"enemies":"Cultist","floor":1,"turns":3},{"damage":0,"enemies":"Small Slimes","floor":3,"turns":3},{"damage":35,"enemies":"Lagavulin","floor":7,"turns":5},{"damage":3,"enemies":"Jaw Worm","floor":8,"turns":3},{"damage":0,"enemies":"3 Sentries","floor":10,"turns":3}],"seed_played":"385982360588220056","potions_obtained":[{"floor":3,"key":"ColorlessPotion"}],"is_trial":false,"path_per_floor":["M","$","M","?","?","R","E","M","T","E"],"character_chosen":"DEFECT","items_purchased":["Molten Egg 2","Question Card","Runic Capacitor","Storm","Capacitor"],"campfire_rested":1,"item_purchase_floors":[0,0,0,0,2],"current_hp_per_floor":[33,33,33,18,18,40,5,2,2,2,2],"gold":138,"neow_bonus":"","is_daily":false,"chose_seed":false,"campfire_upgraded":0,"win_rate":0.0,"timestamp":1613801685,"path_taken":["M","$","M","?","?","R","E","M","T","E"],"items_purchased_type":["Relic","Relic","Relic","Card","Card"],"build_version":"2020-12-22","purchased_purges":0,"victory":false,"max_hp_per_floor":[75,75,75,75,75,75,75,75,75,75,75],"card_choices":[{"not_picked":["BootSequence","Hologram","Rip and Tear+1"],"picked":"Cold Snap+1","floor":1},{"not_picked":["Turbo","Hologram","Leap"],"picked":"Rebound+1","floor":3},{"not_picked":["Compile Driver+1","Core Surge+1","Rebound+1"],"picked":"White Noise","floor":7},{"not_picked":["Storm","Coolheaded","Steam"],"picked":"Ball Lightning+1","floor":8}],"player_experience":308769,"relics_obtained":[{"floor":7,"key":"Ornamental Fan"},{"floor":9,"key":"Gremlin Horn"}],"event_choices":[{"damage_healed":0,"gold_gain":0,"player_choice":"Entered Light","damage_taken":15,"max_hp_gain":0,"max_hp_loss":0,"event_name":"Shining Light","floor":4,"gold_loss":0,"cards_upgraded":["Defend_B","Defend_B"]},{"damage_healed":0,"gold_gain":0,"player_choice":"Rummage","damage_taken":0,"relics_obtained":["WarpedTongs"],"max_hp_gain":0,"max_hp_loss":0,"event_name":"Accursed Blacksmith","floor":5,"gold_loss":0,"cards_obtained":["Pain"]}],"is_beta":false,"boss_relics":[],"items_purged_floors":[],"is_endless":false,"potions_floor_spawned":[3],"killed_by":"3 Sentries","ascension_level":6}}