{"host":"ijtyqc57s6c9mbij","time":1613805522,"event":{"mods":["BaseMod","Colored Map","Downfall","Minty Spire (QoL Compilation)","StSLib"],"gold_per_floor":[99,111,286,286,286,49,49,49,67,79,93,110,10,0,15,114,114,114,127,146,146,158,158,158,177,208,227,427,427,327,351,370,370,370,370],"floor_reached":33,"language":"ENG","playtime":1761,"items_purged":["Doubt"],"score":327,"play_id":"4f7b0f9b-9c19-420b-a6f4-2d9eb6cd9ed5","local_time":"20210219231842","is_ascension_mode":true,"campfire_choices":[{"data":"champ:Taunt","floor":1,"key":"SMITH"},{"floor":8,"key":"RECALL"},{"data":"champ:ArenaPreparation","floor":13,"key":"SMITH"},{"data":"champ:GladiatorForm","floor":18,"key":"SMITH"},{"data":"champ:Lariat","floor":23,"key":"SMITH"},{"data":"champ:PreciseThrust","floor":30,"key":"SMITH"}],"circlet_count":0,"master_deck":["champ:Strike","champ:Strike","champ:Strike","champ:Strike","champ:Defend","champ:Defend","champ:Defend","champ:Defend","champ:Execute","champ:Taunt+1","champ:Lariat+1","champ:BerserkersShout","champ:BringItOn","champ:ArenaPreparation+1","champ:FocusedDefense","champ:CrookedStrike","champ:Devastate","champ:ShieldSigil","champ:GladiatorForm+1","champ:HeartStrike","champ:AdrenalArmor+1","champ:RageSigil","champ:EnGarde","champ:DefensiveStyle+1","champ:PreciseThrust+1","downfall:Haunted","champ:Shatter+1"],"relics":["champ:ChampionCrownUpgraded","sneckomod:BlankCard","Slimebound:PreparedRelic","downfall:HeartBlessingRed","Nloth\u0027s Gift","champ:SpectersHand","Orichalcum","champ:GladiatorsBookOfMartialProwess","downfall:HeartBlessingGreen"],"acts_visited":["Exordium","TheCity"],"potions_floor_usage":[16,16,26,33],"damage_taken":[{"damage":20,"enemies":"Jaw Worm","floor":2,"turns":3},{"damage":20,"enemies":"downfall:FleeingMerchant","floor":6,"turns":4},{"damage":50,"enemies":"Small Slimes","floor":9,"turns":4},{"damage":15,"enemies":"2 Louse","floor":10,"turns":2},{"damage":28,"enemies":"Blue Slaver","floor":11,"turns":3},{"damage":25,"enemies":"Lots of Slimes","floor":12,"turns":4},{"damage":30,"enemies":"downfall:FleeingMerchant","floor":14,"turns":4},{"damage":45,"enemies":"Exordium Wildlife","floor":15,"turns":2},{"damage":104,"enemies":"SI_SHIV_ARCHETYPE","floor":16,"turns":7},{"damage":55,"enemies":"Shell Parasite","floor":19,"turns":2},{"damage":51,"enemies":"Spheric Guardian","floor":20,"turns":5},{"damage":35,"enemies":"Snake Plant","floor":22,"turns":2},{"damage":90,"enemies":"Cultist and Chosen","floor":25,"turns":2},{"damage":60,"enemies":"Book of Stabbing","floor":26,"turns":2},{"damage":40,"enemies":"Snecko","floor":27,"turns":3},{"damage":40,"enemies":"Shelled Parasite and Fungi","floor":32,"turns":3},{"damage":85,"enemies":"DF_ARCHETYPE_CLAW","floor":33,"turns":3}],"seed_played":"4533802092607140862","potions_obtained":[{"floor":2,"key":"FearPotion"},{"floor":9,"key":"hexamod:SoulburnPotion"},{"floor":11,"key":"SteroidPotion"},{"floor":16,"key":"DuplicationPotion"},{"floor":19,"key":"SkillPotion"},{"floor":32,"key":"champ:CounterPotion"}],"is_trial":false,"path_per_floor":["R","M","?","?","?","$","T","R","M","M","M","M","R","$","M","B",null,"R","M","M","?","M","R","T","M","E","M","?","?","R","T","M","B"],"character_chosen":"THE_CHAMP","items_purchased":["Lantern"],"campfire_rested":0,"item_purchase_floors":[6],"current_hp_per_floor":[90,90,90,90,90,90,90,90,90,90,87,87,87,87,87,78,90,90,90,84,84,84,84,84,84,84,84,84,84,84,84,84,0,0,0],"gold":370,"neow_bonus":"RANDOM_COMMON_RELIC","is_daily":false,"chose_seed":false,"campfire_upgraded":5,"win_rate":0.0,"timestamp":1613805522,"path_taken":["R","M","?","?","?","?","T","R","M","M","?","M","R","$","M","BOSS","R","M","M","?","?","R","T","M","E","?","?","?","R","?","M","BOSS"],"items_purchased_type":["Relic"],"build_version":"2020-12-22","purchased_purges":1,"victory":false,"max_hp_per_floor":[90,90,90,90,90,90,90,90,90,90,90,90,90,90,90,90,90,90,90,90,90,90,90,90,90,90,90,90,90,90,90,90,90,90,90],"card_choices":[{"not_picked":["champ:DeathBlow","champ:HeartStrike"],"picked":"champ:Lariat","floor":2},{"not_picked":["champ:FanOfKnives","champ:HeartStrike"],"picked":"champ:BerserkersShout","floor":6},{"not_picked":["champ:HeartStrike","champ:PreciseThrust"],"picked":"champ:BringItOn","floor":9},{"not_picked":["champ:Backstep","champ:GladiatorStyle"],"picked":"champ:ArenaPreparation","floor":10},{"not_picked":["champ:EndlessRage","champ:PreciseThrust"],"picked":"champ:FocusedDefense","floor":11},{"not_picked":["champ:CalledShot","champ:GutPunch"],"picked":"champ:CrookedStrike","floor":12},{"not_picked":["champ:Lariat","champ:StanceDance"],"picked":"champ:Devastate","floor":14},{"not_picked":["champ:FlashCut","champ:CrownThrow"],"picked":"champ:ShieldSigil","floor":15},{"not_picked":["champ:IgnorePain","champ:LastStand"],"picked":"champ:GladiatorForm","floor":16},{"not_picked":["champ:EndlessRage","champ:RisingSlash+1"],"picked":"champ:HeartStrike","floor":19},{"not_picked":["champ:SetATrap","champ:Parry"],"picked":"champ:AdrenalArmor+1","floor":20},{"not_picked":["champ:Shatter+1","champ:FanOfKnives"],"picked":"champ:RageSigil","floor":22},{"not_picked":["champ:AdrenalArmor","champ:BladeFlurry"],"picked":"champ:EnGarde","floor":25},{"not_picked":["champ:GutPunch+1","champ:FlashCut+1"],"picked":"champ:DefensiveStyle+1","floor":26},{"not_picked":["champ:Backstep","champ:BladeFlurry"],"picked":"champ:PreciseThrust","floor":27},{"not_picked":["champ:GutPunch","champ:FanOfKnives"],"picked":"champ:Shatter+1","floor":32}],"player_experience":1010263,"relics_obtained":[{"floor":7,"key":"Slimebound:PreparedRelic"},{"floor":24,"key":"champ:SpectersHand"},{"floor":26,"key":"Orichalcum"}],"event_choices":[],"is_beta":false,"boss_relics":[{"not_picked":["expansioncontent:StudyCardRelic","Black Star"],"picked":"champ:ChampionCrownUpgraded"}],"items_purged_floors":[6],"is_endless":false,"potions_floor_spawned":[2,9,11,16,19,20,25,32],"killed_by":"DF_ARCHETYPE_CLAW","ascension_level":3}}