{"host":"hemqwg9ve6welna9","time":1613794117,"event":{"mods":["2.2 Compatiblity","AchievementEnabler","Act Like it!","BaseMod","Beaked The Cultist","Bestiary","Better Match","Better Note","Better Third Choice","BetterRewards","Conspire","Curses Come First","Dio Mod","Downfall","Gremlin Mod","Hermit","Highlight Path","Hubris","Melee Mod","Minty Spire (QoL Compilation)","Permanent Neow","Potionbrewer","Quick Restart","Rare Cards Sparkle","Relic Stats","Reliquary","Robot Space Explorer","Ruina","SOS???????","Shop Mod","StSLib","SuperFastMode","Td1madao Mod","The Bug Knight","The Cursed","The Disciple","The Forsaken","The Hierophant","The Jungle","The Marked","The Runesmith","The Senshi","The Servant 0.9.4","The Wild Card","TheBandit","TheVacant","UnlockEverythingMod","everything is the same but u backflip on backflip"],"gold_per_floor":[115,36,54,54,54,82,82,98,122,122,122,153,167,187,187,282,282,301,320,320,595,79,108,108,108],"floor_reached":24,"language":"ENG","playtime":1265,"items_purged":["Regret"],"score":324,"play_id":"26c71879-9bb2-46c1-b77e-6d98cef7cd91","local_time":"20210219220837","is_ascension_mode":false,"campfire_choices":[{"floor":11.0,"key":"REST"},{"floor":15.0,"key":"REST"}],"circlet_count":0,"master_deck":["Strike_C","Strike_C","Strike_C","Strike_C","Defend_C","Defend_C","Defend_C","Defend_C","Knight Kick","Chip","Light Attack","Enlightenment+1","Here Defend Chip","Twin Teeth","Black Contract+1","Lunge+1","Judgment","White Contract","Black Execution","Oblique Hack","Coercion","Reinforcement Parts","Lunge","Retrieval Recycling","De Ware Chip","Cooling Song+1","Apotheosis","Here Defend Chip","Energy Supply","Memory Alloy"],"relics":["Apod","reliquary:Stiletto","WingedGreaves","hubris:Icosahedron","Dream Catcher","Runesmith:Nanobots","hubris:RunicObelisk","reliquary:SilkGlove","theSenshi:FeatherClipsRelic"],"acts_visited":["Exordium","TheCity"],"potions_floor_usage":[],"damage_taken":[{"damage":1.0,"enemies":"Cultist","floor":1.0,"turns":4.0},{"damage":0.0,"enemies":"Jaw Worm","floor":3.0,"turns":3.0},{"damage":26.0,"enemies":"3 Sentries","floor":6.0,"turns":7.0},{"damage":0.0,"enemies":"Small Slimes","floor":8.0,"turns":3.0},{"damage":6.0,"enemies":"Gremlin Nob","floor":12.0,"turns":4.0},{"damage":0.0,"enemies":"2 Fungi Beasts","floor":13.0,"turns":2.0},{"damage":10.0,"enemies":"Exordium Thugs","floor":14.0,"turns":2.0},{"damage":37.0,"enemies":"Hexaghost","floor":16.0,"turns":6.0},{"damage":0.0,"enemies":"Spheric Guardian","floor":18.0,"turns":3.0},{"damage":20.0,"enemies":"2 Thieves","floor":19.0,"turns":3.0},{"damage":47.0,"enemies":"Slavers","floor":23.0,"turns":5.0},{"damage":0,"enemies":"Snecko","floor":24,"turns":2}],"seed_played":"8876613291198324290","potions_obtained":[{"floor":3.0,"key":"Block Potion"},{"floor":6.0,"key":"potionbrewer:ToxicPotion"},{"floor":8.0,"key":"Block Potion"},{"floor":13.0,"key":"potionbrewer:ToxicPotion"},{"floor":23.0,"key":"Dexterity Potion"}],"is_trial":false,"path_per_floor":["M","$","M","?","?","E","?","M","T","?","R","E","M","M","R","B",null,"M","M","?","?","$","E","M"],"character_chosen":"TD1MADAO_CLASS","items_purchased":["Light Attack","reliquary:Stiletto","Enlightenment","Here Defend Chip","Black Contract","reliquary:SilkGlove","Apotheosis","Here Defend Chip","Energy Supply"],"campfire_rested":2,"item_purchase_floors":[0,0,0,0,2,22,22,22,22],"current_hp_per_floor":[59,59,59,45,45,19,19,19,19,19,40,34,34,24,45,8,70,70,50,50,50,50,3,3,3],"gold":108,"neow_bonus":"","is_daily":false,"chose_seed":false,"campfire_upgraded":0,"win_rate":0.0,"timestamp":1613794117,"path_taken":["M","$","M","?","?","E","?","M","T","?","R","E","?","M","R","BOSS","M","?","?","?","$","E","?"],"items_purchased_type":["Card","Relic","Card","Card","Card","Relic","Card","Card","Card"],"build_version":"2020-12-22","purchased_purges":1,"victory":false,"max_hp_per_floor":[70,70,70,70,70,70,70,70,70,70,70,70,70,70,70,70,70,70,70,70,70,70,70,70,70],"relic_stats":{"Dream Catcher":2,"counters":[47,227],"obtain_stats":[{"reliquary:SilkGlove":22,"Gremlin Horn":26,"reliquary:Aerogel":12,"potionbrewer:AlchemistFlask":6,"theSenshi:FeatherClipsRelic":23,"hubris:RunicObelisk":17,"conspire:TopHat":3,"conspire:InfiniteJournal":17,"Blood Vial":26,"Frozen Eye":18,"Nunchaku":17,"Dream Catcher":9,"hubris:Icosahedron":7,"WingedGreaves":6,"Potion Belt":8,"conspire:TreasureMap":28,"Runesmith:Nanobots":12,"hubris:DuctTape":27,"Golden Idol":7,"reliquary:WeakTea":9,"hubris:Towel":9,"Akabeko":24,"potionbrewer:Torch":0,"Calling Bell":17,"hubris:Spice":14,"betterThird:SlimedRelic":12,"Pandora\u0027s Box":17,"Molten Egg 2":9,"hubris:BundleOfHerbs":7,"reliquary:Stiletto":0,"Bag of Marbles":0,"hubris:TenFootPole":2,"conspire:BottledYoYo":17,"Apod":0,"Bottled Lightning":10,"potionbrewer:SlideRule":31,"hubris:OldNail":11},{"reliquary:SilkGlove":45,"Gremlin Horn":20,"reliquary:Aerogel":15,"potionbrewer:AlchemistFlask":4,"theSenshi:FeatherClipsRelic":46,"hubris:RunicObelisk":43,"conspire:TopHat":12,"conspire:InfiniteJournal":28,"Blood Vial":32,"Frozen Eye":17,"Nunchaku":28,"Dream Catcher":39,"hubris:Icosahedron":38,"WingedGreaves":38,"Potion Belt":8,"conspire:TreasureMap":21,"Runesmith:Nanobots":40,"hubris:DuctTape":21,"Golden Idol":7,"reliquary:WeakTea":8,"hubris:Towel":4,"Akabeko":20,"potionbrewer:Torch":22,"Calling Bell":28,"hubris:Spice":16,"betterThird:SlimedRelic":27,"Pandora\u0027s Box":17,"Molten Egg 2":26,"hubris:BundleOfHerbs":4,"reliquary:Stiletto":35,"Bag of Marbles":0,"hubris:TenFootPole":6,"conspire:BottledYoYo":28,"Apod":0,"Bottled Lightning":8,"potionbrewer:SlideRule":34,"hubris:OldNail":14},{"reliquary:SilkGlove":220,"Gremlin Horn":105,"reliquary:Aerogel":75,"potionbrewer:AlchemistFlask":21,"theSenshi:FeatherClipsRelic":225,"hubris:RunicObelisk":214,"conspire:TopHat":59,"conspire:InfiniteJournal":137,"Blood Vial":169,"Frozen Eye":89,"Nunchaku":137,"Dream Catcher":200,"hubris:Icosahedron":197,"WingedGreaves":197,"Potion Belt":40,"conspire:TreasureMap":111,"Runesmith:Nanobots":204,"hubris:DuctTape":111,"Golden Idol":32,"reliquary:WeakTea":40,"hubris:Towel":21,"Akabeko":105,"potionbrewer:Torch":112,"Calling Bell":137,"hubris:Spice":81,"betterThird:SlimedRelic":128,"Pandora\u0027s Box":89,"Molten Egg 2":125,"hubris:BundleOfHerbs":21,"reliquary:Stiletto":183,"Bag of Marbles":0,"hubris:TenFootPole":28,"conspire:BottledYoYo":137,"Apod":0,"Bottled Lightning":40,"potionbrewer:SlideRule":177,"hubris:OldNail":70}]},"card_choices":[{"not_picked":["Here Defend Chip","Machining"],"picked":"Twin Teeth","floor":1.0},{"not_picked":["De Ware Chip","Weapon Shift"],"picked":"Lunge","floor":3.0},{"not_picked":["Fixing","Reinforcement Parts"],"picked":"Judgment","floor":6.0},{"not_picked":["Judgment","Rupture"],"picked":"White Contract","floor":8.0},{"not_picked":["Three Hit","Machining"],"picked":"Black Execution","floor":11.0},{"not_picked":["Fixing","Black Hand"],"picked":"Oblique Hack","floor":12.0},{"not_picked":["Three Hit","Sudden Beat"],"picked":"Coercion","floor":13.0},{"not_picked":["Rupture","Black Dance"],"picked":"Reinforcement Parts","floor":14.0},{"not_picked":["Black Spear","Defend System"],"picked":"Lunge","floor":15.0},{"not_picked":["Overclocking","Memory Alloy"],"picked":"Retrieval Recycling","floor":16.0},{"not_picked":["Oblique Hack+1","Here Defend Chip"],"picked":"De Ware Chip","floor":18.0},{"not_picked":["Afterwards","Black Spear"],"picked":"Cooling Song+1","floor":19.0},{"not_picked":["Oblique Hack","Sudden Beat"],"picked":"Memory Alloy","floor":23.0}],"player_experience":19309,"relics_obtained":[{"floor":6.0,"key":"WingedGreaves"},{"floor":9.0,"key":"Dream Catcher"},{"floor":12.0,"key":"Runesmith:Nanobots"},{"floor":23.0,"key":"theSenshi:FeatherClipsRelic"}],"event_choices":[{"damage_healed":59.0,"max_hp_gain":0.0,"max_hp_loss":70.0,"gold_gain":0.0,"event_name":"betterThird:BetterShining","player_choice":"Upgrade","floor":4.0,"gold_loss":0.0,"damage_taken":14.0,"cards_upgraded":["Lunge","Enlightenment"]},{"damage_healed":0.0,"max_hp_gain":0.0,"max_hp_loss":0.0,"gold_gain":0.0,"event_name":"betterNote:BetterNote","player_choice":"Ignored","floor":20.0,"gold_loss":0.0,"damage_taken":0.0,"cards_obtained":["theForsaken:Preservation"]},{"damage_healed":0.0,"max_hp_gain":0.0,"max_hp_loss":0.0,"gold_gain":275.0,"event_name":"Golden Shrine","player_choice":"Desecrate","floor":21.0,"gold_loss":0.0,"damage_taken":0.0,"cards_obtained":["Regret"]}],"is_beta":false,"boss_relics":[{"not_picked":["Velvet Choker","reliquary:Craggleroot"],"picked":"hubris:RunicObelisk"}],"items_purged_floors":[22],"is_endless":false,"potions_floor_spawned":[3,6,8,13,23],"killed_by":"Snecko","ascension_level":0}}