{"host":"ndpbn7fqb3wjbd7p","time":1613803822,"event":{"mods":["AchievementEnabler","Act Like it!","AlwaysNeverKeys","BaseMod","Better Vampires","Block Reminder","Colored Powertips","DeckTracker","Defuse TimeMaze Blight","Friendly Minions","Highlight Path","MarisaÅiñ∂âJÅ@ñÇóùçπÅj","Minty Spire (QoL Compilation)","Permanent Neow","StSLib","SuperFastMode","Synergy Search","Unceasing Turn Reminder","Wandering Minibosses"],"gold_per_floor":[118,118,118,130,130,165,183,183,183,214,229,229,69,86,86,162,162,102,2,12,26,36,36,135,135,186,186,205,234,252,271,271,342,342,361,386,399,410,410,410,443,30,30,59,59,59,59],"floor_reached":46,"language":"ENG","playtime":3248,"items_purged":["Dualcast","Strike_B","Defend_B"],"score":1003,"play_id":"ce6468aa-29f3-4335-b118-358db72ec56f","local_time":"20210220075022","is_ascension_mode":true,"campfire_choices":[{"floor":12,"key":"REST"},{"data":"Defragment","floor":15,"key":"SMITH"},{"data":"Zap","floor":23,"key":"SMITH"},{"data":"Hologram","floor":27,"key":"SMITH"},{"data":"Go for the Eyes","floor":32,"key":"SMITH"},{"data":"Barrage","floor":40,"key":"SMITH"}],"circlet_count":0,"master_deck":["AscendersBane","Strike_B","Strike_B","Defend_B","Defend_B","Defend_B","Zap+1","Defragment+1","Cold Snap","Hologram+1","Steam","Seek","Capacitor","Cold Snap","FTL","Thunder Strike","Go for the Eyes+1","Steam","Coolheaded+1","Defragment+1","Buffer","Reinforced Body","Seek","Ball Lightning","Barrage+1","Heatsinks+1","Recycle+1","Madness","Chrysalis","Beam Cell+1","Madness","Madness"],"relics":["Black Star","Thread and Needle","Kunai","Happy Flower","StrikeDummy","Darkstone Periapt","Matryoshka","Inserter","Orichalcum","Anchor","TungstenRod","Pantograph","Coffee Dripper","Unceasing Top","Strawberry","Boot","Sundial","Centennial Puzzle","Dream Catcher","Bottled Tornado"],"acts_visited":["Exordium","TheCity","TheBeyond"],"potions_floor_usage":[10,10,14,29,36,46],"damage_taken":[{"damage":3,"enemies":"Jaw Worm","floor":1,"turns":4},{"damage":8,"enemies":"Small Slimes","floor":4,"turns":4},{"damage":39,"enemies":"3 Sentries","floor":6,"turns":11},{"damage":0,"enemies":"2 Louse","floor":7,"turns":3},{"damage":2,"enemies":"Lagavulin","floor":10,"turns":6},{"damage":3,"enemies":"Exordium Wildlife","floor":11,"turns":6},{"damage":0,"enemies":"Large Slime","floor":14,"turns":7},{"damage":9,"enemies":"The Guardian","floor":16,"turns":12},{"damage":19,"enemies":"2 Thieves","floor":18,"turns":4},{"damage":0,"enemies":"Chosen","floor":20,"turns":8},{"damage":13,"enemies":"Centurion and Healer","floor":21,"turns":10},{"damage":0,"enemies":"Chosen and Byrds","floor":22,"turns":11},{"damage":12,"enemies":"Snecko","floor":28,"turns":6},{"damage":0,"enemies":"Book of Stabbing","floor":29,"turns":8},{"damage":0,"enemies":"Centurion and Healer","floor":30,"turns":9},{"damage":0,"enemies":"Shelled Parasite and Fungi","floor":31,"turns":8},{"damage":0,"enemies":"Collector","floor":33,"turns":14},{"damage":0,"enemies":"Orb Walker","floor":35,"turns":5},{"damage":12,"enemies":"Mind Bloom Boss Battle","floor":36,"turns":8},{"damage":11,"enemies":"3 Shapes","floor":37,"turns":4},{"damage":15,"enemies":"3 Darklings","floor":38,"turns":7},{"damage":0,"enemies":"Nemesis","floor":41,"turns":7},{"damage":11,"enemies":"Giant Head","floor":44,"turns":10},{"damage":29,"enemies":"Reptomancer","floor":46,"turns":2}],"seed_played":"6017713278695446107","potions_obtained":[{"floor":1,"key":"Weak Potion"},{"floor":6,"key":"LiquidMemories"},{"floor":11,"key":"Swift Potion"},{"floor":20,"key":"BlessingOfTheForge"},{"floor":29,"key":"SneckoOil"},{"floor":33,"key":"Dexterity Potion"},{"floor":35,"key":"GamblersBrew"},{"floor":37,"key":"SneckoOil"}],"is_trial":false,"path_per_floor":["M","?","?","M","?","E","M","?","T","E","M","R","$","M","R","B",null,"M","$","M","M","M","R","?","?","T","R","M","E","M","M","R","B",null,"M","?","M","M","?","R","E","$","T","E","?","E"],"character_chosen":"DEFECT","items_purchased":["Capacitor","Cold Snap","Madness","Chrysalis"],"campfire_rested":1,"item_purchase_floors":[13,13,42,42],"current_hp_per_floor":[65,40,33,25,50,11,11,11,11,9,6,28,28,28,28,19,61,42,42,42,29,29,29,29,29,29,29,17,17,17,17,17,42,67,67,63,52,37,37,37,44,44,44,33,24,0,0],"gold":59,"neow_bonus":"BOSS_RELIC","is_daily":false,"chose_seed":false,"campfire_upgraded":5,"win_rate":0.0,"timestamp":1613803822,"path_taken":["M","?","?","M","?","E","?","?","T","E","M","R","$","M","R","BOSS","M","$","M","M","?","R","?","?","T","R","?","E","M","?","R","BOSS","M","?","M","M","?","R","E","$","T","E","?","E"],"items_purchased_type":["Card","Card","Card","Card"],"build_version":"2020-12-22","purchased_purges":3,"victory":false,"max_hp_per_floor":[75,75,75,75,75,75,75,75,75,75,75,75,75,75,75,75,75,75,75,75,75,75,75,75,75,75,75,75,75,75,75,75,75,75,75,75,75,75,75,75,82,82,82,82,82,82,82],"card_choices":[{"not_picked":["Static Discharge","Double Energy"],"picked":"Defragment","floor":1},{"not_picked":["Compile Driver","Conserve Battery"],"picked":"Cold Snap","floor":4},{"not_picked":["Chill","Leap"],"picked":"Hologram","floor":6},{"not_picked":["Streamline","Stack"],"picked":"Steam","floor":7},{"not_picked":["Compile Driver","Barrage"],"picked":"Seek","floor":10},{"not_picked":["Aggregate","Force Field","Rebound"],"picked":"SKIP","floor":11},{"not_picked":["Steam","Darkness"],"picked":"FTL","floor":14},{"not_picked":["Hyperbeam","Electrodynamics"],"picked":"Thunder Strike","floor":16},{"not_picked":["Coolheaded","Genetic Algorithm"],"picked":"Go for the Eyes","floor":18},{"not_picked":["Redo","Sweeping Beam","Turbo"],"picked":"SKIP","floor":20},{"not_picked":["Go for the Eyes","Ball Lightning"],"picked":"Steam","floor":21},{"not_picked":["Capacitor","Cold Snap"],"picked":"Coolheaded+1","floor":22},{"not_picked":["Sweeping Beam","Darkness"],"picked":"Buffer","floor":28},{"not_picked":["Redo","Leap"],"picked":"Loop","floor":29},{"not_picked":["Melter","Steam","Leap"],"picked":"SKIP","floor":30},{"not_picked":["Steam","Conserve Battery"],"picked":"Reinforced Body","floor":31},{"not_picked":["Biased Cognition","Buffer"],"picked":"Seek","floor":33},{"not_picked":["Rebound","Storm"],"picked":"Ball Lightning","floor":35},{"not_picked":["Hello World","Redo+1"],"picked":"Barrage","floor":36},{"not_picked":["Stack","Ball Lightning","Redo"],"picked":"SKIP","floor":37},{"not_picked":["Steam","BootSequence"],"picked":"Heatsinks+1","floor":38},{"not_picked":["Fusion","Hologram+1"],"picked":"Recycle+1","floor":41},{"not_picked":["Capacitor","Fission"],"picked":"Beam Cell+1","floor":44}],"player_experience":1186542,"relics_obtained":[{"floor":6,"key":"Kunai"},{"floor":6,"key":"Happy Flower"},{"floor":9,"key":"StrikeDummy"},{"floor":10,"key":"Darkstone Periapt"},{"floor":10,"key":"Matryoshka"},{"floor":26,"key":"Orichalcum"},{"floor":26,"key":"Anchor"},{"floor":29,"key":"TungstenRod"},{"floor":29,"key":"Pantograph"},{"floor":36,"key":"Unceasing Top"},{"floor":41,"key":"Strawberry"},{"floor":41,"key":"Boot"},{"floor":43,"key":"Sundial"},{"floor":43,"key":"Centennial Puzzle"},{"floor":44,"key":"Dream Catcher"},{"floor":44,"key":"Bottled Tornado"}],"event_choices":[{"damage_healed":0,"gold_gain":0,"player_choice":"Success","damage_taken":25,"relics_obtained":["Thread and Needle"],"max_hp_gain":0,"max_hp_loss":0,"event_name":"Scrap Ooze","floor":2,"gold_loss":0},{"cards_removed":["Strike_B"],"damage_healed":0,"gold_gain":0,"player_choice":"Card Removal","damage_taken":7,"max_hp_gain":0,"max_hp_loss":0,"event_name":"Golden Wing","floor":3,"gold_loss":0},{"damage_healed":25,"gold_gain":0,"player_choice":"Banana","damage_taken":0,"max_hp_gain":0,"max_hp_loss":0,"event_name":"Big Fish","floor":5,"gold_loss":0},{"damage_healed":0,"gold_gain":0,"player_choice":"Bought 0 Potions","damage_taken":0,"max_hp_gain":0,"max_hp_loss":0,"event_name":"The Woman in Blue","floor":8,"gold_loss":0},{"damage_healed":0,"gold_gain":99,"player_choice":"Stole From Cult","damage_taken":0,"max_hp_gain":0,"max_hp_loss":0,"event_name":"Nest","floor":24,"gold_loss":0},{"damage_healed":0,"gold_gain":0,"player_choice":"Copied","damage_taken":0,"max_hp_gain":0,"max_hp_loss":0,"event_name":"Duplicator","floor":25,"gold_loss":0,"cards_obtained":["Defragment"]},{"damage_healed":0,"gold_gain":0,"player_choice":"Fight","damage_taken":0,"max_hp_gain":0,"max_hp_loss":0,"event_name":"MindBloom","floor":36,"gold_loss":0},{"cards_removed":["Loop"],"damage_healed":0,"gold_gain":0,"player_choice":"Removed Power","damage_taken":0,"max_hp_gain":0,"max_hp_loss":0,"event_name":"Falling","floor":39,"gold_loss":0},{"damage_healed":0,"gold_gain":0,"player_choice":"Embrace Madness","damage_taken":10,"max_hp_gain":0,"max_hp_loss":0,"event_name":"Winding Halls","floor":45,"gold_loss":0,"cards_obtained":["Madness","Madness"]}],"is_beta":false,"boss_relics":[{"not_picked":["Velvet Choker","Snecko Eye"],"picked":"Inserter"},{"not_picked":["SacredBark","Runic Pyramid"],"picked":"Coffee Dripper"}],"items_purged_floors":[13,19,42],"is_endless":false,"potions_floor_spawned":[1,6,11,20,29,33,35,37],"killed_by":"Reptomancer","ascension_level":13}}