{"host":"b1k9tvirjqaexfiq","time":1613803279,"event":{"mods":["AchievementEnabler","Act Like it!","BaseMod","Bestiary","Better Third Choice","BetterRewards","Bossed Relics","CapriCore","Colored Powertips","Conspire","Curses Come First","Energized Spire","Filter the Spire","Highlight Path","Hubris","Infinite Spire","Luminous","Marisa????????","Marked Mod","Minty Spire (QoL Compilation)","Permanent Neow","Quick Restart","Rare Cards Sparkle","Reliquary","Replay The Spire","Ruina","Shop Mod","StSLib","The Animator","The Bug Knight","The Cursed","The Immortal","The Marked","The Servant 0.9.4","Together in Spire","Waifu the Spire","??????REMEMod"],"gold_per_floor":[113,58,72,82,82,82,116,133,201,201,201,20,40,61,61,190,190,209,244,268,268,292,292,308,308,333,333,333,356,374,399,399,399,399],"floor_reached":33,"language":"ENG","playtime":1358,"items_purged":["Strike_G"],"score":301,"play_id":"059d60a6-f660-467c-99b9-729baca38a67","local_time":"20210220004119","is_ascension_mode":true,"campfire_choices":[{"floor":6,"key":"REST"},{"floor":10,"key":"REST"},{"floor":15,"key":"REST"},{"floor":23,"key":"REST"},{"floor":27,"key":"REST"},{"floor":32,"key":"REST"}],"circlet_count":0,"master_deck":["Strike_G+1","Strike_G+1","Strike_G","Strike_G","Defend_G","Defend_G","Defend_G","Defend_G","Defend_G","Survivor","Neutralize","Contraction","Blade Dance","Footwork","Terror+1","Terror","Quick Slash","Backstab","Caltrops+1","Dagger Spray","Footwork","Backstab","Backstab","conspire:DoublingDagger","Adrenaline","Backflip","Dagger Throw","Glass Knife","Flying Knee","Quick Slash","Blade Dance","ReplayTheSpireMod:Scrap Shanks+1","Calculated Gamble+1","Prepared+1","Quick Slash"],"relics":["Ring of the Snake","REME_ComplimentaryCards","hubris:GlazedTorus","Bottled Lightning","Letter Opener","Golden Idol","REME_IWantAll","Red Mask","Tingsha","energizedSpire:PogoStick","Replay:M_SmolderingBlood","Simple Rune"],"acts_visited":["Exordium","TheCity"],"potions_floor_usage":[20,20,33,33],"damage_taken":[{"damage":0,"enemies":"Cultist","floor":1,"turns":3},{"damage":0,"enemies":"2 Louse","floor":3,"turns":3},{"damage":0,"enemies":"Jaw Worm","floor":4,"turns":1},{"damage":10,"enemies":"3 Sentries","floor":7,"turns":8},{"damage":1,"enemies":"3 Louse","floor":8,"turns":2},{"damage":0,"enemies":"2 Fungi Beasts","floor":13,"turns":2},{"damage":6,"enemies":"Gremlin Gang","floor":14,"turns":5},{"damage":6,"enemies":"The Guardian","floor":16,"turns":10},{"damage":5,"enemies":"Chosen","floor":18,"turns":4},{"damage":26,"enemies":"Masked Bandits","floor":19,"turns":5},{"damage":1,"enemies":"Spheric Guardian","floor":20,"turns":3},{"damage":22,"enemies":"Shelled Parasite and Fungi","floor":22,"turns":4},{"damage":8,"enemies":"Snecko","floor":24,"turns":4},{"damage":8,"enemies":"Cultist and Chosen","floor":29,"turns":4},{"damage":8,"enemies":"Chosen and Byrds","floor":30,"turns":3},{"damage":5,"enemies":"3 Cultists","floor":31,"turns":5},{"damage":64,"enemies":"Collector","floor":33,"turns":6}],"seed_played":"-8306507558087783063","potions_obtained":[{"floor":1,"key":"SkillPotion"},{"floor":3,"key":"Swift Potion"},{"floor":7,"key":"Adrenaline Potion"},{"floor":14,"key":"LifebloodPotion"},{"floor":20,"key":"DuplicationPotion"},{"floor":24,"key":"Poison Potion"}],"is_trial":false,"path_per_floor":["M","$","M","M","?","R","E","M","T","R","?","$","M","M","R","B",null,"M","?","M","AVR","M","R","M","?","T","R","?","M","M","M","R","B"],"character_chosen":"THE_SILENT","items_purchased":["hubris:GlazedTorus","Blade Dance","Footwork","Bottled Lightning","Terror","Quick Slash","Caltrops+1","conspire:DoublingDagger","Adrenaline"],"campfire_rested":6,"item_purchase_floors":[0,0,0,0,0,0,2,12,12],"current_hp_per_floor":[38,38,38,38,38,59,49,48,48,69,52,52,52,46,67,61,70,68,42,41,41,19,40,32,32,32,53,53,45,37,32,53,0,0],"gold":399,"neow_bonus":"","is_daily":false,"chose_seed":false,"campfire_upgraded":0,"win_rate":0.0,"timestamp":1613803279,"path_taken":["M","$","?","M","?","R","E","M","T","R","?","$","M","M","R","BOSS","M","?","M","AVR","M","R","M","?","T","R","?","M","M","M","R","BOSS"],"items_purchased_type":["Relic","Card","Card","Relic","Card","Card","Card","Card","Card"],"build_version":"2020-12-22","purchased_purges":1,"victory":false,"max_hp_per_floor":[70,70,70,70,70,70,70,70,70,70,70,70,70,70,70,70,70,73,73,73,73,73,73,73,73,73,73,73,73,73,73,73,73,73],"card_choices":[{"not_picked":["Quick Slash","Predator"],"picked":"Backstab","floor":1},{"not_picked":["hubris:SlightOfHand","Bane"],"picked":"Dagger Spray","floor":3},{"not_picked":["Bane","Quick Slash"],"picked":"Footwork","floor":4},{"not_picked":["Atom Bomb","Slice"],"picked":"Backstab","floor":7},{"not_picked":["Bane","Sucker Punch"],"picked":"Backstab","floor":8},{"not_picked":["Riddle With Holes","Bouncing Flask"],"picked":"Backflip","floor":13},{"not_picked":["Caltrops","hubris:TrickCloak"],"picked":"Dagger Throw","floor":14},{"not_picked":["Atom Bomb","REME_GrazeFinale"],"picked":"Glass Knife","floor":16},{"not_picked":["Flying Knee","Quick Slash","Blade Dance"],"picked":"Singing Bowl","floor":18},{"not_picked":["PiercingWail+1","Dodge and Roll+1"],"picked":"ReplayTheSpireMod:Scrap Shanks+1","floor":19},{"not_picked":["Tactician","REME_GrazeFinale"],"picked":"Calculated Gamble+1","floor":20},{"not_picked":["ReplayTheSpireMod:Exploit Weakness+1","conspire:DoublingDagger"],"picked":"Prepared+1","floor":22},{"not_picked":["Flying Knee","Slice","Poisoned Stab+1"],"picked":"SKIP","floor":24},{"not_picked":["Cloak And Dagger","Dodge and Roll","Distraction"],"picked":"SKIP","floor":29},{"not_picked":["CrushJoints","Swivel"],"picked":"Quick Slash","floor":30},{"not_picked":["CrushJoints","ReachHeaven","Slice+1"],"picked":"SKIP","floor":31}],"player_experience":91379,"relics_obtained":[{"floor":7,"key":"reliquary:FerryPass"},{"floor":9,"key":"Letter Opener"},{"floor":16,"key":"REME_IWantAll"},{"floor":19,"key":"Red Mask"},{"floor":26,"key":"Simple Rune"}],"event_choices":[{"damage_healed":0,"gold_gain":0,"player_choice":"Take Damage","damage_taken":17,"relics_obtained":["Golden Idol"],"max_hp_gain":0,"max_hp_loss":0,"event_name":"Golden Idol","floor":11,"gold_loss":0},{"damage_healed":0,"gold_gain":0,"player_choice":"Fought Bandits","damage_taken":0,"max_hp_gain":0,"max_hp_loss":0,"event_name":"Masked Bandits","floor":19,"gold_loss":0},{"damage_healed":0,"gold_gain":0,"player_choice":"Ignored","damage_taken":0,"max_hp_gain":0,"max_hp_loss":0,"event_name":"Ghosts","floor":28,"gold_loss":0}],"is_beta":false,"boss_relics":[{"not_picked":["hubris:CrackedHourglass","energizedSpire:EnergizedDie","hubris:GrandSneckoEye"]}],"items_purged_floors":[0],"is_endless":false,"potions_floor_spawned":[1,3,7,14,19,20,24,29,30],"killed_by":"Collector","ascension_level":2}}