{"host":"s509oin3ptw7n5v1","time":1613859722,"event":{"mods":["2.2 Compatiblity","AchievementEnabler","BaseMod","Colored Map","Colored Powertips","Highlight Path","Minty Spire (QoL Compilation)","Rare Cards Sparkle","Relic Stats","Spicy Shops","StSLib"],"gold_per_floor":[111,286,2,77,77,77,111,111,135,40,40,53,53,7,7,78,78,60,60,60],"floor_reached":19,"language":"ENG","playtime":1458,"items_purged":[],"score":274,"play_id":"9de8aee3-1a1d-4797-b33a-472bf210e4f2","local_time":"20210220172202","is_ascension_mode":true,"campfire_choices":[{"floor":6.0,"key":"REST"},{"floor":8.0,"key":"REST"},{"data":"Echo Form","floor":11.0,"key":"SMITH"},{"floor":13.0,"key":"REST"},{"floor":15.0,"key":"REST"}],"circlet_count":0,"master_deck":["AscendersBane","Strike_B","Strike_B","Strike_B","Strike_B","Defend_B","Defend_B","Defend_B","Defend_B","Zap","Dualcast","Rebound","Doubt","Storm","Echo Form+1","White Noise","Gash","Gash","Coolheaded","Creative AI","Chill"],"relics":["Cracked Core","Juzu Bracelet","Toy Ornithopter","White Beast Statue","Inserter"],"acts_visited":["Exordium","TheCity"],"potions_floor_usage":[19],"damage_taken":[{"damage":4.0,"enemies":"2 Louse","floor":1.0,"turns":3.0},{"damage":49.0,"enemies":"Lagavulin","floor":7.0,"turns":9.0},{"damage":7.0,"enemies":"Jaw Worm","floor":12.0,"turns":3.0},{"damage":26.0,"enemies":"Slime Boss","floor":16.0,"turns":9.0},{"damage":38.0,"enemies":"2 Thieves","floor":18.0,"turns":4.0},{"damage":39,"enemies":"Shell Parasite","floor":19,"turns":6}],"seed_played":"108812046479679881","potions_obtained":[{"floor":7.0,"key":"Dexterity Potion"},{"floor":12.0,"key":"Strength Potion"},{"floor":16.0,"key":"Swift Potion"},{"floor":18.0,"key":"LiquidMemories"}],"is_trial":false,"path_per_floor":["M","?","$","?","?","R","E","R","T","$","R","M","R","$","R","B",null,"M","M"],"character_chosen":"DEFECT","items_purchased":["Toy Ornithopter","Storm","White Noise","Gash","Coolheaded"],"campfire_rested":4,"item_purchase_floors":[3,3,10,10,14],"current_hp_per_floor":[60,60,60,49,49,70,21,42,42,42,42,35,56,56,71,45,65,32,0,0],"gold":60,"neow_bonus":"RANDOM_COMMON_RELIC","is_daily":false,"chose_seed":false,"campfire_upgraded":1,"win_rate":0.0,"timestamp":1613859722,"path_taken":["M","?","$","?","?","R","E","R","T","$","R","M","R","?","R","BOSS","M","M"],"items_purchased_type":["Relic","Card","Card","Card","Card"],"build_version":"2020-12-22","purchased_purges":0,"victory":false,"max_hp_per_floor":[71,71,71,71,71,71,71,71,71,71,71,71,71,71,71,71,71,71,71,71],"relic_stats":{"Inserter":[5],"counters":[6,34],"Juzu Bracelet":0,"obtain_stats":[{"Inserter":17,"Juzu Bracelet":0,"Cracked Core":0,"Toy Ornithopter":3,"White Beast Statue":7},{"Inserter":4,"Juzu Bracelet":0,"Cracked Core":0,"Toy Ornithopter":1,"White Beast Statue":2},{"Inserter":24,"Juzu Bracelet":0,"Cracked Core":0,"Toy Ornithopter":3,"White Beast Statue":12}],"Toy Ornithopter":10},"card_choices":[{"not_picked":["Stack","Compile Driver"],"picked":"Rebound","floor":1.0},{"not_picked":["Cold Snap","Ball Lightning"],"picked":"Echo Form","floor":7.0},{"not_picked":["Conserve Battery","Scrape"],"picked":"Gash","floor":12.0},{"not_picked":["Meteor Strike","Rainbow"],"picked":"Creative AI","floor":16.0},{"not_picked":["Sweeping Beam","Compile Driver+1"],"picked":"Chill","floor":18.0}],"player_experience":1220016,"relics_obtained":[{"floor":7.0,"key":"White Beast Statue"}],"event_choices":[{"damage_healed":0.0,"max_hp_gain":0.0,"max_hp_loss":0.0,"gold_gain":175.0,"event_name":"Liars Game","player_choice":"AGREE","floor":2.0,"gold_loss":0.0,"damage_taken":0.0,"cards_obtained":["Doubt"]},{"damage_healed":0.0,"max_hp_gain":0.0,"max_hp_loss":0.0,"gold_gain":75.0,"event_name":"World of Goop","player_choice":"Gather Gold","floor":4.0,"gold_loss":0.0,"damage_taken":11.0},{"damage_healed":0.0,"max_hp_gain":0.0,"max_hp_loss":0.0,"gold_gain":0.0,"event_name":"Golden Wing","player_choice":"Ignored","floor":5.0,"gold_loss":0.0,"damage_taken":0.0}],"is_beta":false,"boss_relics":[{"not_picked":["Busted Crown","Coffee Dripper"],"picked":"Inserter"}],"items_purged_floors":[],"is_endless":false,"potions_floor_spawned":[7,12,16,18],"killed_by":"Shell Parasite","ascension_level":14}}