{"host":"du3j2mdkciet31iv","time":1613811397,"event":{"mods":["BaseMod","Minty Spire (QoL Compilation)","Relic Stats","StSLib"],"gold_per_floor":[109,109,119,130,55,55,67,101,101,101,118,128,141,160,160,256,256,269,287,300,312,323,323,323],"floor_reached":23,"language":"ENG","playtime":2180,"items_purged":["Defend_R"],"score":251,"play_id":"2db9ece1-5731-47ed-a428-f022ae1f19d2","local_time":"20210220105637","is_ascension_mode":false,"campfire_choices":[{"data":"Infernal Blade","floor":6,"key":"SMITH"},{"data":"Feed","floor":10,"key":"SMITH"},{"data":"Ghostly Armor","floor":15,"key":"SMITH"}],"circlet_count":0,"master_deck":["Strike_R","Strike_R","Strike_R","Strike_R","Strike_R","Defend_R","Defend_R","Defend_R","Bash","Feed+1","Ghostly Armor+1","Infernal Blade+1","Thunderclap","Impervious","Seeing Red","Cleave","Shockwave","Armaments","Barricade","Dropkick","Twin Strike+1","Metallicize"],"relics":["Burning Blood","Regal Pillow","Vajra","Sozu"],"acts_visited":["Exordium","TheCity"],"potions_floor_usage":[8,16,16,18],"damage_taken":[{"damage":3,"enemies":"Jaw Worm","floor":1,"turns":3},{"damage":5,"enemies":"Small Slimes","floor":3,"turns":4},{"damage":10,"enemies":"2 Louse","floor":4,"turns":3},{"damage":0,"enemies":"Exordium Wildlife","floor":7,"turns":4},{"damage":16,"enemies":"Lagavulin","floor":8,"turns":5},{"damage":3,"enemies":"Lots of Slimes","floor":11,"turns":5},{"damage":10,"enemies":"Looter","floor":12,"turns":3},{"damage":8,"enemies":"3 Louse","floor":13,"turns":3},{"damage":0,"enemies":"Blue Slaver","floor":14,"turns":3},{"damage":51,"enemies":"Hexaghost","floor":16,"turns":13},{"damage":0,"enemies":"3 Byrds","floor":18,"turns":3},{"damage":14,"enemies":"2 Thieves","floor":19,"turns":4},{"damage":46,"enemies":"Snake Plant","floor":20,"turns":5},{"damage":41,"enemies":"Sentry and Sphere","floor":21,"turns":8},{"damage":18,"enemies":"Centurion and Healer","floor":22,"turns":6},{"damage":25,"enemies":"Gremlin Leader","floor":23,"turns":3}],"seed_played":"-3463516023032196836","potions_obtained":[{"floor":3,"key":"Fire Potion"},{"floor":8,"key":"EssenceOfSteel"},{"floor":11,"key":"Explosive Potion"},{"floor":13,"key":"LiquidMemories"}],"is_trial":false,"path_per_floor":["M","?","M","M","$","R","M","E","T","R","M","M","M","M","R","B",null,"M","M","M","M","M","E"],"character_chosen":"IRONCLAD","items_purchased":[],"campfire_rested":0,"item_purchase_floors":[],"current_hp_per_floor":[83,76,80,76,76,76,82,75,75,75,82,82,84,94,94,49,105,105,101,61,30,22,0,0],"gold":323,"neow_bonus":"THREE_RARE_CARDS","is_daily":false,"chose_seed":false,"campfire_upgraded":3,"win_rate":0.0,"timestamp":1613811397,"path_taken":["M","?","M","M","$","R","M","E","T","R","M","M","M","M","R","BOSS","M","M","M","M","M","E"],"items_purchased_type":[],"build_version":"2020-12-22","purchased_purges":1,"victory":false,"max_hp_per_floor":[83,83,86,86,86,86,86,89,89,89,93,97,101,105,105,105,105,105,109,109,113,117,117,117],"relic_stats":{"Sozu":2,"Regal Pillow":0,"counters":[16,75],"obtain_stats":[{"Sozu":17,"Regal Pillow":8,"Vajra":9,"Burning Blood":0},{"Sozu":10,"Regal Pillow":5,"Vajra":5,"Burning Blood":0},{"Sozu":46,"Regal Pillow":19,"Vajra":19,"Burning Blood":0}],"Burning Blood":81},"card_choices":[{"not_picked":["Juggernaut","Fiend Fire"],"picked":"Feed","floor":0},{"not_picked":["Sword Boomerang","Body Slam"],"picked":"Ghostly Armor","floor":1},{"not_picked":["Iron Wave","Carnage"],"picked":"Infernal Blade","floor":3},{"not_picked":["Clash","Inflame"],"picked":"Thunderclap","floor":4},{"not_picked":["Intimidate","Iron Wave","Headbutt"],"picked":"SKIP","floor":7},{"not_picked":["Inflame","Warcry"],"picked":"Impervious","floor":8},{"not_picked":["Pummel","Flame Barrier"],"picked":"Seeing Red","floor":11},{"not_picked":["True Grit","Perfected Strike"],"picked":"Cleave","floor":12},{"not_picked":["Infernal Blade","Rage"],"picked":"Shockwave","floor":13},{"not_picked":["Sword Boomerang","Cleave"],"picked":"Armaments","floor":14},{"not_picked":["Impervious","Fiend Fire"],"picked":"Barricade","floor":16},{"not_picked":["Hemokinesis","Ghostly Armor"],"picked":"Dropkick","floor":18},{"not_picked":["True Grit","Clothesline"],"picked":"Twin Strike+1","floor":19},{"not_picked":["Warcry","Pummel+1"],"picked":"Metallicize","floor":20},{"not_picked":["Heavy Blade","Clothesline","Twin Strike"],"picked":"SKIP","floor":21},{"not_picked":["Burning Pact","Armaments+1","Rupture"],"picked":"SKIP","floor":22}],"player_experience":14108,"relics_obtained":[{"floor":8,"key":"Regal Pillow"},{"floor":9,"key":"Vajra"}],"event_choices":[{"cards_removed":["Pain"],"damage_healed":0,"gold_gain":0,"player_choice":"Card Removal","damage_taken":7,"max_hp_gain":0,"max_hp_loss":0,"event_name":"Golden Wing","floor":2,"gold_loss":0}],"is_beta":false,"boss_relics":[{"not_picked":["Black Star","Velvet Choker"],"picked":"Sozu"}],"items_purged_floors":[5],"is_endless":false,"potions_floor_spawned":[3,8,11,13,18,21],"killed_by":"Gremlin Leader","ascension_level":0}}