{"host":"51qmnr9isyv85d0p","time":1613809389,"event":{"mods":["AchievementEnabler","BaseMod","Colored Map","Colored Powertips","Curses Come First","Downfall","Minty Spire (QoL Compilation)","Red Circlet Mod","Relic Stats","Replay The Spire","StSLib","TestMod"],"gold_per_floor":[109,109,109,12800,12750,12762,12762,11701,11701,11701,11701,11714,11714,11726,11726,11824,11824,11839,11749,11761,10906,10923,10923,10955,10955,10955,10968,10981,10991,11017,11033,11033,11130,11130,11146,11155,10098,10116,10127,10157,10175,10194,10194,9501,9513,9587,9587,9587,9587,9587,9587,9587,8767,8801,8801],"floor_reached":56,"language":"ZHS","playtime":1179,"items_purged":["Defend_P","Defend_P","Strike_P","Defend_P","Defend_P"],"score":1613,"play_id":"5034ef5c-14d2-4ddf-aa7e-e557e53c99c8","local_time":"20210220162309","is_ascension_mode":false,"campfire_choices":[{"data":"Eruption","floor":7,"key":"SMITH"},{"data":"Study","floor":10,"key":"SMITH"},{"data":"DeceiveReality","floor":13,"key":"SMITH"},{"floor":15,"key":"RECALL"},{"data":"DevaForm","floor":23,"key":"SMITH"},{"floor":25,"key":"DIG"},{"floor":32,"key":"DIG"},{"floor":47,"key":"DIG"},{"floor":49,"key":"DIG"},{"floor":52,"key":"DIG"}],"circlet_count":0,"master_deck":["Strike_P+1","Strike_P+1","Eruption+1","Vigilance+1","CutThroughFate+1","Replay:Battleflow+1","Study+1","DeceiveReality+1","Sanctity","Sanctity","Consecrate","Replay:ManipulateFuture+1","DevaForm+1","Weave","Worship+1","Perseverance+1","Tantrum+1","TalkToTheHand+1","EmptyMind+1","Judgement+1","Apotheosis+1","Trip","Pray","Worship+1","Madness","Madness","Swift Strike","WindmillStrike+1","EmptyFist+1"],"relics":["PureWater","testmod-TestBox","testmod-Brilliant","WarpedTongs","Matryoshka","testmod-Charity","Bottled Flame","Bronze Scales","testmod-NegativeEmotionEnhancer","Shovel","ReplayTheSpireMod:Ninjato","champ:Barbells","testmod-FatalChain","Ornamental Fan","Tiny Chest","testmod-BouquetWithThorns","testmod-Hope","Replay:Rubber Ducky","Philosopher\u0027s Stone","Eternal Feather","TheAbacus","Bottled Tornado","Quantum Egg","Replay:Towering Pillar of Hats","Snack Pack","Replay:Baseball","Guide Book","testmod-AssaultLearning","testmod-Nyarlathotep","Replay:Bandana","Onion Ring","InkBottle","hexamod:BolsterEngine","Orrery","Happy Flower"],"acts_visited":["Exordium","TheCity","TheBeyond","TheEnding"],"potions_floor_usage":[8,33,55,55],"damage_taken":[{"damage":0,"enemies":"Cultist","floor":1,"turns":2},{"damage":0,"enemies":"Small Slimes","floor":4,"turns":1},{"damage":0,"enemies":"2 Louse","floor":6,"turns":1},{"damage":0,"enemies":"Looter","floor":12,"turns":1},{"damage":0,"enemies":"Gremlin Gang","floor":14,"turns":1},{"damage":0,"enemies":"The Guardian","floor":16,"turns":1},{"damage":0,"enemies":"2 Thieves","floor":18,"turns":1},{"damage":0,"enemies":"Spheric Guardian","floor":20,"turns":1},{"damage":0,"enemies":"Snake Plant","floor":22,"turns":1},{"damage":0,"enemies":"Book of Stabbing","floor":24,"turns":1},{"damage":0,"enemies":"Snecko","floor":27,"turns":1},{"damage":0,"enemies":"Centurion and Healer","floor":28,"turns":1},{"damage":0,"enemies":"Snake Plant","floor":29,"turns":1},{"damage":0,"enemies":"Gremlin Leader","floor":30,"turns":1},{"damage":0,"enemies":"Snecko","floor":31,"turns":1},{"damage":0,"enemies":"Automaton","floor":33,"turns":1},{"damage":0,"enemies":"3 Darklings","floor":35,"turns":1},{"damage":0,"enemies":"Orb Walker","floor":36,"turns":1},{"damage":27,"enemies":"Maw","floor":38,"turns":3},{"damage":0,"enemies":"Jaw Worm Horde","floor":39,"turns":1},{"damage":0,"enemies":"Nemesis","floor":40,"turns":1},{"damage":0,"enemies":"3 Darklings","floor":41,"turns":1},{"damage":0,"enemies":"Sphere and 2 Shapes","floor":42,"turns":1},{"damage":0,"enemies":"Spire Growth","floor":45,"turns":1},{"damage":0,"enemies":"Donu and Deca","floor":50,"turns":1},{"damage":0,"enemies":"Shield and Spear","floor":54,"turns":1},{"damage":30,"enemies":"The Heart","floor":55,"turns":5}],"seed_played":"-5419924214147929987","potions_obtained":[{"floor":14,"key":"Milkshake"},{"floor":33,"key":"testmod-SpacePotion"},{"floor":38,"key":"champ:CounterPotion"},{"floor":42,"key":"Ancient Potion"}],"is_trial":false,"path_per_floor":["M","?","?","M","?","M","R","$","T","R","?","M","R","M","R","B",null,"M","?","M","$","M","R","E","R","T","M","M","M","E","M","R","B",null,"M","M","$","M","M","E","M","M","T","$","M","?","R","?","R","B",null,"R","$","E","B",null],"character_chosen":"WATCHER","items_purchased":["Matryoshka","testmod-Charity","Fruit Juice","Strength Potion","champ:CounterPotion","DeceiveReality","Sanctity","Bottled Flame","Shovel","ReplayTheSpireMod:Ninjato","champ:Barbells","Block Potion","Eternal Feather","TheAbacus","Apotheosis","Trip","Bottled Tornado","Snack Pack","Replay:Baseball","Guide Book","InkBottle","hexamod:BolsterEngine","Swift Strike","Orrery"],"campfire_rested":0,"item_purchase_floors":[8,8,8,8,8,8,8,8,21,21,21,21,37,37,37,37,37,44,44,44,53,53,53,53],"current_hp_per_floor":[79,63,63,63,63,63,63,68,68,68,68,69,69,70,70,71,87,89,89,91,91,93,93,95,95,95,97,99,101,103,105,105,107,107,109,111,111,87,92,95,103,108,108,108,111,63,78,62,77,82,127,127,127,129,123],"gold":8801,"neow_bonus":"TEN_PERCENT_HP_BONUS","is_daily":false,"chose_seed":false,"campfire_upgraded":4,"win_rate":0.0,"timestamp":1613809389,"path_taken":["M","?","?","?","?","M","R","$","T","R","?","?","R","M","R","BOSS","M","?","M","$","M","R","E","R","T","?","M","M","E","M","R","BOSS","M","M","$","M","M","E","M","M","T","$","M","?","R","?","R","BOSS","R","$","E","BOSS"],"items_purchased_type":["Relic","Relic","Potion","Potion","Potion","Card","Card","Relic","Relic","Relic","Relic","Potion","Relic","Relic","Card","Card","Relic","Relic","Relic","Relic","Relic","Relic","Card","Relic"],"build_version":"2020-12-22","purchased_purges":5,"victory":true,"max_hp_per_floor":[79,79,79,79,79,79,79,84,84,84,84,85,85,86,86,87,87,89,89,91,91,93,93,95,95,95,97,99,101,103,105,105,107,107,109,111,111,113,115,117,119,121,121,121,123,124,124,124,124,127,127,127,127,129,144],"relic_stats":{"Shovel":5,"TheAbacus":[12],"Happy Flower":[1],"counters":[27,34],"Ornamental Fan":[20],"Bronze Scales":[42],"Tiny Chest":0,"Eternal Feather":30,"obtain_stats":[{"testmod-NegativeEmotionEnhancer":17,"testmod-Nyarlathotep":47,"Bottled Tornado":37,"testmod-BouquetWithThorns":26,"testmod-Charity":8,"Replay:Rubber Ducky":32,"testmod-Brilliant":0,"Replay:Bandana":49,"Matryoshka":8,"Shovel":21,"TheAbacus":37,"Tiny Chest":26,"Philosopher\u0027s Stone":34,"InkBottle":53,"champ:Barbells":21,"testmod-TestBox":0,"ReplayTheSpireMod:Ninjato":21,"Replay:Towering Pillar of Hats":43,"Happy Flower":54,"testmod-FatalChain":24,"Quantum Egg":40,"Guide Book":44,"Eternal Feather":37,"WarpedTongs":3,"Bottled Flame":8,"Replay:Baseball":44,"Ornamental Fan":25,"Bronze Scales":9,"testmod-AssaultLearning":46,"testmod-Hope":30,"Orrery":53,"Onion Ring":52,"Snack Pack":44,"PureWater":0,"hexamod:BolsterEngine":53},{"testmod-NegativeEmotionEnhancer":6,"testmod-Nyarlathotep":24,"Bottled Tornado":18,"testmod-BouquetWithThorns":10,"testmod-Charity":3,"Replay:Rubber Ducky":15,"testmod-Brilliant":0,"Replay:Bandana":24,"Matryoshka":3,"Shovel":8,"TheAbacus":18,"Tiny Chest":10,"Philosopher\u0027s Stone":16,"InkBottle":25,"champ:Barbells":8,"testmod-TestBox":0,"ReplayTheSpireMod:Ninjato":8,"Replay:Towering Pillar of Hats":23,"Happy Flower":26,"testmod-FatalChain":10,"Quantum Egg":21,"Guide Book":23,"Eternal Feather":18,"WarpedTongs":1,"Bottled Flame":3,"Replay:Baseball":23,"Ornamental Fan":10,"Bronze Scales":3,"testmod-AssaultLearning":24,"testmod-Hope":14,"Orrery":25,"Onion Ring":25,"Snack Pack":23,"PureWater":0,"hexamod:BolsterEngine":25},{"testmod-NegativeEmotionEnhancer":7,"testmod-Nyarlathotep":27,"Bottled Tornado":19,"testmod-BouquetWithThorns":11,"testmod-Charity":4,"Replay:Rubber Ducky":16,"testmod-Brilliant":0,"Replay:Bandana":27,"Matryoshka":4,"Shovel":9,"TheAbacus":19,"Tiny Chest":11,"Philosopher\u0027s Stone":17,"InkBottle":28,"champ:Barbells":9,"testmod-TestBox":0,"ReplayTheSpireMod:Ninjato":9,"Replay:Towering Pillar of Hats":26,"Happy Flower":29,"testmod-FatalChain":11,"Quantum Egg":24,"Guide Book":26,"Eternal Feather":19,"WarpedTongs":2,"Bottled Flame":4,"Replay:Baseball":26,"Ornamental Fan":11,"Bronze Scales":4,"testmod-AssaultLearning":27,"testmod-Hope":15,"Orrery":28,"Onion Ring":28,"Snack Pack":26,"PureWater":0,"hexamod:BolsterEngine":28}],"InkBottle":[4],"WarpedTongs":[8]},"card_choices":[{"not_picked":["Protect","Replay:ManipulateFuture"],"picked":"CutThroughFate","floor":1},{"not_picked":["Replay:AtTheReady","Protect"],"picked":"Replay:Battleflow","floor":4},{"not_picked":["Replay:Anticipation","Crescendo"],"picked":"Study","floor":6},{"not_picked":["BattleHymn","Halt"],"picked":"Consecrate","floor":12},{"not_picked":["PathToVictory","JustLucky"],"picked":"Replay:ManipulateFuture","floor":14},{"not_picked":["Judgement","Brilliance"],"picked":"DevaForm","floor":16},{"not_picked":["Worship","Halt"],"picked":"Weave","floor":18},{"not_picked":["SashWhip","Protect"],"picked":"Worship+1","floor":20},{"not_picked":["Consecrate","CarveReality"],"picked":"Perseverance+1","floor":22},{"not_picked":["ClearTheMind","Replay:Battleflow+1"],"picked":"Tantrum","floor":24},{"not_picked":["Halt","FollowUp+1","Conclude"],"picked":"SKIP","floor":27},{"not_picked":["Replay:Cycle","CrushJoints"],"picked":"TalkToTheHand","floor":28},{"not_picked":["WheelKick","CrushJoints+1","WaveOfTheHand"],"picked":"SKIP","floor":29},{"not_picked":["EmptyFist+1","ConjureBlade"],"picked":"EmptyMind","floor":30},{"not_picked":["SandsOfTime","Replay:AtTheReady","BowlingBash"],"picked":"SKIP","floor":31},{"not_picked":["DevaForm","Omniscience"],"picked":"Judgement","floor":33},{"not_picked":["FollowUp+1","Perseverance+1","BowlingBash"],"picked":"SKIP","floor":35},{"not_picked":["Protect","Replay:Battleflow+1","EmptyBody"],"picked":"SKIP","floor":36},{"not_picked":["FlurryOfBlows","CarveReality+1","Protect"],"picked":"SKIP","floor":38},{"not_picked":["SashWhip","ConjureBlade","Protect"],"picked":"SKIP","floor":39},{"not_picked":["PathToVictory+1","BattleHymn","Evaluate+1"],"picked":"SKIP","floor":40},{"not_picked":["FlyingSleeves","CutThroughFate+1","Protect+1"],"picked":"SKIP","floor":41},{"not_picked":["FlyingSleeves","CutThroughFate+1","Protect+1"],"picked":"SKIP","floor":41},{"not_picked":["Replay:BluntJabs+1","Replay:Hum","Evaluate"],"picked":"SKIP","floor":42},{"not_picked":["PathToVictory+1","FlurryOfBlows"],"picked":"Pray","floor":45},{"not_picked":["Consecrate+1","ThirdEye"],"picked":"Worship+1","floor":46},{"not_picked":["ThirdEye+1","Judgement"],"picked":"WindmillStrike+1","floor":53},{"not_picked":["FlyingSleeves","Vengeance"],"picked":"EmptyFist+1","floor":53},{"not_picked":["Replay:BluntJabs","Protect+1","Meditate+1"],"picked":"SKIP","floor":54}],"player_experience":145519,"relics_obtained":[{"floor":9,"key":"Bronze Scales"},{"floor":24,"key":"testmod-FatalChain"},{"floor":25,"key":"Ornamental Fan"},{"floor":26,"key":"Tiny Chest"},{"floor":26,"key":"testmod-BouquetWithThorns"},{"floor":30,"key":"testmod-Hope"},{"floor":32,"key":"Replay:Rubber Ducky"},{"floor":40,"key":"Quantum Egg"},{"floor":43,"key":"Replay:Towering Pillar of Hats"},{"floor":46,"key":"testmod-AssaultLearning"},{"floor":47,"key":"testmod-Nyarlathotep"},{"floor":49,"key":"Replay:Bandana"},{"floor":52,"key":"Onion Ring"},{"floor":54,"key":"Happy Flower"}],"event_choices":[{"damage_healed":0,"gold_gain":0,"player_choice":"Entered Light","damage_taken":16,"max_hp_gain":0,"max_hp_loss":0,"event_name":"Shining Light","floor":2,"gold_loss":0,"cards_upgraded":["CutThroughFate","Strike_P"]},{"damage_healed":0,"gold_gain":0,"player_choice":"Rummage","damage_taken":0,"relics_obtained":["WarpedTongs"],"max_hp_gain":0,"max_hp_loss":0,"event_name":"Accursed Blacksmith","floor":3,"gold_loss":0,"cards_obtained":["Pain"]},{"cards_removed":["Pain"],"damage_healed":0,"gold_gain":0,"player_choice":"Card Removal","damage_taken":0,"max_hp_gain":0,"max_hp_loss":0,"event_name":"The Cleric","floor":5,"gold_loss":50},{"damage_healed":0,"gold_gain":0,"player_choice":"Upgraded","damage_taken":0,"max_hp_gain":0,"max_hp_loss":0,"event_name":"Upgrade Shrine","floor":11,"gold_loss":0,"cards_upgraded":["Replay:Battleflow"]},{"cards_removed":["Strike_P"],"damage_healed":0,"gold_gain":0,"player_choice":"Upgrade and Remove","damage_taken":0,"max_hp_gain":0,"max_hp_loss":0,"event_name":"Designer","floor":19,"gold_loss":90,"cards_upgraded":["Strike_P"]},{"damage_healed":0,"gold_gain":0,"player_choice":"Embrace Madness","damage_taken":16,"max_hp_gain":0,"max_hp_loss":0,"event_name":"Winding Halls","floor":48,"gold_loss":0,"cards_obtained":["Madness","Madness"]}],"is_beta":false,"boss_relics":[{"not_picked":["Replay:Drink Me","Pandora\u0027s Box"],"picked":"testmod-NegativeEmotionEnhancer"},{"not_picked":["testmod-KeyOfTheVoid","sneckomod:SneckoTalon"],"picked":"Philosopher\u0027s Stone"}],"items_purged_floors":[8,21,37,44,53],"is_endless":false,"potions_floor_spawned":[14,16,22,24,29,31,33,38,42],"ascension_level":0}}