{"host":"3uh6d38h6u62bhfi","time":1613806359,"event":{"mods":["AchievementEnabler","BaseMod","DeckTracker","Minty Spire (QoL Compilation)","Permanent Neow","SuperFastMode","everything is the same but u backflip on backflip"],"gold_per_floor":[119,135,148,166,155,155,189,199,224,224,234,234,301,351,351,351,351],"floor_reached":16,"language":"KOR","playtime":635,"items_purged":[],"score":154,"play_id":"8da84d80-5f6c-4954-8aa6-5f047a7544f3","local_time":"20210220163239","is_ascension_mode":true,"campfire_choices":[{"floor":6,"key":"REST"},{"floor":10,"key":"REST"},{"data":"Dash","floor":15,"key":"SMITH"}],"circlet_count":0,"master_deck":["Strike_G","Strike_G","Strike_G","Strike_G","Strike_G","Defend_G","Defend_G","Defend_G","Defend_G","Defend_G","Survivor","Neutralize","All Out Attack","PiercingWail","Acrobatics","Dodge and Roll","Dagger Throw","Dash+1","Prepared","Footwork"],"relics":["Ring of the Snake","Unceasing Top","Regal Pillow","Lantern","SsserpentHead","Matryoshka"],"acts_visited":["Exordium"],"potions_floor_usage":[7,7,16,16],"damage_taken":[{"damage":7,"enemies":"Cultist","floor":1,"turns":5},{"damage":9,"enemies":"2 Louse","floor":2,"turns":2},{"damage":7,"enemies":"Jaw Worm","floor":3,"turns":4},{"damage":11,"enemies":"Blue Slaver","floor":4,"turns":5},{"damage":6,"enemies":"Exordium Thugs","floor":5,"turns":4},{"damage":9,"enemies":"3 Sentries","floor":7,"turns":10},{"damage":0,"enemies":"Large Slime","floor":8,"turns":6},{"damage":4,"enemies":"Blue Slaver","floor":11,"turns":3},{"damage":0,"enemies":"Lots of Slimes","floor":13,"turns":2},{"damage":47,"enemies":"Hexaghost","floor":16,"turns":16}],"seed_played":"4100076195096247517","potions_obtained":[{"floor":2,"key":"Strength Potion"},{"floor":3,"key":"Poison Potion"},{"floor":5,"key":"GamblersBrew"},{"floor":11,"key":"PowerPotion"},{"floor":13,"key":"EssenceOfSteel"}],"is_trial":false,"path_per_floor":["M","M","M","M","M","R","E","M","T","R","M","?","M","?","R","B"],"character_chosen":"THE_SILENT","items_purchased":[],"campfire_rested":2,"item_purchase_floors":[],"current_hp_per_floor":[38,29,22,11,5,26,17,17,17,53,49,49,49,46,46,0,0],"gold":351,"neow_bonus":"ONE_RARE_RELIC","is_daily":false,"chose_seed":false,"campfire_upgraded":1,"win_rate":0.0,"timestamp":1613806359,"path_taken":["M","M","?","M","M","R","E","M","T","R","M","?","?","?","R","BOSS"],"items_purchased_type":[],"build_version":"2020-12-22","purchased_purges":0,"victory":false,"max_hp_per_floor":[70,70,70,70,70,70,70,70,70,70,70,70,70,70,70,70,70],"card_choices":[{"not_picked":["Outmaneuver","Setup"],"picked":"All Out Attack","floor":1},{"not_picked":["Flying Knee","All Out Attack"],"picked":"PiercingWail","floor":2},{"not_picked":["Flying Knee","Bane"],"picked":"Acrobatics","floor":3},{"not_picked":["Caltrops","Bane"],"picked":"Dodge and Roll","floor":4},{"not_picked":["Underhanded Strike","Storm of Steel"],"picked":"Dagger Throw","floor":5},{"not_picked":["Caltrops","All Out Attack"],"picked":"Dash","floor":7},{"not_picked":["Slice","Deadly Poison","Underhanded Strike"],"picked":"SKIP","floor":8},{"not_picked":["Deadly Poison","Riddle With Holes"],"picked":"Prepared","floor":11},{"not_picked":["Well Laid Plans","Bane"],"picked":"Footwork","floor":13}],"player_experience":166286,"relics_obtained":[{"floor":7,"key":"Regal Pillow"},{"floor":9,"key":"Lantern"}],"event_choices":[{"damage_healed":0,"gold_gain":0,"player_choice":"Trade","damage_taken":0,"relics_obtained":["SsserpentHead"],"max_hp_gain":0,"max_hp_loss":0,"event_name":"FaceTrader","floor":12,"gold_loss":0},{"damage_healed":0,"gold_gain":0,"player_choice":"Success","damage_taken":3,"relics_obtained":["Matryoshka"],"max_hp_gain":0,"max_hp_loss":0,"event_name":"Scrap Ooze","floor":14,"gold_loss":0}],"is_beta":false,"boss_relics":[],"items_purged_floors":[],"is_endless":false,"potions_floor_spawned":[2,3,5,11,13],"killed_by":"Hexaghost","ascension_level":9}}