{"host":"6fhkt7uh7k6h93g3","time":1613864696,"event":{"mods":["AchievementEnabler","Act Like it!","BaseMod","Better Note","BetterRewards","Colored Map","Hermit","Minty Spire (QoL Compilation)","Replay The Spire","StSLib"],"gold_per_floor":[112,112,126,126,137,164,182,199,199,210,238,238,265,278,278,374,374,390,390,390,390,390,390],"floor_reached":22,"language":"ENG","playtime":1640,"items_purged":["Defend_R"],"score":408,"play_id":"c5e1e6ce-a644-48ff-95db-a3147dbe8d5f","local_time":"20210221004456","is_ascension_mode":true,"campfire_choices":[{"data":"Armaments","floor":15,"key":"SMITH"}],"circlet_count":0,"master_deck":["Defend_R","Defend_R","Bash","Shrug It Off","Armaments+1","Iron Wave","Warcry","Uppercut","Battle Trance","Feed","Headbutt","Immolate","Ghostly","Ghostly","Ghostly","Ghostly","Ghostly","Bite","Bite","Bite","Metamorphosis","Mayhem","Flex"],"relics":["Burning Blood","Strange Spoon","Ornamental Fan","ReplayTheSpireMod:Ninjato","Pantograph","ReplayFunnel","White Beast Statue","Velvet Choker"],"acts_visited":["Exordium","TheCity"],"potions_floor_usage":[7,13,16,18],"damage_taken":[{"damage":11,"enemies":"Small Slimes","floor":1,"turns":4},{"damage":4,"enemies":"Jaw Worm","floor":3,"turns":5},{"damage":1,"enemies":"Cultist","floor":5,"turns":3},{"damage":6,"enemies":"Replay:BlueRogue","floor":6,"turns":9},{"damage":5,"enemies":"Exordium Thugs","floor":7,"turns":8},{"damage":10,"enemies":"3 Louse","floor":8,"turns":6},{"damage":2,"enemies":"2 Fungi Beasts","floor":10,"turns":3},{"damage":27,"enemies":"Lagavulin","floor":11,"turns":7},{"damage":19,"enemies":"3 Sentries","floor":13,"turns":10},{"damage":4,"enemies":"Exordium Wildlife","floor":14,"turns":7},{"damage":42,"enemies":"The Guardian","floor":16,"turns":14},{"damage":18,"enemies":"2 Thieves","floor":18,"turns":4}],"seed_played":"1699595305382899068","potions_obtained":[{"floor":5,"key":"Cursed Concoction"},{"floor":6,"key":"Energy Potion"},{"floor":7,"key":"Strength Potion"},{"floor":8,"key":"LiquidMemories"},{"floor":14,"key":"BlessingOfTheForge"},{"floor":16,"key":"BloodPotion"},{"floor":18,"key":"Regen Potion"}],"is_trial":false,"path_per_floor":["M","?","M","?","M","E","M","M","T","M","E","T","E","M","R","B",null,"M","?","?","?","?"],"character_chosen":"IRONCLAD","items_purchased":["Strange Spoon","Shrug It Off"],"campfire_rested":0,"item_purchase_floors":[0,0],"current_hp_per_floor":[75,75,77,77,80,80,80,76,76,80,59,59,49,54,54,46,78,70,46,32,32,32,32],"gold":390,"neow_bonus":"","is_daily":false,"chose_seed":false,"campfire_upgraded":1,"win_rate":0.0,"timestamp":1613864696,"path_taken":["M","?","M","?","?","E","M","M","T","M","E","?","E","?","R","BOSS","M","?","?","?","?"],"items_purchased_type":["Relic","Card"],"build_version":"2020-12-22","purchased_purges":1,"victory":false,"max_hp_per_floor":[80,80,80,80,80,80,80,80,80,80,80,80,83,86,86,89,89,93,46,32,32,32,32],"card_choices":[{"not_picked":["Warcry","Second Wind"],"picked":"Armaments","floor":1},{"not_picked":["Warcry","Twin Strike"],"picked":"Iron Wave","floor":3},{"not_picked":["Fire Breathing","Intimidate","Twin Strike"],"picked":"SKIP","floor":5},{"not_picked":["Searing Blow","Iron Wave"],"picked":"Warcry","floor":6},{"not_picked":["Dropkick","Armaments"],"picked":"Uppercut","floor":7},{"not_picked":["Dropkick","Sword Boomerang","Bloodletting"],"picked":"SKIP","floor":8},{"not_picked":["Heavy Blade","Wild Strike"],"picked":"Battle Trance","floor":10},{"not_picked":["Perfected Strike","ReplayTheSpireMod:Corrosion Curse"],"picked":"Feed","floor":11},{"not_picked":["Clash","Pummel","Clothesline"],"picked":"SKIP","floor":13},{"not_picked":["Bloodletting","Twin Strike"],"picked":"Headbutt","floor":14},{"not_picked":["Hemogenesis","Juggernaut"],"picked":"Immolate","floor":16},{"not_picked":["Flex","Wild Strike","Entrench"],"picked":"SKIP","floor":18}],"player_experience":373440,"relics_obtained":[{"floor":6,"key":"Ornamental Fan"},{"floor":9,"key":"ReplayTheSpireMod:Ninjato"},{"floor":11,"key":"Pantograph"},{"floor":12,"key":"ReplayFunnel"},{"floor":13,"key":"White Beast Statue"}],"event_choices":[{"cards_removed":["Strike_R"],"damage_healed":0,"gold_gain":0,"player_choice":"Forget","damage_taken":0,"max_hp_gain":0,"max_hp_loss":0,"event_name":"Living Wall","floor":4,"gold_loss":0},{"damage_healed":0,"gold_gain":0,"player_choice":"Became a Ghost","damage_taken":0,"max_hp_gain":0,"max_hp_loss":47,"event_name":"Ghosts","floor":19,"gold_loss":0,"cards_obtained":["Ghostly","Ghostly","Ghostly","Ghostly","Ghostly"]},{"damage_healed":0,"gold_gain":0,"player_choice":"Became a vampire","damage_taken":0,"max_hp_gain":0,"max_hp_loss":14,"event_name":"Vampires","floor":20,"gold_loss":0,"cards_obtained":["Bite","Bite","Bite","Bite","Bite"]},{"damage_healed":0,"gold_gain":0,"cards_transformed":["Bite","Bite"],"player_choice":"Became Test Subject","damage_taken":0,"max_hp_gain":0,"max_hp_loss":0,"event_name":"Drug Dealer","floor":21,"gold_loss":0,"cards_obtained":["Metamorphosis","Mayhem"]},{"damage_healed":0,"gold_gain":0,"player_choice":"Read","damage_taken":0,"max_hp_gain":0,"max_hp_loss":0,"event_name":"The Library","floor":22,"gold_loss":0,"cards_obtained":["Flex"]}],"is_beta":false,"boss_relics":[{"not_picked":["Runic Pyramid","Busted Crown"],"picked":"Velvet Choker"}],"items_purged_floors":[0],"is_endless":false,"potions_floor_spawned":[5,6,7,8,14,16,18],"ascension_level":5}}