{"host":"a5lz0e76zb3fcwkm","time":1613830317,"event":{"mods":["AchievementEnabler","BaseMod","Colored Map","Colored Powertips","Minty Spire (QoL Compilation)","StSLib","SuperFastMode"],"gold_per_floor":[111,186,186,204,220,220,233,258,258,258,258],"floor_reached":10,"language":"KOR","playtime":237,"items_purged":[],"score":136,"play_id":"554daa02-47d1-4bfd-9670-6f5072692fcb","local_time":"20210220231157","is_ascension_mode":true,"campfire_choices":[{"floor":6,"key":"REST"}],"circlet_count":0,"master_deck":["AscendersBane","Strike_B","Strike_B","Strike_B","Strike_B","Defend_B","Defend_B","Defend_B","Defend_B","Zap","Dualcast","Parasite","Creative AI","Cold Snap","Ball Lightning","Turbo","Compile Driver","Coolheaded"],"relics":["Cracked Core","Bag of Marbles","Oddly Smooth Stone","Bottled Tornado"],"acts_visited":["Exordium"],"potions_floor_usage":[8,8],"damage_taken":[{"damage":14,"enemies":"Jaw Worm","floor":1,"turns":4},{"damage":15,"enemies":"Small Slimes","floor":4,"turns":3},{"damage":5,"enemies":"2 Louse","floor":5,"turns":3},{"damage":5,"enemies":"Blue Slaver","floor":7,"turns":4},{"damage":20,"enemies":"3 Sentries","floor":8,"turns":7},{"damage":23,"enemies":"Lagavulin","floor":10,"turns":7}],"seed_played":"-7749425740049057844","potions_obtained":[{"floor":4,"key":"Strength Potion"},{"floor":7,"key":"BlessingOfTheForge"}],"is_trial":false,"path_per_floor":["M","?","T","M","M","R","M","E","T","E"],"character_chosen":"DEFECT","items_purchased":[],"campfire_rested":1,"item_purchase_floors":[],"current_hp_per_floor":[50,39,39,24,19,40,35,15,15,0,0],"gold":258,"neow_bonus":"THREE_RARE_CARDS","is_daily":false,"chose_seed":false,"campfire_upgraded":0,"win_rate":0.0,"timestamp":1613830317,"path_taken":["M","?","?","M","M","R","M","E","T","E"],"items_purchased_type":[],"build_version":"2020-12-22","purchased_purges":0,"victory":false,"max_hp_per_floor":[71,71,71,71,71,71,71,71,71,71,71],"card_choices":[{"not_picked":["Multi-Cast","Core Surge"],"picked":"Creative AI","floor":0},{"not_picked":["Compile Driver","Hello World"],"picked":"Cold Snap","floor":1},{"not_picked":["Sweeping Beam","Leap"],"picked":"Ball Lightning","floor":4},{"not_picked":["Gash","Cold Snap"],"picked":"Turbo","floor":5},{"not_picked":["Rebound","Hyperbeam"],"picked":"Compile Driver","floor":7},{"not_picked":["Leap","Genetic Algorithm"],"picked":"Coolheaded","floor":8}],"player_experience":1912806,"relics_obtained":[{"floor":3,"key":"Bag of Marbles"},{"floor":8,"key":"Oddly Smooth Stone"},{"floor":9,"key":"Bottled Tornado"}],"event_choices":[{"damage_healed":0,"gold_gain":75,"player_choice":"Gather Gold","damage_taken":11,"max_hp_gain":0,"max_hp_loss":0,"event_name":"World of Goop","floor":2,"gold_loss":0}],"is_beta":false,"boss_relics":[],"items_purged_floors":[],"is_endless":false,"potions_floor_spawned":[4,7],"killed_by":"Lagavulin","ascension_level":20}}