{"host":"tjq6rykv202u6iqx","time":1613861619,"event":{"mods":["AchievementEnabler","BaseMod","Minty Spire (QoL Compilation)","Rare Cards Sparkle","Relic Stats"],"gold_per_floor":[113,125,138,138,150,150,65,92,119,148,510,536,550,570,570,570,570],"floor_reached":16,"language":"ENG","playtime":937,"items_purged":[],"score":244,"play_id":"e88e21bd-1c91-4647-b2ee-d80343182341","local_time":"20210220165339","is_ascension_mode":true,"campfire_choices":[{"data":"Uppercut","floor":6,"key":"SMITH"},{"data":"1","floor":15,"key":"LIFT"}],"circlet_count":0,"master_deck":["AscendersBane","Strike_R","Strike_R","Strike_R","Strike_R","Strike_R","Defend_R","Defend_R","Defend_R","Defend_R","Bash","CurseOfTheBell","Uppercut+1","Iron Wave","Metallicize+1","Iron Wave","Fire Breathing+1","Reckless Charge","Spot Weakness","Pummel","Shrug It Off","Feel No Pain+1"],"relics":["Calling Bell","Art of War","Frozen Egg 2","CaptainsWheel","Bag of Marbles","MealTicket","Oddly Smooth Stone","Old Coin","Girya"],"acts_visited":["Exordium"],"potions_floor_usage":[11,16],"damage_taken":[{"damage":3,"enemies":"Small Slimes","floor":1,"turns":6},{"damage":1,"enemies":"Cultist","floor":2,"turns":4},{"damage":2,"enemies":"Jaw Worm","floor":3,"turns":4},{"damage":2,"enemies":"3 Louse","floor":5,"turns":4},{"damage":19,"enemies":"Gremlin Nob","floor":8,"turns":5},{"damage":11,"enemies":"3 Sentries","floor":10,"turns":4},{"damage":11,"enemies":"3 Sentries","floor":11,"turns":5},{"damage":5,"enemies":"Lagavulin","floor":12,"turns":6},{"damage":1,"enemies":"Large Slime","floor":13,"turns":6},{"damage":3,"enemies":"Blue Slaver","floor":14,"turns":2},{"damage":16,"enemies":"The Guardian","floor":16,"turns":5}],"seed_played":"2855038958856441013","potions_obtained":[{"floor":2,"key":"BlessingOfTheForge"},{"floor":3,"key":"EssenceOfSteel"},{"floor":4,"key":"LiquidBronze"},{"floor":5,"key":"Fruit Juice"},{"floor":14,"key":"SmokeBomb"}],"is_trial":false,"path_per_floor":["M","M","M","?","M","R","$","E","T","E","?","E","M","M","R","B"],"character_chosen":"IRONCLAD","items_purchased":["Fire Breathing+1"],"campfire_rested":0,"item_purchase_floors":[7],"current_hp_per_floor":[65,64,62,62,60,60,60,41,41,30,19,14,13,10,10,0,0],"gold":570,"neow_bonus":"BOSS_RELIC","is_daily":false,"chose_seed":false,"campfire_upgraded":1,"win_rate":0.0,"timestamp":1613861619,"path_taken":["M","M","M","?","M","R","?","E","T","E","?","E","M","M","R","BOSS"],"items_purchased_type":["Card"],"build_version":"2020-12-22","purchased_purges":0,"victory":false,"max_hp_per_floor":[75,75,75,75,75,75,75,75,75,75,75,75,75,75,75,80,80],"relic_stats":{"counters":[11,51],"MealTicket":0,"Art of War":[3],"obtain_stats":[{"Calling Bell":0,"Girya":12,"CaptainsWheel":0,"Oddly Smooth Stone":10,"MealTicket":9,"Art of War":0,"Bag of Marbles":8,"Frozen Egg 2":0,"Burning Blood":0,"Old Coin":11},{"Calling Bell":0,"Girya":8,"CaptainsWheel":0,"Oddly Smooth Stone":6,"MealTicket":5,"Art of War":0,"Bag of Marbles":5,"Frozen Egg 2":0,"Burning Blood":0,"Old Coin":7},{"Calling Bell":0,"Girya":38,"CaptainsWheel":0,"Oddly Smooth Stone":27,"MealTicket":23,"Art of War":0,"Bag of Marbles":23,"Frozen Egg 2":0,"Burning Blood":0,"Old Coin":32}]},"card_choices":[{"not_picked":["Infernal Blade","Armaments"],"picked":"Uppercut","floor":1},{"not_picked":["Rupture+1","True Grit"],"picked":"Iron Wave","floor":2},{"not_picked":["Sword Boomerang","Havoc"],"picked":"Metallicize+1","floor":3},{"not_picked":["Havoc","Body Slam"],"picked":"Iron Wave","floor":5},{"not_picked":["Clash","Shrug It Off"],"picked":"Reckless Charge","floor":8},{"not_picked":["Reckless Charge","Brutality+1"],"picked":"Spot Weakness","floor":10},{"not_picked":["Cleave","Shrug It Off"],"picked":"Pummel","floor":11},{"not_picked":["Bludgeon","Infernal Blade"],"picked":"Shrug It Off","floor":12},{"not_picked":["Clash","Rupture+1","Fire Breathing+1"],"picked":"SKIP","floor":13},{"not_picked":["Pommel Strike","Armaments"],"picked":"Feel No Pain+1","floor":14}],"player_experience":994744,"relics_obtained":[{"floor":0,"key":"Art of War"},{"floor":0,"key":"Frozen Egg 2"},{"floor":0,"key":"CaptainsWheel"},{"floor":8,"key":"Bag of Marbles"},{"floor":9,"key":"MealTicket"},{"floor":10,"key":"Oddly Smooth Stone"},{"floor":11,"key":"Old Coin"},{"floor":12,"key":"Girya"}],"event_choices":[{"damage_healed":0,"gold_gain":0,"player_choice":"Got Potions","damage_taken":0,"max_hp_gain":0,"max_hp_loss":0,"event_name":"Lab","floor":4,"gold_loss":0},{"damage_healed":0,"gold_gain":30,"player_choice":"Searched \u00272\u0027 times","damage_taken":0,"max_hp_gain":0,"max_hp_loss":0,"event_name":"Dead Adventurer","floor":11,"gold_loss":0}],"is_beta":false,"boss_relics":[],"items_purged_floors":[],"is_endless":false,"potions_floor_spawned":[2,3,5,14],"killed_by":"The Guardian","ascension_level":20}}