{"host":"lv7etzzgwahaenh9","time":1613781935,"event":{"mods":["AchievementEnabler","BaseMod","Colored Map","Colored Powertips","Highlight Path","Minty Spire (QoL Compilation)","Permanent Neow","Quick Restart","Random Character Button","StSLib"],"gold_per_floor":[115,115,133,143,163,163,188,205,255,280,280,300,317,343,343,438,438,451,82,102,102,152,183,195,225,225,259,275,275,285,296,296,398,398,411,80,80,100,116,142,142,169,169,169,188,188,214,111,111,111,111,111,44,74,74],"floor_reached":56,"language":"ENG","playtime":12235,"items_purged":["Strike_R","Strike_R"],"score":2073,"play_id":"a070701d-876e-427f-983e-19c6fe692084","local_time":"20210219164535","is_ascension_mode":true,"campfire_choices":[{"data":"True Grit","floor":6.0,"key":"SMITH"},{"data":"True Grit","floor":11.0,"key":"SMITH"},{"data":"Body Slam","floor":15.0,"key":"SMITH"},{"data":"Ghostly","floor":29.0,"key":"SMITH"},{"data":"Armaments","floor":32.0,"key":"SMITH"},{"data":"Ghostly","floor":41.0,"key":"SMITH"},{"data":"Fiend Fire","floor":44.0,"key":"SMITH"},{"floor":49.0,"key":"RECALL"},{"data":"Feel No Pain","floor":52.0,"key":"SMITH"}],"circlet_count":0,"master_deck":["AscendersBane","Strike_R","Strike_R","Strike_R","Defend_R","Defend_R+1","Defend_R","Defend_R","Bash","Immolate+1","Warcry+1","Iron Wave","Juggernaut","True Grit+1","Pommel Strike","Flame Barrier","True Grit+1","Bludgeon","Body Slam+1","Corruption","Disarm+1","Clothesline","Ghostly+1","Ghostly+1","Ghostly+1","Ghostly","Ghostly","Immolate","Shrug It Off","Armaments+1","Bludgeon","Disarm+1","Feel No Pain+1","Feel No Pain","Shrug It Off+1","Fiend Fire+1","Clothesline","HandOfGreed","Second Wind","Bludgeon"],"relics":["Burning Blood","Bottled Lightning","Bronze Scales","Eternal Feather","War Paint","Snecko Eye","Frozen Eye","Orichalcum","Dream Catcher","Boot","Pear","Akabeko","Black Star","Medical Kit","Bottled Tornado","InkBottle","StrikeDummy","Mummified Hand","Blood Vial","Question Card","Champion Belt","Ornamental Fan","Pantograph"],"acts_visited":["Exordium","TheCity","TheBeyond","TheEnding"],"potions_floor_usage":[55],"damage_taken":[{"damage":7.0,"enemies":"Jaw Worm","floor":1.0,"turns":3.0},{"damage":1.0,"enemies":"Cultist","floor":3.0,"turns":3.0},{"damage":5.0,"enemies":"2 Louse","floor":4.0,"turns":3.0},{"damage":0.0,"enemies":"Lots of Slimes","floor":5.0,"turns":1.0},{"damage":19.0,"enemies":"Gremlin Nob","floor":7.0,"turns":4.0},{"damage":1.0,"enemies":"Looter","floor":8.0,"turns":3.0},{"damage":1.0,"enemies":"3 Sentries","floor":10.0,"turns":4.0},{"damage":0.0,"enemies":"Gremlin Gang","floor":12.0,"turns":3.0},{"damage":8.0,"enemies":"Lots of Slimes","floor":13.0,"turns":2.0},{"damage":21.0,"enemies":"Lagavulin","floor":14.0,"turns":5.0},{"damage":32.0,"enemies":"The Guardian","floor":16.0,"turns":10.0},{"damage":0.0,"enemies":"3 Byrds","floor":18.0,"turns":3.0},{"damage":6.0,"enemies":"Spheric Guardian","floor":20.0,"turns":3.0},{"damage":0.0,"enemies":"Book of Stabbing","floor":23.0,"turns":5.0},{"damage":0.0,"enemies":"Snecko","floor":24.0,"turns":4.0},{"damage":0.0,"enemies":"Gremlin Leader","floor":25.0,"turns":7.0},{"damage":0.0,"enemies":"Book of Stabbing","floor":27.0,"turns":6.0},{"damage":0.0,"enemies":"Snake Plant","floor":28.0,"turns":3.0},{"damage":0.0,"enemies":"Centurion and Healer","floor":30.0,"turns":6.0},{"damage":0.0,"enemies":"Shelled Parasite and Fungi","floor":31.0,"turns":4.0},{"damage":0.0,"enemies":"Collector","floor":33.0,"turns":7.0},{"damage":0.0,"enemies":"3 Darklings","floor":35.0,"turns":5.0},{"damage":7.0,"enemies":"Orb Walker","floor":38.0,"turns":3.0},{"damage":5.0,"enemies":"Sphere and 2 Shapes","floor":39.0,"turns":3.0},{"damage":0.0,"enemies":"Giant Head","floor":40.0,"turns":7.0},{"damage":4.0,"enemies":"Nemesis","floor":42.0,"turns":9.0},{"damage":0.0,"enemies":"Transient","floor":45.0,"turns":5.0},{"damage":27.0,"enemies":"Giant Head","floor":47.0,"turns":9.0},{"damage":18.0,"enemies":"Time Eater","floor":50.0,"turns":13.0},{"damage":9,"enemies":"Shield and Spear","floor":54,"turns":7},{"damage":23,"enemies":"The Heart","floor":55,"turns":10}],"seed_played":"8310838004392776524","potions_obtained":[{"floor":3.0,"key":"LiquidBronze"},{"floor":7.0,"key":"SteroidPotion"},{"floor":8.0,"key":"BlessingOfTheForge"},{"floor":14.0,"key":"AttackPotion"},{"floor":18.0,"key":"BloodPotion"},{"floor":24.0,"key":"EssenceOfSteel"},{"floor":27.0,"key":"Explosive Potion"},{"floor":35.0,"key":"Strength Potion"},{"floor":45.0,"key":"FairyPotion"}],"is_trial":false,"path_per_floor":["M","?","M","M","M","R","E","M","T","E","R","M","M","E","R","B",null,"M","$","M","?","?","E","M","E","T","E","M","R","M","M","R","B",null,"M","$","?","M","M","E","R","E","T","R","M","?","E","?","R","B",null,"R","$","E","B",null],"character_chosen":"IRONCLAD","items_purchased":["Frozen Eye","Orichalcum","Feel No Pain","Medical Kit","Second Wind"],"campfire_rested":0,"item_purchase_floors":[19,19,36,36,53],"current_hp_per_floor":[71,71,72,72,72,72,59,64,64,69,72,72,70,55,67,41,64,70,70,70,36,36,36,36,36,46,46,46,46,46,46,46,46,46,46,46,46,45,46,46,46,46,46,46,46,46,25,25,46,34,43,46,46,43,29],"gold":74,"neow_bonus":"THREE_RARE_CARDS","is_daily":false,"chose_seed":false,"campfire_upgraded":8,"win_rate":0.0,"timestamp":1613781935,"path_taken":["M","?","M","M","M","R","E","M","T","E","R","M","M","E","R","BOSS","M","$","?","?","?","E","M","E","T","E","?","R","M","M","R","BOSS","M","$","?","M","?","E","R","E","T","R","M","?","E","?","R","BOSS","R","$","E","BOSS"],"items_purchased_type":["Relic","Relic","Card","Relic","Card"],"build_version":"2020-12-22","purchased_purges":2,"victory":true,"max_hp_per_floor":[72,72,72,72,72,72,72,72,72,72,72,72,72,72,72,72,72,72,72,72,36,36,36,36,36,46,46,46,46,46,46,46,46,46,46,46,46,46,46,46,46,46,46,46,46,46,46,46,46,46,46,46,46,46,46],"card_choices":[{"not_picked":["Reaper","Fiend Fire"],"picked":"Immolate","floor":0.0},{"not_picked":["Twin Strike","Iron Wave"],"picked":"Warcry","floor":1.0},{"not_picked":["Clash","Warcry"],"picked":"Iron Wave","floor":3.0},{"not_picked":["Clothesline","Rampage"],"picked":"Juggernaut","floor":4.0},{"not_picked":["Shrug It Off","Clash"],"picked":"True Grit","floor":5.0},{"not_picked":["Iron Wave","Dropkick"],"picked":"Pommel Strike","floor":7.0},{"not_picked":["Heavy Blade","Shrug It Off"],"picked":"Flame Barrier","floor":8.0},{"not_picked":["Rampage","Heavy Blade"],"picked":"True Grit","floor":10.0},{"not_picked":["Clothesline","Combust","Twin Strike"],"picked":"SKIP","floor":12.0},{"not_picked":["Battle Trance","Pommel Strike"],"picked":"Bludgeon","floor":13.0},{"not_picked":["Pommel Strike","Clothesline"],"picked":"Body Slam","floor":14.0},{"not_picked":["Offering","Barricade"],"picked":"Corruption","floor":16.0},{"not_picked":["Twin Strike","Thunderclap"],"picked":"Disarm+1","floor":18.0},{"not_picked":["Inflame","Thunderclap"],"picked":"Clothesline","floor":20.0},{"not_picked":["Armaments","Combust"],"picked":"Immolate","floor":23.0},{"not_picked":["Disarm","Dual Wield","Pommel Strike"],"picked":"SKIP","floor":24.0},{"not_picked":["Clothesline","Carnage","Warcry"],"picked":"SKIP","floor":25.0},{"not_picked":["Wild Strike+1","Cleave"],"picked":"Shrug It Off","floor":27.0},{"not_picked":["Warcry","Rampage+1","Fire Breathing"],"picked":"SKIP","floor":28.0},{"not_picked":["Intimidate","Anger","Sever Soul"],"picked":"SKIP","floor":30.0},{"not_picked":["Heavy Blade","Disarm"],"picked":"Armaments","floor":31.0},{"not_picked":["Juggernaut","Double Tap"],"picked":"Bludgeon","floor":33.0},{"not_picked":["Clothesline","Rage"],"picked":"Disarm+1","floor":35.0},{"not_picked":["Cleave","Pummel+1"],"picked":"Feel No Pain","floor":38.0},{"not_picked":["Intimidate","Clash"],"picked":"Shrug It Off+1","floor":39.0},{"not_picked":["Cleave+1","Combust+1","Heavy Blade+1"],"picked":"SKIP","floor":40.0},{"not_picked":["Combust+1","Cleave"],"picked":"Fiend Fire","floor":42.0},{"not_picked":["Armaments","Spot Weakness+1"],"picked":"Clothesline","floor":45.0},{"not_picked":["Panacea","Secret Weapon"],"picked":"HandOfGreed","floor":46.0},{"not_picked":["Ghostly Armor","Burning Pact+1","Battle Trance"],"picked":"SKIP","floor":47.0},{"not_picked":["Wild Strike","Searing Blow","Warcry"],"picked":"Bludgeon","floor":54}],"player_experience":446215,"relics_obtained":[{"floor":7.0,"key":"Bottled Lightning"},{"floor":9.0,"key":"Bronze Scales"},{"floor":10.0,"key":"Eternal Feather"},{"floor":14.0,"key":"War Paint"},{"floor":23.0,"key":"Dream Catcher"},{"floor":25.0,"key":"Boot"},{"floor":26.0,"key":"Pear"},{"floor":27.0,"key":"Akabeko"},{"floor":40.0,"key":"Bottled Tornado"},{"floor":40.0,"key":"InkBottle"},{"floor":42.0,"key":"StrikeDummy"},{"floor":42.0,"key":"Mummified Hand"},{"floor":47.0,"key":"Blood Vial"},{"floor":47.0,"key":"Question Card"},{"floor":54,"key":"Ornamental Fan"},{"floor":54,"key":"Pantograph"}],"event_choices":[{"damage_healed":0.0,"max_hp_gain":0.0,"max_hp_loss":0.0,"gold_gain":0.0,"event_name":"Upgrade Shrine","player_choice":"Upgraded","floor":2.0,"gold_loss":0.0,"damage_taken":0.0,"cards_upgraded":["Immolate"]},{"damage_healed":0.0,"max_hp_gain":0.0,"max_hp_loss":36.0,"gold_gain":0.0,"event_name":"Ghosts","player_choice":"Became a Ghost","floor":21.0,"gold_loss":0.0,"damage_taken":0.0,"cards_obtained":["Ghostly","Ghostly","Ghostly","Ghostly","Ghostly"]},{"damage_healed":0.0,"max_hp_gain":0.0,"max_hp_loss":0.0,"gold_gain":100.0,"event_name":"The Joust","player_choice":"Bet on Murderer","floor":22.0,"gold_loss":50.0,"damage_taken":0.0},{"damage_healed":0.0,"max_hp_gain":0.0,"max_hp_loss":0.0,"gold_gain":0.0,"event_name":"Upgrade Shrine","player_choice":"Upgraded","floor":37.0,"gold_loss":0.0,"damage_taken":0.0,"cards_upgraded":["Ghostly"]},{"damage_healed":0.0,"max_hp_gain":0.0,"max_hp_loss":0.0,"gold_gain":0.0,"event_name":"SensoryStone","player_choice":"Memory 1","floor":46.0,"gold_loss":0.0,"damage_taken":0.0},{"damage_healed":0.0,"max_hp_gain":0.0,"max_hp_loss":0.0,"gold_gain":0.0,"event_name":"WeMeetAgain","player_choice":"Paid Gold","floor":48.0,"gold_loss":103.0,"damage_taken":0.0,"relics_obtained":["Champion Belt"]}],"is_beta":false,"boss_relics":[{"not_picked":["Mark of Pain","Runic Pyramid"],"picked":"Snecko Eye"},{"not_picked":["Astrolabe","Tiny House"],"picked":"Black Star"}],"items_purged_floors":[19,36],"is_endless":false,"potions_floor_spawned":[3,7,8,14,18,24,27,31,35,40,45],"ascension_level":11}}