{"host":"2e5gbsni44p3458r","time":1613820653,"event":{"mods":["BaseMod","Colored Map","Downfall","Hermit","Minty Spire (QoL Compilation)","Replay The Spire","StSLib","The Cursed"],"gold_per_floor":[0,17,29,39,339,351,351,408,179,191,208,208,243,343,362,463,463,363,374,384,384,402,50,50,69,69,87,116,140,159,159,169,269,269,169,183,183,163,163,175,175,29,61,77,109,9,9,24,34,34,34,68,17,17,17,17],"floor_reached":57,"language":"ENG","playtime":3642,"items_purged":["downfall:Icky","downfall:Bewildered","Looming Evil"],"score":1731,"play_id":"af799164-2521-4328-a0e9-498ff0a9d989","local_time":"20210220203053","is_ascension_mode":true,"campfire_choices":[{"floor":1,"key":"RECALL"},{"data":"Guardian:SentryBeam","floor":18,"key":"SMITH"},{"data":"Guardian:PrismaticBeam","floor":26,"key":"SMITH"},{"floor":35,"key":"DIG"}],"circlet_count":0,"master_deck":["Guardian:Defend_Guardian","Guardian:Defend_Guardian","Guardian:Defend_Guardian","Guardian:CurlUp","Guardian:TwinSlam","Guardian:GemFire+1","Guardian:ExploitGems","Guardian:PiercingHide","Guardian:ConstructionForm","Guardian:SentryBeam+1","Guardian:BaubleBeam+1","Guardian:CrystalBeam+1","Guardian:StasisStrike","Guardian:EvasiveProtocol","Guardian:StasisStrike","Guardian:PrismaticBeam+1","Guardian:Gem_Lightblue","Guardian:BodySlam+1","Guardian:Gem_Orange","Guardian:Gem_Cyan","Guardian:Gem_Green","Guardian:Gem_White","Guardian:TemporalShield+1","Guardian:StasisEngine","Guardian:EvasiveProtocol+1","Guardian:GemFinder","Guardian:Gem_Green","Guardian:Gem_Purple","Guardian:Gem_Cyan","Guardian:Gem_Green"],"relics":["Guardian:ModeShifter","Sundial","Mummified Hand","Question Card","Coffee Dripper","downfall:HeartBlessingRed","sneckomod:BabySnecko","MealTicket","Bag of Preparation","Fusion Hammer","downfall:HeartBlessingBlue","Nunchaku","Ring of Fury","Ring of Chaos","Whetstone","Shuriken","Happy Flower","Pantograph","Toxic Egg 2","downfall:HeartBlessingGreen","ReplayTheSpireMod:Shallot"],"acts_visited":["Exordium","TheCity","TheBeyond","TheEnding"],"potions_floor_usage":[14,16,16,22,28,28,38,40,52,55,56,56],"damage_taken":[{"damage":4,"enemies":"Jaw Worm","floor":2,"turns":5},{"damage":0,"enemies":"Small Slimes","floor":3,"turns":3},{"damage":0,"enemies":"Cultist","floor":4,"turns":4},{"damage":0,"enemies":"Gremlin Gang","floor":6,"turns":8},{"damage":3,"enemies":"Gremlin Nob","floor":8,"turns":5},{"damage":4,"enemies":"downfall:FleeingMerchant","floor":9,"turns":4},{"damage":0,"enemies":"3 Louse","floor":10,"turns":3},{"damage":5,"enemies":"downfall:LooterAlt","floor":11,"turns":2},{"damage":0,"enemies":"Gremlin Nob","floor":13,"turns":3},{"damage":8,"enemies":"downfall:Heads","floor":14,"turns":7},{"damage":0,"enemies":"2 Fungi Beasts","floor":15,"turns":2},{"damage":0,"enemies":"IC_STATUS_ARCHETYPE","floor":16,"turns":5},{"damage":7,"enemies":"Chosen","floor":19,"turns":3},{"damage":0,"enemies":"Spheric Guardian","floor":20,"turns":1},{"damage":0,"enemies":"Snake Plant","floor":22,"turns":2},{"damage":0,"enemies":"downfall:FleeingMerchant","floor":23,"turns":4},{"damage":6,"enemies":"Cultist and Chosen","floor":25,"turns":3},{"damage":0,"enemies":"3 Cultists","floor":27,"turns":2},{"damage":11,"enemies":"Slavers","floor":28,"turns":3},{"damage":0,"enemies":"Snake Plant","floor":30,"turns":1},{"damage":0,"enemies":"Snecko","floor":32,"turns":2},{"damage":0,"enemies":"DF_ARCHETYPE_CLAW","floor":33,"turns":5},{"damage":0,"enemies":"3 Shapes","floor":36,"turns":1},{"damage":0,"enemies":"downfall:FleeingMerchant","floor":38,"turns":1},{"damage":0,"enemies":"3 Darklings","floor":40,"turns":3},{"damage":0,"enemies":"R_Hoarder","floor":43,"turns":4},{"damage":13,"enemies":"Spire Growth","floor":44,"turns":3},{"damage":0,"enemies":"Giant Head","floor":45,"turns":2},{"damage":0,"enemies":"Sphere and 2 Shapes","floor":48,"turns":2},{"damage":0,"enemies":"3 Darklings","floor":49,"turns":1},{"damage":0,"enemies":"SI_POISON_ARCHETYPE","floor":50,"turns":6},{"damage":0,"enemies":"downfall:CharBossMerchant","floor":52,"turns":5},{"damage":22,"enemies":"downfall:NeowBoss","floor":55,"turns":12},{"damage":86,"enemies":"downfall:NeowBossFinal","floor":56,"turns":11}],"seed_played":"-4059332557832500434","potions_obtained":[{"floor":3,"key":"Regen Potion"},{"floor":10,"key":"hexamod:SoulburnPotion"},{"floor":11,"key":"Dexterity Potion"},{"floor":13,"key":"LiquidMemories"},{"floor":16,"key":"Energy Potion"},{"floor":20,"key":"Fire Potion"},{"floor":25,"key":"SkillPotion"},{"floor":28,"key":"Ancient Potion"},{"floor":30,"key":"Guardian:DefensiveModePotion"},{"floor":33,"key":"SteroidPotion"},{"floor":43,"key":"champ:CounterPotion"},{"floor":44,"key":"Weak Potion"}],"is_trial":false,"path_per_floor":["R_BF","M","M","M","?","M","T","?","$","M","M","?","E","?","M","B",null,"R_BF","M","M","?","M","$","T","M","R","M","E","T","M","?","M","B",null,"R_BF","M","?","$","?","M","T","$","E","M","E","R","$","M","M","B",null,"E","$","R","B","B",null],"character_chosen":"GUARDIAN","items_purchased":["Guardian:Gem_Orange","Guardian:Gem_Synthetic","Guardian:PrismaticBeam","Guardian:Gem_White","Whetstone","Happy Flower","SpeedPotion"],"campfire_rested":0,"item_purchase_floors":[9,23,23,38,38,42,53],"current_hp_per_floor":[80,76,76,76,76,76,76,73,69,69,64,64,64,56,56,70,80,80,73,73,73,73,73,73,67,67,67,56,56,56,56,56,56,80,90,90,90,90,90,90,90,90,90,77,77,77,90,90,90,90,90,90,90,90,68,4],"gold":17,"neow_bonus":"TRANSFORM_TWO_CARDS","is_daily":false,"chose_seed":false,"campfire_upgraded":2,"win_rate":0.0,"timestamp":1613820653,"path_taken":["R_BF","M","M","M","?","M","T","?","?","?","?","?","E","?","M","BOSS","R_BF","M","M","?","M","$","T","M","R","M","E","?","?","?","M","BOSS","R_BF","M","?","$","?","M","T","$","E","M","E","R","?","M","M","BOSS","E","$","R","BOSS","BOSS"],"items_purchased_type":["Card","Card","Card","Card","Relic","Relic","Potion"],"build_version":"2020-12-22","purchased_purges":3,"victory":true,"max_hp_per_floor":[80,80,80,80,80,80,80,80,80,80,80,80,80,80,80,80,80,80,80,80,80,80,80,80,80,80,80,80,80,80,80,80,80,80,90,90,90,90,90,90,90,90,90,90,90,90,90,90,90,90,90,90,90,90,90,90],"card_choices":[{"not_picked":["Guardian:Recover","Guardian:CrystalBeam"],"picked":"Guardian:PiercingHide","floor":2},{"not_picked":["Guardian:Reroute","Guardian:TemporalShield"],"picked":"Guardian:Gem_Red","floor":3},{"not_picked":["Guardian:Repulse","Guardian:CrystalBeam"],"picked":"Guardian:ConstructionForm","floor":4},{"not_picked":["Guardian:Gem_Lightblue","Guardian:Suspension"],"picked":"Guardian:SentryBeam","floor":6},{"not_picked":["Guardian:ChargeUp","Guardian:PiercingHide"],"picked":"Guardian:Gem_Green","floor":8},{"not_picked":["Guardian:GuardianWhirl","Guardian:Gem_Crimson"],"picked":"Guardian:BaubleBeam","floor":9},{"not_picked":["Guardian:Gem_Green","Guardian:Suspension"],"picked":"Guardian:CrystalBeam","floor":10},{"not_picked":["Guardian:CrystalBeam","Guardian:BronzeOrb","Guardian:TimeBomb"],"picked":"SKIP","floor":11},{"not_picked":["Guardian:Planning","Guardian:BodySlam","Guardian:ShieldCharger"],"picked":"SKIP","floor":13},{"not_picked":["Guardian:Gem_Green","Guardian:Harden","Guardian:PiercingHide"],"picked":"Guardian:StasisStrike","floor":14},{"not_picked":["Guardian:ChargeCore","Guardian:Gem_Blue","Guardian:FuturePlans"],"picked":"Guardian:Gem_Crimson","floor":15},{"not_picked":["Guardian:RevengeProtocol","Guardian:SphericShield","Guardian:StasisEngine"],"picked":"Guardian:StasisStrike","floor":16},{"not_picked":["Guardian:RefractedBeam+1","Guardian:Clone","Guardian:PolyBeam"],"picked":"Guardian:Gem_Red","floor":19},{"not_picked":["Guardian:Gem_Blue","Guardian:PrimingBeam","Guardian:WalkerClaw+1"],"picked":"Guardian:Gem_Cyan","floor":20},{"not_picked":["Guardian:Suspension+1","Guardian:GuardianWhirl","Guardian:VentSteam","Guardian:TemporalShield"],"picked":"SKIP","floor":22},{"not_picked":["Guardian:ArmoredProtocol+1","Guardian:TemporalShield","Guardian:Gem_Cyan"],"picked":"Guardian:Gem_Purple","floor":23},{"not_picked":["Guardian:Suspension+1","Guardian:FuturePlans","Guardian:ShieldCharger","Guardian:Recover"],"picked":"SKIP","floor":25},{"not_picked":["Guardian:GuardianWhirl+1","Guardian:Planning","Guardian:TimeCapacitor","Guardian:Clone"],"picked":"SKIP","floor":27},{"not_picked":["Guardian:TemporalStrike","Guardian:ChargeCore","Guardian:Clone"],"picked":"Guardian:Gem_Lightblue","floor":28},{"not_picked":["Guardian:PrimingBeam","Guardian:Orbwalk","Guardian:BronzeOrb"],"picked":"Guardian:BodySlam+1","floor":30},{"not_picked":["Guardian:Reroute","Guardian:TimeSifter","Guardian:MultiBeam"],"picked":"Guardian:Gem_Lightblue","floor":32},{"not_picked":["Guardian:TimeSifter","Guardian:StasisEngine","Guardian:GemFire"],"picked":"Guardian:Gem_Orange","floor":33},{"not_picked":["Guardian:ShieldCharger+1","Guardian:VentSteam+1","Guardian:PiercingHide"],"picked":"Guardian:Gem_Cyan","floor":36},{"not_picked":["Guardian:EvasiveProtocol+1","Guardian:DonusPower","Guardian:Gem_Lightblue"],"picked":"Guardian:Gem_Green","floor":38},{"not_picked":["Guardian:Harden","Guardian:PrimingBeam+1","Guardian:Gem_Green"],"picked":"Guardian:TemporalShield+1","floor":40},{"not_picked":["Guardian:Gem_Cyan","Guardian:Gem_Lightblue","Guardian:Gem_Crimson"],"picked":"Guardian:StasisEngine","floor":43},{"not_picked":["Guardian:TemporalStrike","Guardian:FuturePlans","Guardian:BronzeOrb+1"],"picked":"Guardian:EvasiveProtocol+1","floor":44},{"not_picked":["Guardian:VentSteam+1","Guardian:ShieldCharger+1","Guardian:CrystalBeam+1"],"picked":"Guardian:GemFinder","floor":45},{"not_picked":["Guardian:ShieldCharger+1","Guardian:Gem_Red","Guardian:RollAttack+1","Guardian:Gem_Lightblue"],"picked":"SKIP","floor":48},{"not_picked":["Guardian:Gem_Red","Guardian:Gem_Lightblue"],"picked":"Guardian:Gem_Green","floor":49},{"not_picked":["Guardian:ShieldCharger+1","Guardian:Incinerate","Guardian:DecasProtection+1"],"picked":"Guardian:Gem_Purple","floor":49},{"not_picked":["Guardian:Gem_Red","Guardian:Gem_Lightblue"],"picked":"Guardian:Gem_Cyan","floor":52},{"not_picked":["Guardian:Gem_Crimson","Guardian:WalkerClaw","Guardian:ShieldCharger+1"],"picked":"Guardian:Gem_Green","floor":52}],"player_experience":830122,"relics_obtained":[{"floor":7,"key":"Sundial"},{"floor":13,"key":"Question Card"},{"floor":28,"key":"MealTicket"},{"floor":29,"key":"Bag of Preparation"},{"floor":35,"key":"Nunchaku"},{"floor":37,"key":"Ring of Fury"},{"floor":37,"key":"Ring of Chaos"},{"floor":41,"key":"Shuriken"},{"floor":43,"key":"Pantograph"},{"floor":45,"key":"Toxic Egg 2"},{"floor":52,"key":"ReplayTheSpireMod:Shallot"}],"event_choices":[],"is_beta":false,"boss_relics":[{"not_picked":["Velvet Choker","Honey Jar"],"picked":"Coffee Dripper"},{"not_picked":["Kintsugi","Snecko Heart"],"picked":"Fusion Hammer"}],"items_purged_floors":[9,23,38],"is_endless":false,"potions_floor_spawned":[3,10,11,13,16,20,25,28,30,33,36,43,44,45,48],"ascension_level":4}}