{"host":"7qoz5gmva6til3yp","time":1613830999,"event":{"mods":["2.2 Compatiblity","BaseMod","Minty Spire (QoL Compilation)","StSLib","SuperFastMode"],"gold_per_floor":[112,37,87,12,26,51,51,51,51,51,79,79,79,105,105,181,181,194,237,251,290,326,384,396,464,476,183,228,228,228,256,256,355,355,390,390,426,130,166,16,16,72,98,126,145,145,173,185,185,185],"floor_reached":51,"language":"KOR","playtime":1564,"items_purged":["Defend_P","Strike_P","Defend_P","Defend_P"],"score":1625,"play_id":"2c74b5e8-4dfb-4e88-a838-bcd8018cc61f","local_time":"20210220232319","is_ascension_mode":true,"campfire_choices":[{"data":"Eruption","floor":7.0,"key":"SMITH"},{"data":"Vigilance","floor":10.0,"key":"SMITH"},{"floor":15.0,"key":"REST"},{"data":"Adaptation","floor":24.0,"key":"SMITH"},{"data":"MentalFortress","floor":30.0,"key":"SMITH"},{"data":"Wallop","floor":32.0,"key":"SMITH"},{"data":"EmptyMind","floor":41,"key":"SMITH"},{"data":"Brilliance","floor":46,"key":"SMITH"},{"data":"EmptyFist","floor":49,"key":"SMITH"}],"circlet_count":0,"master_deck":["AscendersBane","Eruption+1","Vigilance+1","EmptyMind+1","Adaptation+1","SandsOfTime","Wish","Prostrate+1","MentalFortress+1","Prostrate","Wallop+1","FlyingSleeves","MentalFortress+1","Brilliance+1","InnerPeace","Prostrate+1","Tantrum","EmptyFist+1"],"relics":["PureWater","NeowsBlessing","Matryoshka","Bag of Marbles","Question Card","TungstenRod","Regal Pillow","Empty Cage","MawBank","Vajra","PreservedInsect","MealTicket","Orrery","Prayer Wheel","Philosopher\u0027s Stone","Lee\u0027s Waffle","Turnip","Pen Nib","Happy Flower","The Courier"],"acts_visited":["Exordium","TheCity","TheBeyond"],"potions_floor_usage":[50,50],"damage_taken":[{"damage":0.0,"enemies":"2 Louse","floor":1.0,"turns":1.0},{"damage":0.0,"enemies":"Small Slimes","floor":5.0,"turns":1.0},{"damage":2.0,"enemies":"3 Sentries","floor":6.0,"turns":2.0},{"damage":28.0,"enemies":"Lagavulin","floor":11.0,"turns":5.0},{"damage":17.0,"enemies":"Gremlin Nob","floor":14.0,"turns":3.0},{"damage":29.0,"enemies":"Hexaghost","floor":16.0,"turns":9.0},{"damage":30.0,"enemies":"2 Thieves","floor":18.0,"turns":4.0},{"damage":14.0,"enemies":"Spheric Guardian","floor":19.0,"turns":4.0},{"damage":12.0,"enemies":"Cultist and Chosen","floor":20.0,"turns":6.0},{"damage":21.0,"enemies":"3 Cultists","floor":21.0,"turns":7.0},{"damage":33.0,"enemies":"Shelled Parasite and Fungi","floor":22.0,"turns":5.0},{"damage":55.0,"enemies":"Book of Stabbing","floor":23.0,"turns":7.0},{"damage":0.0,"enemies":"Slavers","floor":25.0,"turns":1.0},{"damage":21.0,"enemies":"Snake Plant","floor":28.0,"turns":4.0},{"damage":10.0,"enemies":"Book of Stabbing","floor":31.0,"turns":4.0},{"damage":14.0,"enemies":"Collector","floor":33.0,"turns":9.0},{"damage":13,"enemies":"Orb Walker","floor":35,"turns":4},{"damage":19,"enemies":"3 Shapes","floor":37,"turns":3},{"damage":17,"enemies":"Sphere and 2 Shapes","floor":39,"turns":6},{"damage":60,"enemies":"Reptomancer","floor":42,"turns":7},{"damage":0,"enemies":"Nemesis","floor":44,"turns":1},{"damage":20,"enemies":"4 Shapes","floor":45,"turns":3},{"damage":0,"enemies":"Reptomancer","floor":47,"turns":2},{"damage":0,"enemies":"Writhing Mass","floor":48,"turns":1},{"damage":29,"enemies":"Donu and Deca","floor":50,"turns":5}],"seed_played":"-8028826152593583005","potions_obtained":[{"floor":1.0,"key":"GamblersBrew"},{"floor":5.0,"key":"AttackPotion"},{"floor":14.0,"key":"Swift Potion"},{"floor":19.0,"key":"LiquidBronze"},{"floor":21.0,"key":"LiquidBronze"}],"is_trial":false,"path_per_floor":["M","?","?","$","M","E","R","?","T","R","E","?","$","E","R","B",null,"M","M","M","M","M","E","R","E","T","$","M","?","R","E","R","B",null,"M","?","M","$","M","$","R","E","T","E","M","R","E","M","R","B",null],"character_chosen":"WATCHER","items_purchased":["MentalFortress","Orrery","Lee\u0027s Waffle"],"campfire_rested":1,"item_purchase_floors":[27,27,38],"current_hp_per_floor":[61,61,61,61,61,59,59,64,64,64,36,30,30,13,49,20,60,30,16,4,52,19,33,33,33,33,48,27,42,42,32,32,18,59,46,46,27,76,59,74,74,14,14,14,56,56,56,56,56,27],"gold":185,"neow_bonus":"THREE_ENEMY_KILL","is_daily":false,"chose_seed":false,"campfire_upgraded":8,"win_rate":0.0,"timestamp":1613830999,"path_taken":["M","?","?","$","?","E","R","?","T","R","E","?","?","E","R","BOSS","M","M","M","M","M","E","R","E","T","$","M","?","R","E","R","BOSS","BOSS","M","?","M","$","M","$","R","E","T","E","M","R","E","M","R","BOSS"],"items_purchased_type":["Card","Relic","Relic"],"build_version":"2020-12-22","purchased_purges":4,"victory":true,"max_hp_per_floor":[68,68,68,68,68,68,68,73,73,73,73,73,73,73,73,73,73,73,73,73,73,73,73,73,73,73,73,73,73,73,73,73,73,73,73,69,69,76,76,76,76,76,76,76,76,76,76,76,76,76],"card_choices":[{"not_picked":["Evaluate","Protect"],"picked":"EmptyMind","floor":1.0},{"not_picked":["Halt","EmptyBody","FlurryOfBlows"],"picked":"SKIP","floor":5.0},{"not_picked":["Tantrum","ThirdEye","Halt"],"picked":"SKIP","floor":6.0},{"not_picked":["Crescendo","FlurryOfBlows","EmptyFist"],"picked":"Adaptation","floor":11.0},{"not_picked":["DeceiveReality","Weave","Scrawl"],"picked":"SandsOfTime","floor":14.0},{"not_picked":["Omniscience","Establishment","Scrawl"],"picked":"Wish","floor":16.0},{"not_picked":["ClearTheMind","LikeWater","JustLucky"],"picked":"Prostrate+1","floor":18.0},{"not_picked":["EmptyBody","Fasting2","Consecrate"],"picked":"MentalFortress+1","floor":19.0},{"not_picked":["Indignation","EmptyFist","SashWhip","PathToVictory"],"picked":"SKIP","floor":20.0},{"not_picked":["BowlingBash","Evaluate","Protect"],"picked":"Prostrate","floor":21.0},{"not_picked":["Halt","SignatureMove","FlyingSleeves"],"picked":"Wallop","floor":22.0},{"not_picked":["SignatureMove","Prostrate+1","FearNoEvil"],"picked":"FlyingSleeves","floor":23.0},{"not_picked":["DevaForm","FollowUp","EmptyBody","CrushJoints+1"],"picked":"SKIP","floor":25.0},{"not_picked":["BattleHymn","ReachHeaven","Consecrate+1"],"picked":"Brilliance","floor":27.0},{"not_picked":["EmptyFist","PathToVictory","SashWhip"],"picked":"InnerPeace","floor":28.0},{"not_picked":["BowlingBash","FollowUp+1","PathToVictory","WreathOfFlame"],"picked":"SKIP","floor":31.0},{"not_picked":["EmptyFist","ThirdEye","EmptyBody+1"],"picked":"Prostrate+1","floor":35},{"not_picked":["PathToVictory","FlyingSleeves+1","SashWhip+1","ThirdEye"],"picked":"SKIP","floor":35},{"not_picked":["Consecrate","BattleHymn+1","JustLucky","Collect"],"picked":"SKIP","floor":37},{"not_picked":["Study","ClearTheMind","FollowUp","Fasting2"],"picked":"SKIP","floor":37},{"not_picked":["ClearTheMind+1","Sanctity","WheelKick","JustLucky"],"picked":"SKIP","floor":39},{"not_picked":["DeceiveReality","Pray","EmptyBody","PathToVictory"],"picked":"SKIP","floor":39},{"not_picked":["Scrawl","FollowUp","SashWhip","Conclude"],"picked":"SKIP","floor":42},{"not_picked":["Crescendo","Wallop+1","Vengeance","FlurryOfBlows+1"],"picked":"SKIP","floor":44},{"not_picked":["MentalFortress","SashWhip+1","Sanctity","Worship"],"picked":"SKIP","floor":45},{"not_picked":["BowlingBash","CrushJoints","Protect+1","FollowUp"],"picked":"SKIP","floor":45},{"not_picked":["Consecrate","Devotion","Fasting2","Judgement"],"picked":"SKIP","floor":47},{"not_picked":["PathToVictory+1","Meditate+1","ClearTheMind"],"picked":"Tantrum","floor":48},{"not_picked":["BowlingBash","Prostrate","Alpha"],"picked":"EmptyFist","floor":48}],"player_experience":494140,"relics_obtained":[{"floor":6.0,"key":"Matryoshka"},{"floor":9.0,"key":"Bag of Marbles"},{"floor":9.0,"key":"Question Card"},{"floor":11.0,"key":"TungstenRod"},{"floor":14.0,"key":"Regal Pillow"},{"floor":23.0,"key":"MawBank"},{"floor":25.0,"key":"Vajra"},{"floor":26.0,"key":"PreservedInsect"},{"floor":26.0,"key":"MealTicket"},{"floor":31.0,"key":"Prayer Wheel"},{"floor":42,"key":"Turnip"},{"floor":43,"key":"Pen Nib"},{"floor":44,"key":"Happy Flower"},{"floor":47,"key":"The Courier"}],"event_choices":[{"cards_removed":["Strike_P"],"damage_healed":0.0,"max_hp_gain":0.0,"max_hp_loss":0.0,"gold_gain":0.0,"event_name":"The Cleric","player_choice":"Card Removal","floor":2.0,"gold_loss":75.0,"damage_taken":0.0},{"damage_healed":0.0,"max_hp_gain":0.0,"max_hp_loss":0.0,"gold_gain":50.0,"event_name":"Golden Shrine","player_choice":"Pray","floor":3.0,"gold_loss":0.0,"damage_taken":0.0},{"damage_healed":0.0,"max_hp_gain":5.0,"max_hp_loss":0.0,"gold_gain":0.0,"event_name":"Big Fish","player_choice":"Donut","floor":8.0,"gold_loss":0.0,"damage_taken":0.0},{"cards_removed":["Defend_P"],"damage_healed":0.0,"max_hp_gain":0.0,"max_hp_loss":0.0,"gold_gain":0.0,"event_name":"Golden Wing","player_choice":"Card Removal","floor":12.0,"gold_loss":0.0,"damage_taken":7.0},{"damage_healed":15.0,"max_hp_gain":0.0,"max_hp_loss":0.0,"gold_gain":0.0,"event_name":"The Library","player_choice":"Heal","floor":29.0,"gold_loss":0.0,"damage_taken":0.0},{"damage_healed":0,"gold_gain":0,"player_choice":"Max HP","damage_taken":0,"max_hp_gain":0,"max_hp_loss":4,"event_name":"Winding Halls","floor":36,"gold_loss":0}],"is_beta":false,"boss_relics":[{"not_picked":["Runic Pyramid","Ectoplasm"],"picked":"Empty Cage"},{"not_picked":["Calling Bell","Pandora\u0027s Box"],"picked":"Philosopher\u0027s Stone"}],"items_purged_floors":[4,27,38,40],"is_endless":false,"potions_floor_spawned":[1,5,14,19,21,25,31,33,35,37,39,42],"ascension_level":16}}