{"host":"pft5kheyb7v7gger","time":1613790328,"event":{"mods":["Act Like it!","BaseMod","Downfall","Energized Spire","Gensokyo","LagranYue(¿≠∏Ò¿ °§‘¬)","Marisa£®ÏF”Í°°ƒß¿Ì…≥£©","Minty Spire (QoL Compilation)","Reimu£®≤©¿ˆ¡È√Œ£©","Replay The Spire","StSLib","The Animator","°æ“≈ŒÔø®≈∆°øREMEMod"],"gold_per_floor":[130,90,105,105,124,154,154,154,154],"floor_reached":8,"language":"ZHS","playtime":496,"items_purged":[],"score":48,"play_id":"340e3cd7-28e1-4bf9-a040-0dc86e78eaf6","local_time":"20210220110528","is_ascension_mode":false,"campfire_choices":[{"data":"animator:Aqua","floor":7,"key":"SMITH"}],"circlet_count":0,"master_deck":["animator:Strike_Konosuba","animator:Defend_Konosuba","animator:Strike","animator:Strike","animator:Strike","animator:Defend","animator:Defend","animator:Defend","animator:Kazuma","animator:Aqua+1","Enlightenment","animator:Lancer","animator:Rider","Decay","animator:Shalltear","animator:Megumin+1"],"relics":["animator:LivingPicture","animator:TheMissingPiece","REME_ComplimentaryCards","LagranYue:RandomDrawCardRelic","PaintedHorse:ReiMu"],"acts_visited":["Exordium"],"potions_floor_usage":[8,8],"damage_taken":[{"damage":1.0,"enemies":"2 Louse","floor":1.0,"turns":4.0},{"damage":5.0,"enemies":"Cultist","floor":3.0,"turns":4.0},{"damage":5,"enemies":"Small Slimes","floor":5,"turns":6},{"damage":5,"enemies":"Looter","floor":6,"turns":4},{"damage":67,"enemies":"Gremlin Nob","floor":8,"turns":8}],"seed_played":"5925661463076647301","potions_obtained":[{"floor":5,"key":"Flashbang"},{"floor":6,"key":"SpeedPotion"}],"is_trial":false,"path_per_floor":["M","?","M","?","M","M","R","E"],"character_chosen":"THE_ANIMATOR","items_purchased":[],"campfire_rested":0,"item_purchase_floors":[],"current_hp_per_floor":[71,71,68,68,65,62,62,0,0],"gold":154,"neow_bonus":"TEN_PERCENT_HP_BONUS","is_daily":false,"chose_seed":false,"campfire_upgraded":1,"win_rate":0.0,"timestamp":1613790328,"path_taken":["M","?","M","?","?","M","R","E"],"items_purchased_type":[],"build_version":"2020-12-22","purchased_purges":0,"victory":false,"max_hp_per_floor":[72,72,73,73,73,73,73,73,73],"card_choices":[{"not_picked":["animator:SakuraMatou","animator:Shion"],"picked":"animator:Lancer","floor":1.0},{"not_picked":["animator:Shion","animator:Benimaru"],"picked":"animator:Rider","floor":3.0},{"not_picked":["animator:SakuraMatou","animator:PandorasActor"],"picked":"animator:Shalltear","floor":5},{"not_picked":["animator:Aqua","animator:Verdia"],"picked":"animator:Megumin","floor":6}],"player_experience":337494,"relics_obtained":[],"event_choices":[{"damage_healed":0.0,"max_hp_gain":0.0,"max_hp_loss":0.0,"gold_gain":0.0,"event_name":"yidonshenshe","player_choice":"»˚«Æ","floor":2.0,"gold_loss":40.0,"damage_taken":0.0,"relics_obtained":["PaintedHorse:ReiMu"]},{"damage_healed":0,"gold_gain":0,"player_choice":"Cursed","damage_taken":0,"max_hp_gain":0,"max_hp_loss":0,"event_name":"Wheel of Change","floor":4,"gold_loss":0,"cards_obtained":["Decay"]}],"is_beta":false,"boss_relics":[],"items_purged_floors":[],"is_endless":false,"potions_floor_spawned":[5,6],"killed_by":"Gremlin Nob","ascension_level":0}}