{"host":"8av5he6utbys9oi5","time":1613817251,"event":{"mods":["BaseMod","Downfall","Minty Spire (QoL Compilation)","StSLib"],"gold_per_floor":[99,116,133,149,149,182,264,282,146,158,173,196,215,237,247,355,355,355,373,391,224,241,241,241,359,444,444,444,454,483,505,530,634,634,634,654,709,759,759,775,775,775,685,694,794,809,809,55,77,77],"floor_reached":51,"language":"ZHS","playtime":5946,"items_purged":["Decay","bronze:Strike","bronze:Strike","bronze:Defend"],"score":650,"play_id":"9c60cf61-df45-4d68-8c5c-bb4d1b3d58ff","local_time":"20210220183411","is_ascension_mode":false,"campfire_choices":[{"data":"bronze:Goto","floor":1.0,"key":"SMITH"},{"data":"bronze:Virus","floor":18.0,"key":"SMITH"},{"data":"bronze:Repulsor","floor":23.0,"key":"SMITH"},{"data":"bronze:Return","floor":28.0,"key":"SMITH"},{"data":"bronze:DecaBeam","floor":35.0,"key":"SMITH"},{"floor":42.0,"key":"DIG"},{"floor":47,"key":"REST"}],"circlet_count":0,"master_deck":["bronze:Defend","bronze:Defend","bronze:Replicate","bronze:Goto+1","bronze:WhirlingStrike","bronze:Safeguard","bronze:DigitalCarnage","bronze:Virus+1","bronze:CutThrough","bronze:FineTuning","bronze:Turbo","bronze:Shell","bronze:Return+1","bronze:Backtrace","bronze:CutThrough","bronze:Verify","bronze:Philosophize+1","bronze:Repulsor+1","bronze:DecaBeam+1","bronze:BronzeArmor+1","bronze:Turbo+1","bronze:ClassDefault","bronze:Boost","bronze:Format","bronze:FollowUp+1","Deep Breath","bronze:Shell","expansioncontent:InvincibleStrength","bronze:Optimize","bronze:MaxOutput+1"],"relics":["bronze:PlatinumCore","Blood Vial","bronze:CableSpool","CeramicFish","Toy Ornithopter","Busted Crown","Shovel","Thread and Needle","HornCleat","Oddly Smooth Stone","Bronze Scales","White Beast Statue","Mummified Hand","Bag of Marbles","Lee\u0027s Waffle"],"acts_visited":["Exordium","TheCity","TheBeyond"],"potions_floor_usage":[50,50],"damage_taken":[{"damage":0.0,"enemies":"Cultist","floor":2.0,"turns":4.0},{"damage":1.0,"enemies":"2 Louse","floor":3.0,"turns":3.0},{"damage":9.0,"enemies":"Jaw Worm","floor":4.0,"turns":4.0},{"damage":17.0,"enemies":"Gremlin Nob","floor":6.0,"turns":4.0},{"damage":0.0,"enemies":"Blue Slaver","floor":8.0,"turns":1.0},{"damage":10.0,"enemies":"downfall:FleeingMerchant","floor":9.0,"turns":4.0},{"damage":0.0,"enemies":"Exordium Wildlife","floor":10.0,"turns":1.0},{"damage":0.0,"enemies":"2 Fungi Beasts","floor":11.0,"turns":1.0},{"damage":5.0,"enemies":"downfall:LooterAlt","floor":13.0,"turns":2.0},{"damage":0.0,"enemies":"Large Slime","floor":14.0,"turns":3.0},{"damage":5.0,"enemies":"Exordium Thugs","floor":15.0,"turns":2.0},{"damage":29.0,"enemies":"DF_ARCHETYPE_STREAMLINE","floor":16.0,"turns":5.0},{"damage":0.0,"enemies":"Chosen","floor":19.0,"turns":4.0},{"damage":0.0,"enemies":"3 Byrds","floor":20.0,"turns":5.0},{"damage":0.0,"enemies":"downfall:FleeingMerchant","floor":21.0,"turns":4.0},{"damage":7.0,"enemies":"Shelled Parasite and Fungi","floor":22.0,"turns":2.0},{"damage":2.0,"enemies":"Shelled Parasite and Fungi","floor":25.0,"turns":6.0},{"damage":0.0,"enemies":"Slavers","floor":27.0,"turns":1.0},{"damage":0.0,"enemies":"Centurion and Healer","floor":29.0,"turns":5.0},{"damage":0.0,"enemies":"Snake Plant","floor":30.0,"turns":4.0},{"damage":0.0,"enemies":"Cultist and Chosen","floor":31.0,"turns":5.0},{"damage":0.0,"enemies":"Snecko","floor":32.0,"turns":6.0},{"damage":37.0,"enemies":"WA_ARCHETYPE_CALM","floor":33.0,"turns":8.0},{"damage":43.0,"enemies":"3 Shapes","floor":36.0,"turns":2.0},{"damage":10.0,"enemies":"2 Orb Walkers","floor":37.0,"turns":3.0},{"damage":0.0,"enemies":"2 Orb Walkers","floor":38.0,"turns":3.0},{"damage":6.0,"enemies":"Orb Walker","floor":40.0,"turns":3.0},{"damage":0.0,"enemies":"downfall:FleeingMerchant","floor":43.0,"turns":4.0},{"damage":0,"enemies":"downfall:LadyInBlue","floor":45,"turns":11},{"damage":0,"enemies":"3 Darklings","floor":46,"turns":2},{"damage":20,"enemies":"Jaw Worm Horde","floor":49,"turns":6},{"damage":1,"enemies":"IC_BLOCK_ARCHETYPE","floor":50,"turns":10}],"seed_played":"-4182258399658646204","potions_obtained":[{"floor":2.0,"key":"CultistPotion"},{"floor":6.0,"key":"PowerPotion"},{"floor":8.0,"key":"FearPotion"},{"floor":16.0,"key":"SmokeBomb"},{"floor":19.0,"key":"Block Potion"},{"floor":25.0,"key":"GamblersBrew"},{"floor":29.0,"key":"GamblersBrew"},{"floor":32.0,"key":"Fire Potion"},{"floor":40.0,"key":"bronze:FreeFunctionsPotion"},{"floor":45,"key":"Fire Potion"},{"floor":45,"key":"Slimebound:ThreeZeroPotion"},{"floor":45,"key":"Block Potion"}],"is_trial":false,"path_per_floor":["R","M","M","M","?","E","T","M","$","M","M","T","M","M","M","B",null,"R","M","M","$","M","R","T","?","?","E","R","M","M","M","M","B",null,"R","M","?","?","?","M","T","R","$","?","?","M","R","$","M","B",null],"character_chosen":"THE_AUTOMATON","items_purchased":["bronze:Turbo","bronze:Repulsor","Deep Breath","bronze:Shell","Bronze Scales","bronze:Optimize","Mummified Hand","Bag of Marbles","Lee\u0027s Waffle"],"campfire_rested":1,"item_purchase_floors":[9,21,43,43,43,48,48,48,48],"current_hp_per_floor":[77,77,76,67,67,50,50,52,44,46,48,48,45,47,44,17,77,77,77,77,77,70,70,70,75,61,68,68,70,77,77,77,45,77,77,39,36,38,38,34,34,34,36,31,33,35,58,84,64,75],"gold":77,"neow_bonus":"TEN_PERCENT_HP_BONUS","is_daily":false,"chose_seed":false,"campfire_upgraded":5,"win_rate":0.0,"timestamp":1613817251,"path_taken":["R","M","?","M","?","E","T","M","?","M","M","?","M","M","M","BOSS","R","M","M","$","M","R","T","?","?","E","R","M","M","M","M","BOSS","R","M","?","?","?","?","T","R","$","?","?","M","R","$","M","BOSS"],"items_purchased_type":["Card","Card","Card","Card","Relic","Card","Relic","Relic","Relic"],"build_version":"2020-12-22","purchased_purges":4,"victory":true,"max_hp_per_floor":[77,77,77,77,77,77,77,77,77,77,77,77,77,77,77,77,77,77,77,77,77,77,77,77,77,77,77,77,77,77,77,77,77,77,77,77,77,77,77,77,77,77,77,77,77,77,77,84,84,84],"card_choices":[{"not_picked":["bronze:ForLoop","bronze:WildBeam"],"picked":"bronze:WhirlingStrike","floor":2.0},{"not_picked":["bronze:Optimize","bronze:OilSpill"],"picked":"bronze:Safeguard","floor":3.0},{"not_picked":["bronze:Optimize","bronze:WhirlingStrike"],"picked":"bronze:DigitalCarnage","floor":4.0},{"not_picked":["bronze:OilSpill","bronze:Return"],"picked":"bronze:Virus","floor":6.0},{"not_picked":["bronze:BitShift","bronze:Flail"],"picked":"bronze:CutThrough","floor":8.0},{"not_picked":["bronze:BurnOut","bronze:CutThrough"],"picked":"bronze:FineTuning","floor":9.0},{"not_picked":["bronze:DelayedSlice","bronze:Branch"],"picked":"bronze:Shell","floor":10.0},{"not_picked":["bronze:Deprecate","bronze:ClassDefault"],"picked":"bronze:Return","floor":11.0},{"not_picked":["bronze:Return","bronze:GetLatest"],"picked":"bronze:Backtrace","floor":13.0},{"not_picked":["bronze:OilSpill","bronze:Optimize"],"picked":"bronze:CutThrough","floor":14.0},{"not_picked":["bronze:BugBarrage","bronze:BuggyMess","bronze:Overheat"],"picked":"SKIP","floor":15.0},{"not_picked":["bronze:Assembly","bronze:RecursiveStrike"],"picked":"bronze:Verify","floor":16.0},{"not_picked":["bronze:WhirlingStrike","bronze:Backtrace","bronze:DigitalCarnage+1"],"picked":"SKIP","floor":19.0},{"not_picked":["bronze:BitShift","bronze:Branch","bronze:DelayedSlice+1"],"picked":"SKIP","floor":20.0},{"not_picked":["bronze:ForLoop+1","bronze:Overheat"],"picked":"bronze:Philosophize+1","floor":21.0},{"not_picked":["bronze:BuggyMess","bronze:Repulsor","bronze:FineTuning"],"picked":"SKIP","floor":22.0},{"not_picked":[],"picked":"bronze:DecaBeam","floor":25.0},{"not_picked":["bronze:Repulsor","bronze:Invalidate"],"picked":"bronze:BronzeArmor+1","floor":25.0},{"not_picked":["bronze:Return","bronze:CutThrough+1","bronze:NullPointer+1"],"picked":"SKIP","floor":29.0},{"not_picked":["bronze:Repair+1","bronze:WildBeam"],"picked":"bronze:Turbo+1","floor":30.0},{"not_picked":["bronze:BuggyMess","bronze:Iterate"],"picked":"bronze:ClassDefault","floor":31.0},{"not_picked":["bronze:ClassDefault+1","bronze:Allocate"],"picked":"bronze:Boost","floor":32.0},{"not_picked":["bronze:BurnOut","bronze:Mutator"],"picked":"bronze:Format","floor":33.0},{"not_picked":[],"picked":"bronze:FollowUp+1","floor":36.0},{"not_picked":["bronze:WhirlingStrike"],"picked":"SKIP","floor":40.0},{"not_picked":["bronze:NullPointer+1"],"picked":"SKIP","floor":43.0},{"not_picked":["expansioncontent:PolyBeam","expansioncontent:GuardianWhirl"],"picked":"expansioncontent:InvincibleStrength","floor":44},{"not_picked":["bronze:Frontload"],"picked":"SKIP","floor":46},{"not_picked":["bronze:MaxOutput+1"],"picked":"SKIP","floor":49},{"not_picked":[],"picked":"bronze:MaxOutput+1","floor":49}],"player_experience":207419,"relics_obtained":[{"floor":6.0,"key":"Blood Vial"},{"floor":7.0,"key":"bronze:CableSpool"},{"floor":12.0,"key":"CeramicFish"},{"floor":24.0,"key":"Toy Ornithopter"},{"floor":37.0,"key":"Shovel"},{"floor":38.0,"key":"Thread and Needle"},{"floor":41.0,"key":"HornCleat"},{"floor":42.0,"key":"Oddly Smooth Stone"},{"floor":45,"key":"White Beast Statue"}],"event_choices":[{"damage_healed":0.0,"max_hp_gain":0.0,"max_hp_loss":0.0,"gold_gain":0.0,"event_name":"Mysterious Sphere","player_choice":"Fight","floor":37.0,"gold_loss":0.0,"damage_taken":0.0},{"damage_healed":0.0,"max_hp_gain":0.0,"max_hp_loss":0.0,"gold_gain":0.0,"event_name":"NoteForYourself","player_choice":"Ignored","floor":39.0,"gold_loss":0.0,"damage_taken":0.0}],"is_beta":false,"boss_relics":[{"not_picked":["Velvet Choker","bronze:MakeshiftBattery"],"picked":"bronze:PlatinumCore"},{"not_picked":["Coffee Dripper","SacredBark"],"picked":"Busted Crown"}],"items_purged_floors":[9,21,43,48],"is_endless":false,"potions_floor_spawned":[2,6,8,11,14,15,16,19,20,25,27,29,32,40,45,46,49],"ascension_level":0}}