{"host":"f9ntswufr8mq3t4y","time":1613847480,"event":{"mods":["AchievementEnabler","BaseMod","Best Route Mod","Block Reminder","Colored Map","Colored Powertips","Curses Come First","DeckTracker","Displayed Cursed Tome","Highlight Path","Minty Spire (QoL Compilation)","Permanent Neow","Quick Restart","Slay-I","StSLib"],"gold_per_floor":[14,28,47,64,64,64,13,34,60,75,75,95,95,125,125,245,245,245],"floor_reached":17,"language":"ENG","playtime":685,"items_purged":[],"score":186,"play_id":"6eaf1dbc-86c2-4e4c-a260-0ab588c0bbbc","local_time":"20210220215800","is_ascension_mode":true,"campfire_choices":[{"data":"Eruption","floor":6.0,"key":"SMITH"},{"data":"LikeWater","floor":11.0,"key":"SMITH"},{"floor":13.0,"key":"REST"},{"data":"Vigilance","floor":15.0,"key":"SMITH"}],"circlet_count":0,"master_deck":["Strike_P","Strike_P","Strike_P","Strike_P","Defend_P","Defend_P","Defend_P","Defend_P","Eruption+1","Vigilance+1","EmptyFist","SashWhip","Consecrate","LikeWater+1","Vengeance","LessonLearned","CurseOfTheBell"],"relics":["PureWater","Thread and Needle","Golden Idol","Tiny Chest","Calling Bell","Centennial Puzzle","Gremlin Horn","GoldenEye"],"acts_visited":["Exordium","TheCity"],"potions_floor_usage":[],"damage_taken":[{"damage":0.0,"enemies":"Small Slimes","floor":1.0,"turns":6.0},{"damage":0.0,"enemies":"2 Louse","floor":2.0,"turns":2.0},{"damage":0.0,"enemies":"Cultist","floor":3.0,"turns":4.0},{"damage":0.0,"enemies":"2 Fungi Beasts","floor":4.0,"turns":3.0},{"damage":0.0,"enemies":"Looter","floor":8.0,"turns":2.0},{"damage":0.0,"enemies":"3 Louse","floor":10.0,"turns":3.0},{"damage":5.0,"enemies":"Blue Slaver","floor":12.0,"turns":4.0},{"damage":60,"enemies":"Slime Boss","floor":16,"turns":10}],"seed_played":"2872852405378343846","potions_obtained":[{"floor":3.0,"key":"BlessingOfTheForge"},{"floor":4.0,"key":"BottledMiracle"}],"is_trial":false,"path_per_floor":["M","M","M","M","?","R","$","M","T","M","R","M","R","?","R","B",null],"character_chosen":"WATCHER","items_purchased":["PowerPotion"],"campfire_rested":1,"item_purchase_floors":[7],"current_hp_per_floor":[72,72,72,72,54,54,54,54,54,54,54,49,70,70,70,10,57,57],"gold":245,"neow_bonus":"ONE_RARE_RELIC","is_daily":false,"chose_seed":false,"campfire_upgraded":3,"win_rate":0.0,"timestamp":1613847480,"path_taken":["M","M","M","M","?","R","$","M","T","M","R","M","R","?","R","BOSS"],"items_purchased_type":["Potion"],"build_version":"2020-12-22","purchased_purges":0,"victory":false,"max_hp_per_floor":[72,72,72,72,72,72,72,72,72,72,72,72,72,72,72,72,72,72],"card_choices":[{"not_picked":["Halt","WindmillStrike"],"picked":"EmptyFist","floor":1.0},{"not_picked":["MentalFortress","JustLucky","WheelKick"],"picked":"SKIP","floor":2.0},{"not_picked":["CutThroughFate","FollowUp"],"picked":"SashWhip","floor":3.0},{"not_picked":["Pray","ClearTheMind"],"picked":"Consecrate","floor":4.0},{"not_picked":["EmptyBody","Pray"],"picked":"LikeWater","floor":8.0},{"not_picked":["Adaptation","Halt","Omniscience"],"picked":"SKIP","floor":10.0},{"not_picked":["BowlingBash","Worship"],"picked":"Vengeance","floor":12.0},{"not_picked":["Omniscience","SpiritShield"],"picked":"LessonLearned","floor":16}],"player_experience":454194,"relics_obtained":[{"floor":9.0,"key":"Tiny Chest"},{"floor":17,"key":"Centennial Puzzle"},{"floor":17,"key":"Gremlin Horn"},{"floor":17,"key":"GoldenEye"}],"event_choices":[{"damage_healed":0.0,"max_hp_gain":0.0,"max_hp_loss":0.0,"gold_gain":0.0,"event_name":"Golden Idol","player_choice":"Take Damage","floor":5.0,"gold_loss":0.0,"damage_taken":18.0,"relics_obtained":["Golden Idol"]},{"damage_healed":0.0,"max_hp_gain":0.0,"max_hp_loss":0.0,"gold_gain":30.0,"event_name":"Dead Adventurer","player_choice":"Searched \u00271\u0027 times","floor":14.0,"gold_loss":0.0,"damage_taken":0.0}],"is_beta":false,"boss_relics":[{"not_picked":["Astrolabe","Tiny House"],"picked":"Calling Bell"}],"items_purged_floors":[],"is_endless":false,"potions_floor_spawned":[3,4,12,16],"ascension_level":5}}