{"host":"dkr0dog13pegamnp","time":1613817473,"event":{"mods":["AchievementEnabler","BaseMod","Minty Spire (QoL Compilation)","Rare Cards Sparkle","StSLib","SuperFastMode","everything is the same but u backflip on backflip"],"gold_per_floor":[110,110,126,137,152,152,152],"floor_reached":6,"language":"KOR","playtime":231,"items_purged":[],"score":59,"play_id":"7f471b68-1279-4726-b160-532a074a8ace","local_time":"20210220193753","is_ascension_mode":true,"campfire_choices":[],"circlet_count":0,"master_deck":["AscendersBane","Strike_G","Strike_G","Strike_G","Strike_G","Strike_G","Defend_G","Defend_G","Defend_G","Defend_G","Defend_G","Survivor","Neutralize","Dagger Throw","Accuracy+1","Bullet Time","Underhanded Strike"],"relics":["Ring of the Snake"],"acts_visited":["Exordium"],"potions_floor_usage":[6],"damage_taken":[{"damage":9,"enemies":"Cultist","floor":1,"turns":5},{"damage":1,"enemies":"2 Louse","floor":3,"turns":3},{"damage":1,"enemies":"Small Slimes","floor":4,"turns":6},{"damage":11,"enemies":"2 Fungi Beasts","floor":5,"turns":5},{"damage":42,"enemies":"3 Sentries","floor":6,"turns":10}],"seed_played":"3785793904921507929","potions_obtained":[{"floor":1,"key":"AttackPotion"},{"floor":3,"key":"Ancient Potion"}],"is_trial":false,"path_per_floor":["M","?","M","M","M","E"],"character_chosen":"THE_SILENT","items_purchased":[],"campfire_rested":0,"item_purchase_floors":[],"current_hp_per_floor":[54,54,53,52,41,0,0],"gold":152,"neow_bonus":"THREE_CARDS","is_daily":false,"chose_seed":false,"campfire_upgraded":0,"win_rate":0.0,"timestamp":1613817473,"path_taken":["M","?","M","M","M","E"],"items_purchased_type":[],"build_version":"2020-12-22","purchased_purges":0,"victory":false,"max_hp_per_floor":[70,70,70,70,70,70,70],"card_choices":[{"not_picked":["PiercingWail","Sucker Punch"],"picked":"Dagger Throw","floor":0},{"not_picked":["Poisoned Stab","Underhanded Strike"],"picked":"Accuracy","floor":1},{"not_picked":["Sucker Punch","Deflect","PiercingWail"],"picked":"SKIP","floor":3},{"not_picked":["Dodge and Roll","Skewer"],"picked":"Bullet Time","floor":4},{"not_picked":["Bane","Underhanded Strike","Setup"],"picked":"SKIP","floor":5},{"not_picked":["Bane","Setup"],"picked":"Underhanded Strike","floor":5}],"player_experience":70575,"relics_obtained":[],"event_choices":[{"damage_healed":0,"gold_gain":0,"player_choice":"Forge","damage_taken":0,"max_hp_gain":0,"max_hp_loss":0,"event_name":"Accursed Blacksmith","floor":2,"gold_loss":0,"cards_upgraded":["Accuracy"]}],"is_beta":false,"boss_relics":[],"items_purged_floors":[],"is_endless":false,"potions_floor_spawned":[1,3],"killed_by":"3 Sentries","ascension_level":11}}