{"host":"v86vpwf004p2esb7","time":1613795400,"event":{"mods":["AchievementEnabler","BaseMod","BetterRewards","Colored Powertips","Minty Spire (QoL Compilation)","Quick Restart","StSLib","Transform Curses"],"gold_per_floor":[110,110,110,128,148,179,194,194,194],"floor_reached":8,"language":"ENG","playtime":368,"items_purged":[],"score":73,"play_id":"b6e53f72-cf4e-4248-9360-6650531079ba","local_time":"20210219203000","is_ascension_mode":true,"campfire_choices":[],"circlet_count":0,"master_deck":["Strike_R","Strike_R","Strike_R","Strike_R","Strike_R","Defend_R","Defend_R","Defend_R","Defend_R","Bash","Bandage Up","Inflame","Flex","Spot Weakness","Spot Weakness","Ghostly Armor","Rampage","Seeing Red","Armaments"],"relics":["Burning Blood","Lee\u0027s Waffle","Pen Nib","Membership Card","Calipers","Lantern","Golden Idol","Dead Branch"],"acts_visited":["Exordium"],"potions_floor_usage":[8],"damage_taken":[{"damage":0,"enemies":"Small Slimes","floor":1,"turns":2},{"damage":0,"enemies":"2 Louse","floor":4,"turns":2},{"damage":6,"enemies":"Cultist","floor":5,"turns":4},{"damage":40,"enemies":"Gremlin Nob","floor":6,"turns":4},{"damage":15,"enemies":"Lots of Slimes","floor":7,"turns":5},{"damage":10,"enemies":"3 Sentries","floor":8,"turns":3}],"seed_played":"-6276826578869182118","potions_obtained":[{"floor":6,"key":"SmokeBomb"},{"floor":7,"key":"Explosive Potion"}],"is_trial":false,"path_per_floor":["M","?","?","M","M","E","M","E"],"character_chosen":"IRONCLAD","items_purchased":["Bandage Up","Lee\u0027s Waffle","Pen Nib","Inflame","Flex","Membership Card","Calipers","Lantern","Spot Weakness"],"campfire_rested":0,"item_purchase_floors":[0,0,0,0,0,0,0,0,0],"current_hp_per_floor":[87,66,66,72,76,42,37,31,31],"gold":194,"neow_bonus":"","is_daily":false,"chose_seed":false,"campfire_upgraded":0,"win_rate":0.0,"timestamp":1613795400,"path_taken":["M","?","?","?","M","E","M","E"],"items_purchased_type":["Card","Relic","Relic","Card","Card","Relic","Relic","Relic","Card"],"build_version":"2020-12-22","purchased_purges":0,"victory":false,"max_hp_per_floor":[87,87,87,87,87,87,87,87,87],"card_choices":[{"not_picked":["Twin Strike","Perfected Strike"],"picked":"Spot Weakness","floor":1},{"not_picked":["Spot Weakness","Clash"],"picked":"Ghostly Armor","floor":4},{"not_picked":["Heavy Blade","Spot Weakness"],"picked":"Rampage","floor":5},{"not_picked":["Wild Strike","Thunderclap"],"picked":"Seeing Red","floor":6},{"not_picked":["Shrug It Off","Havoc"],"picked":"Armaments","floor":7}],"player_experience":305877,"relics_obtained":[{"floor":6,"key":"Dead Branch"}],"event_choices":[{"damage_healed":0,"gold_gain":0,"player_choice":"Take Damage","damage_taken":21,"relics_obtained":["Golden Idol"],"max_hp_gain":0,"max_hp_loss":0,"event_name":"Golden Idol","floor":2,"gold_loss":0},{"damage_healed":0,"gold_gain":0,"player_choice":"Ignored","damage_taken":0,"max_hp_gain":0,"max_hp_loss":0,"event_name":"Transmorgrifier","floor":3,"gold_loss":0}],"is_beta":false,"boss_relics":[],"items_purged_floors":[],"is_endless":false,"potions_floor_spawned":[6,7],"killed_by":"3 Sentries","ascension_level":5}}