{"host":"a4s27ghlnr83kbqz","time":1613815455,"event":{"mods":["AchievementEnabler","BaseMod","Colored Map","Minty Spire (QoL Compilation)","Permanent Neow","SuperFastMode"],"gold_per_floor":[368,368,388,109,125,157,169,195,207,23,23,35,61,80,80,155,155,174,74,74,93,112,112,112,112],"floor_reached":24,"language":"KOR","playtime":487,"items_purged":["Injury","Strike_G"],"score":343,"play_id":"759fc2a0-ea6e-47d9-8898-73a8416735be","local_time":"20210220190415","is_ascension_mode":true,"campfire_choices":[{"data":"Blade Dance","floor":7,"key":"SMITH"},{"floor":11,"key":"REST"},{"floor":15,"key":"REST"},{"floor":23,"key":"REST"}],"circlet_count":0,"master_deck":["AscendersBane","Strike_G","Strike_G","Strike_G","Strike_G","Defend_G","Defend_G","Defend_G","Defend_G","Defend_G","Survivor","Neutralize","Blade Dance+1","Dagger Spray","Grand Finale","A Thousand Cuts","Well Laid Plans","Backflip","Acrobatics","Accuracy","Finisher+1","Backstab+1","Tactician"],"relics":["Ring of the Snake","MawBank","Regal Pillow","Orrery","Molten Egg 2","Cursed Key"],"acts_visited":["Exordium","TheCity"],"potions_floor_usage":[6,18,22,24],"damage_taken":[{"damage":10,"enemies":"2 Louse","floor":1,"turns":3},{"damage":0,"enemies":"Cultist","floor":3,"turns":4},{"damage":1,"enemies":"Jaw Worm","floor":5,"turns":3},{"damage":15,"enemies":"3 Sentries","floor":6,"turns":5},{"damage":7,"enemies":"Looter","floor":8,"turns":4},{"damage":4,"enemies":"Lots of Slimes","floor":12,"turns":2},{"damage":38,"enemies":"Gremlin Nob","floor":13,"turns":5},{"damage":5,"enemies":"Red Slaver","floor":14,"turns":3},{"damage":18,"enemies":"Slime Boss","floor":16,"turns":6},{"damage":17,"enemies":"2 Thieves","floor":18,"turns":4},{"damage":5,"enemies":"Shell Parasite","floor":21,"turns":4},{"damage":21,"enemies":"Snecko","floor":22,"turns":4},{"damage":43,"enemies":"Snake Plant","floor":24,"turns":4}],"seed_played":"4076589758658641958","potions_obtained":[{"floor":3,"key":"BlessingOfTheForge"},{"floor":12,"key":"SkillPotion"},{"floor":13,"key":"Swift Potion"},{"floor":18,"key":"AttackPotion"}],"is_trial":false,"path_per_floor":["M","?","M","$","M","E","R","M","T","$","R","M","E","M","R","B",null,"M","$","?","M","M","R","M"],"character_chosen":"THE_SILENT","items_purchased":["Grand Finale","A Thousand Cuts","Acrobatics","Orrery"],"campfire_rested":3,"item_purchase_floors":[4,4,10,10],"current_hp_per_floor":[53,46,46,46,45,30,30,23,23,23,59,55,17,12,48,30,60,43,43,30,25,4,41,0,0],"gold":112,"neow_bonus":"TWO_FIFTY_GOLD","is_daily":false,"chose_seed":false,"campfire_upgraded":1,"win_rate":0.0,"timestamp":1613815455,"path_taken":["M","?","M","$","M","E","R","?","T","$","R","M","E","M","R","BOSS","M","$","?","M","M","R","M"],"items_purchased_type":["Card","Card","Card","Relic"],"build_version":"2020-12-22","purchased_purges":2,"victory":false,"max_hp_per_floor":[70,70,70,70,70,70,70,70,70,70,70,70,70,70,70,70,70,70,70,75,75,75,75,75,75],"card_choices":[{"not_picked":["Underhanded Strike","Bane"],"picked":"Blade Dance","floor":1},{"not_picked":["Endless Agony","Dodge and Roll"],"picked":"Dagger Spray","floor":3},{"not_picked":["Distraction","Dagger Spray"],"picked":"Well Laid Plans","floor":5},{"not_picked":["Distraction","Blade Dance","Deadly Poison"],"picked":"SKIP","floor":6},{"not_picked":["Riddle With Holes","Blur"],"picked":"Backflip","floor":8},{"not_picked":["Envenom","Underhanded Strike"],"picked":"Accuracy","floor":10},{"not_picked":["Masterful Stab","Quick Slash","Well Laid Plans"],"picked":"SKIP","floor":12},{"not_picked":["Slice+1","Quick Slash+1"],"picked":"Finisher+1","floor":13},{"not_picked":["Skewer+1","Dash+1"],"picked":"Backstab+1","floor":14},{"not_picked":["Expertise","Slice+1","Sucker Punch+1"],"picked":"SKIP","floor":18},{"not_picked":["Slice+1","Endless Agony+1","Bane+1"],"picked":"SKIP","floor":21},{"not_picked":["Skewer+1","Riddle With Holes+1"],"picked":"Tactician","floor":22}],"player_experience":1142635,"relics_obtained":[{"floor":6,"key":"MawBank"},{"floor":9,"key":"Regal Pillow"},{"floor":13,"key":"Molten Egg 2"}],"event_choices":[{"damage_healed":0,"gold_gain":0,"player_choice":"Damaged","damage_taken":7,"max_hp_gain":0,"max_hp_loss":0,"event_name":"Wheel of Change","floor":2,"gold_loss":0},{"damage_healed":0,"gold_gain":0,"player_choice":"Shed Blood","damage_taken":18,"max_hp_gain":5,"max_hp_loss":0,"event_name":"Forgotten Altar","floor":20,"gold_loss":0}],"is_beta":false,"boss_relics":[{"not_picked":["Snecko Eye","Astrolabe"],"picked":"Cursed Key"}],"items_purged_floors":[4,19],"is_endless":false,"potions_floor_spawned":[3,12,13,18],"killed_by":"Snake Plant","ascension_level":13}}