{"host":"lxihx0b6awoz2w1j","time":1613861120,"event":{"mods":["BaseMod","Better Third Choice","BetterRewards","CapriCore","Colored Powertips","Conspire","Downfall","Fox Events","Hubris","Infinite Spire","Melee Mod","Minty Spire (QoL Compilation)","Permanent Neow","Quick Restart","Relic Stats","Reliquary","Replay The Spire","Spicy Shops","StSLib","The Alterego","The Blue Laboratory","The Death Knight","The Forsaken","The Jungle","Waifu the Spire"],"gold_per_floor":[111,286,306,306,323,350,350,365,392,237,250,250,250,268,268,268,268],"floor_reached":16,"language":"ENG","playtime":723,"items_purged":[],"score":112,"play_id":"45fc9987-814e-4d79-b06e-bdd8c9c209d2","local_time":"20210220234520","is_ascension_mode":true,"campfire_choices":[{"floor":7.0,"key":"REST"},{"floor":13.0,"key":"REST"},{"floor":15,"key":"DIG"}],"circlet_count":0,"master_deck":["DeathKnight:Strike_DeathKnight","DeathKnight:Strike_DeathKnight","DeathKnight:Strike_DeathKnight","DeathKnight:Strike_DeathKnight","DeathKnight:Strike_DeathKnight+1","DeathKnight:Defend_DeathKnight","DeathKnight:Defend_DeathKnight","DeathKnight:Defend_DeathKnight","DeathKnight:Defend_DeathKnight","DeathKnight:Defend_DeathKnight","DeathKnight:RuneTap","DeathKnight:RuneStrike","DeathKnight:BludPresence","DeathKnight:BloodBoil","DeathKnight:Obliterate+1","DeathKnight:DeathCoil","DeathKnight:RuneShock","DeathKnight:GargoyleSkin","DeathKnight:DancingRuneblade","DeathKnight:BludPresence","DeathKnight:BloodTap","DeathKnight:GargoyleSkin"],"relics":["DeathKnight:BrokenRuneblade","DeathKnight:HelmOfDomination","Replay:Wax Seal","Whetstone","Regal Pillow","Anchor","Bronze Scales"],"acts_visited":["Exordium"],"potions_floor_usage":[16],"damage_taken":[{"damage":4.0,"enemies":"Jaw Worm","floor":1.0,"turns":3.0},{"damage":2.0,"enemies":"Small Slimes","floor":3.0,"turns":4.0},{"damage":7.0,"enemies":"Cultist","floor":5.0,"turns":5.0},{"damage":6.0,"enemies":"Lagavulin","floor":6.0,"turns":7.0},{"damage":43.0,"enemies":"Gremlin Gang","floor":8.0,"turns":7.0},{"damage":15.0,"enemies":"Exordium Thugs","floor":11.0,"turns":6.0},{"damage":13,"enemies":"Exordium Wildlife","floor":14,"turns":5},{"damage":40,"enemies":"Slime Boss","floor":16,"turns":7}],"seed_played":"-5733780276125079201","potions_obtained":[{"floor":3.0,"key":"AttackPotion"},{"floor":6.0,"key":"Dexterity Potion"},{"floor":8.0,"key":"blueLaboratory:FruitPunch"}],"is_trial":false,"path_per_floor":["M","?","M","?","M","E","R","M","T","$","M","T","R","M","R","B"],"character_chosen":"DEATH_KNIGHT","items_purchased":["DeathKnight:HelmOfDomination","DeathKnight:BludPresence","DeathKnight:BloodBoil","DeathKnight:Obliterate","Regal Pillow"],"campfire_rested":2,"item_purchase_floors":[0,0,0,0,10],"current_hp_per_floor":[63,63,61,61,54,48,70,27,27,27,12,12,49,36,36,0,0],"gold":268,"neow_bonus":"","is_daily":false,"chose_seed":false,"campfire_upgraded":0,"win_rate":0.0,"timestamp":1613861120,"path_taken":["M","?","M","?","?","E","R","M","T","$","?","?","R","M","R","BOSS"],"items_purchased_type":["Relic","Card","Card","Card","Relic"],"build_version":"2020-12-22","purchased_purges":0,"victory":false,"max_hp_per_floor":[75,75,75,75,75,75,75,75,75,75,75,75,75,75,75,77,77],"relic_stats":{"Regal Pillow":15,"counters":[51,252],"Bronze Scales":[6],"Whetstone":["DeathKnight:Strike_DeathKnight","DeathKnight:Obliterate"],"obtain_stats":[{"ReplayFunnel":14,"Regal Pillow":0,"Calipers":0,"reliquary:PartyBalloon":0,"reliquary:Aerogel":42,"reliquary:BoilingFlask":19,"Replay:Multitool":0,"Whetstone":9,"DeathKnight:PreciousRibbon":13,"PrismaticShard":4,"theForsaken:HumbleEgg":0,"reliquary:HotPoker":47,"Chameleon Ring":51,"Sundial":43,"Red Mask":20,"reliquary:FingerTrap":8,"DeathKnight:HelmOfDomination":0,"infinitespire:Eraser":9,"Replay:Wax Seal":6,"DeathKnight:BrokenRuneblade":0,"Potion Belt":26,"DeathKnight:LanathelsBloodyNail":23,"hubris:DisguiseKit":0,"Lee\u0027s Waffle":22,"reliquary:Sideboard":10,"Oddly Smooth Stone":29,"Omamori":19,"War Paint":7,"Frozen Egg 2":9,"reliquary:IridiumChain":26,"Du-Vu Doll":37,"SlaversCollar":34,"conspire:GiftBox":19,"CaptainsWheel":41,"Anchor":12,"Ornamental Fan":25,"DeathKnight:TomeOfBloodSpecialization":28,"Bronze Scales":15,"infinitespire:Satchel":7,"ChewingGum":17,"Onion Ring":0,"foxEvents:LuckyCharm":2,"Art of War":19,"infinitespire:Cupcake":17},{"ReplayFunnel":35,"Regal Pillow":26,"Calipers":26,"reliquary:PartyBalloon":0,"reliquary:Aerogel":23,"reliquary:BoilingFlask":37,"Replay:Multitool":26,"Whetstone":48,"DeathKnight:PreciousRibbon":7,"PrismaticShard":29,"theForsaken:HumbleEgg":0,"reliquary:HotPoker":24,"Chameleon Ring":25,"Sundial":23,"Red Mask":11,"reliquary:FingerTrap":5,"DeathKnight:HelmOfDomination":43,"infinitespire:Eraser":5,"Replay:Wax Seal":47,"DeathKnight:BrokenRuneblade":0,"Potion Belt":41,"DeathKnight:LanathelsBloodyNail":13,"hubris:DisguiseKit":26,"Lee\u0027s Waffle":12,"reliquary:Sideboard":32,"Oddly Smooth Stone":15,"Omamori":37,"War Paint":31,"Frozen Egg 2":31,"reliquary:IridiumChain":14,"Du-Vu Doll":19,"SlaversCollar":18,"conspire:GiftBox":10,"CaptainsWheel":22,"Anchor":49,"Ornamental Fan":14,"DeathKnight:TomeOfBloodSpecialization":41,"Bronze Scales":50,"infinitespire:Satchel":5,"ChewingGum":9,"Onion Ring":26,"foxEvents:LuckyCharm":28,"Art of War":37,"infinitespire:Cupcake":36},{"ReplayFunnel":153,"Regal Pillow":103,"Calipers":103,"reliquary:PartyBalloon":0,"reliquary:Aerogel":89,"reliquary:BoilingFlask":170,"Replay:Multitool":103,"Whetstone":234,"DeathKnight:PreciousRibbon":22,"PrismaticShard":116,"theForsaken:HumbleEgg":0,"reliquary:HotPoker":93,"Chameleon Ring":98,"Sundial":89,"Red Mask":39,"reliquary:FingerTrap":14,"DeathKnight:HelmOfDomination":208,"infinitespire:Eraser":14,"Replay:Wax Seal":227,"DeathKnight:BrokenRuneblade":0,"Potion Belt":193,"DeathKnight:LanathelsBloodyNail":46,"hubris:DisguiseKit":103,"Lee\u0027s Waffle":42,"reliquary:Sideboard":137,"Oddly Smooth Stone":52,"Omamori":170,"War Paint":132,"Frozen Egg 2":132,"reliquary:IridiumChain":50,"Du-Vu Doll":71,"SlaversCollar":68,"conspire:GiftBox":34,"CaptainsWheel":84,"Anchor":240,"Ornamental Fan":50,"DeathKnight:TomeOfBloodSpecialization":193,"Bronze Scales":245,"infinitespire:Satchel":14,"ChewingGum":31,"Onion Ring":103,"foxEvents:LuckyCharm":112,"Art of War":170,"infinitespire:Cupcake":161}]},"card_choices":[{"not_picked":["DeathKnight:BladedArmor","DeathKnight:Rot"],"picked":"DeathKnight:DeathCoil","floor":1.0},{"not_picked":["DeathKnight:Ossuary","DeathKnight:MutagenicPlague"],"picked":"DeathKnight:RuneShock","floor":3.0},{"not_picked":["DeathKnight:DeathAndDecay","DeathKnight:RunicCorruption"],"picked":"DeathKnight:GargoyleSkin","floor":5.0},{"not_picked":["DeathKnight:UnholyAssault","DeathKnight:ChainsOfIce"],"picked":"DeathKnight:DancingRuneblade","floor":6.0},{"not_picked":["DeathKnight:BloodTap","DeathKnight:BoneShield"],"picked":"DeathKnight:BludPresence","floor":8.0},{"not_picked":["DeathKnight:RaiseAlly","DeathKnight:BludPresence"],"picked":"DeathKnight:BloodTap","floor":11.0},{"not_picked":["DeathKnight:Culling","DeathKnight:DreadStrike"],"picked":"DeathKnight:GargoyleSkin","floor":14}],"player_experience":626354,"relics_obtained":[{"floor":6.0,"key":"Replay:Wax Seal"},{"floor":9.0,"key":"Whetstone"},{"floor":12.0,"key":"Anchor"},{"floor":15,"key":"Bronze Scales"}],"event_choices":[{"damage_healed":0.0,"max_hp_gain":0.0,"max_hp_loss":0.0,"gold_gain":175.0,"event_name":"betterThird:BetterSerpent","player_choice":"AGREE","floor":2.0,"gold_loss":0.0,"damage_taken":111.0},{"cards_removed":["Doubt"],"damage_healed":0.0,"max_hp_gain":0.0,"max_hp_loss":0.0,"gold_gain":0.0,"event_name":"Fountain of Cleansing","player_choice":"Removed Curses","floor":4.0,"gold_loss":0.0,"damage_taken":0.0}],"is_beta":false,"boss_relics":[],"items_purged_floors":[],"is_endless":false,"potions_floor_spawned":[3,6,8],"killed_by":"Slime Boss","ascension_level":2}}