{"host":"4anqaax1ytd3l1k1","time":1613811425,"event":{"mods":["2.2 Compatiblity","AlwaysNeverKeys","BaseMod","BetterRewards","CatGirl Mod","GifTheSpireLib","HexUI Lib","Minty Spire (QoL Compilation)","Replay The Spire","Shop Mod","StSLib","The Kombatant","The Servant 0.9.4"],"gold_per_floor":[409,428,4,17,17,43,43,53,106,106,106,121,121,169,169,185,185],"floor_reached":16,"language":"ENG","playtime":959,"items_purged":[],"score":110,"play_id":"c72d30c2-88d9-43cb-8107-039be04a03f2","local_time":"20210220195705","is_ascension_mode":false,"campfire_choices":[{"floor":7,"key":"RECALL"},{"floor":11,"key":"REST"},{"floor":15,"key":"REST"}],"circlet_count":0,"master_deck":["Strike_S","Strike_S","Strike_S","Strike_S","Defend_S","Defend_S","Defend_S","Defend_S","KidneyShot","Exchange","Ricochet+1","Rearm+1","Foresight","Foresight","Moonlight","Replace","FastForward","WasteNot","MurderousAura","Languid","Starlight"],"relics":["Uniform","Old Coin","Guide Book","MerchantsRug","Darkstone Periapt","Ring of Searing","Replay:Bandana","Replay:Wax Seal"],"acts_visited":["Exordium"],"potions_floor_usage":[16,16],"damage_taken":[{"damage":13,"enemies":"Jaw Worm","floor":1,"turns":4},{"damage":4,"enemies":"Cultist","floor":2,"turns":3},{"damage":0,"enemies":"Small Slimes","floor":4,"turns":3},{"damage":20,"enemies":"Gremlin Nob","floor":6,"turns":4},{"damage":12,"enemies":"Looter","floor":8,"turns":3},{"damage":3,"enemies":"3 Louse","floor":12,"turns":3},{"damage":27,"enemies":"Lagavulin","floor":14,"turns":7},{"damage":27,"enemies":"Hexaghost","floor":16,"turns":7}],"seed_played":"-4201896301530953936","potions_obtained":[{"floor":1,"key":"LiquidBronze"},{"floor":4,"key":"SpeedPotion"},{"floor":6,"key":"Strength Potion"}],"is_trial":false,"path_per_floor":["M","M","$","M","?","E","R","M","T","?","R","M","?","E","R","B"],"character_chosen":"THE_SERVANT","items_purchased":["Guide Book","Foresight","Moonlight","MerchantsRug"],"campfire_rested":2,"item_purchase_floors":[3,3,3,3],"current_hp_per_floor":[46,42,42,42,42,22,22,10,10,16,35,32,32,5,24,0,0],"gold":185,"neow_bonus":"ONE_RARE_RELIC","is_daily":false,"chose_seed":false,"campfire_upgraded":0,"win_rate":0.0,"timestamp":1613811425,"path_taken":["M","M","$","M","?","E","R","?","T","?","R","M","?","E","R","BOSS"],"items_purchased_type":["Relic","Card","Card","Relic"],"build_version":"2020-12-22","purchased_purges":0,"victory":false,"max_hp_per_floor":[59,59,59,59,59,59,59,59,59,65,65,65,65,65,65,65,65],"card_choices":[{"not_picked":["BottledTime","Spin"],"picked":"Ricochet","floor":1},{"not_picked":["Revamp","Rewind"],"picked":"Rearm","floor":2},{"not_picked":["Reset","FastForward"],"picked":"Replace","floor":4},{"not_picked":["Unruled","Revamp"],"picked":"WasteNot","floor":6},{"not_picked":["SpecialFormula","FastForward"],"picked":"MurderousAura","floor":8},{"not_picked":["FanOfKnives","FastForward"],"picked":"Starlight","floor":12},{"not_picked":["DoubleEdge","ForgedInTime","TimeTheft"],"picked":"SKIP","floor":14}],"player_experience":138018,"relics_obtained":[{"floor":6,"key":"Darkstone Periapt"},{"floor":10,"key":"Ring of Searing"},{"floor":14,"key":"Replay:Wax Seal"}],"event_choices":[{"damage_healed":0,"gold_gain":0,"player_choice":"1 cards matched","damage_taken":0,"max_hp_gain":0,"max_hp_loss":0,"event_name":"Match and Keep!","floor":5,"gold_loss":0,"cards_obtained":["FastForward"]},{"damage_healed":0,"gold_gain":0,"player_choice":"Searched \u00271\u0027 times","damage_taken":0,"relics_obtained":["Replay:Bandana"],"max_hp_gain":0,"max_hp_loss":0,"event_name":"Dead Adventurer","floor":13,"gold_loss":0}],"is_beta":false,"boss_relics":[],"items_purged_floors":[],"is_endless":false,"potions_floor_spawned":[1,4,6],"killed_by":"Hexaghost","ascension_level":0}}