{"host":"njb27ds59h4j3ikk","time":1613842379,"event":{"mods":["AchievementEnabler","BaseMod","Better Altar","Better Match","Better Note","Better Sensory Stone","Better Skull","Better Third Choice","BetterRewards","Downfall","Hermit","Hubris","Minty Spire (QoL Compilation)","Permanent Neow","Quarter Circle Forward PUNCH!","Quick Restart","Rare Cards Sparkle","Replay The Spire","Shop Mod","StSLib","Trackpad","Transform Curses"],"gold_per_floor":[112,112,112,112,77,91,134,166,166,195,221,245,257,269,307,339,351,464,476,502,514,526,538,568,580,592,636,293,304,383,398,429,429,91,125,125,223,223,238,255,165,180,215,249,249,249],"floor_reached":45,"language":"ENG","playtime":1563,"items_purged":[],"score":919,"play_id":"77f370ca-d591-437b-a34c-77d474deddf4","local_time":"20210220123259","is_ascension_mode":true,"campfire_choices":[{"data":"hermit:Ricochet","floor":9.0,"key":"SMITH"},{"floor":13.0,"key":"REST"},{"data":"hermit:Showdown","floor":17.0,"key":"SMITH"},{"floor":33.0,"key":"REST"},{"floor":36.0,"key":"REST"}],"circlet_count":0,"master_deck":["hermit:Strike_Hermit","hermit:Strike_Hermit","hermit:Strike_Hermit","hermit:Strike_Hermit","hermit:Defend_Hermit","hermit:Defend_Hermit","hermit:Defend_Hermit","hermit:Defend_Hermit","hermit:Snapshot","hermit:Covet","hermit:Ricochet+1","hermit:Headshot","FTL+1","hermit:Quickdraw","ReplayTheSpireMod:Splinters","hermit:Coalescence+1","hermit:Misfire","hermit:CursedWeapon","hermit:Vantage","hermit:WideOpen","hermit:Maintenance+1","hermit:FatalDesire","hermit:Showdown+1","hermit:Purgatory","hermit:FullyLoaded","hermit:HoleUp+1","Slimebound:CheckThePlaybook","downfall:Icky","hermit:Gambit","hermit:SprayPray","hermit:HighCaliber","hermit:Grudge","hermit:DeadOrAlive","hermit:Determination","hermit:Dive+1","hermit:FromBeyond","hermit:Determination","hermit:Midnight+1","Replay:Bootleg Shield Generator","hermit:Manifest+1","hermit:Desperado+1","hermit:Glare+1"],"relics":["hermit:Momento","qcfpunch:White_Boots","Potion Belt","Guardian:PocketSentry","hubris:BottledRain","Bag of Marbles","MawBank","trackpad:BottledShadow","ChewingGum","hubris:Towel","qcfpunch:Army_Boots","Regal Pillow","trackpad:Compendium","Replay:WaspNest","Iron Hammer","Mercury Hourglass","Replay:Grab Bag","Philosopher\u0027s Stone","Runic Dome","SacredBark","Replay:Bottled Flurry"],"acts_visited":["Exordium","TheCity","TheBeyond"],"potions_floor_usage":[44,44],"damage_taken":[{"damage":10.0,"enemies":"Small Slimes","floor":1.0,"turns":2.0},{"damage":0.0,"enemies":"2 Louse","floor":6.0,"turns":2.0},{"damage":5.0,"enemies":"Lagavulin","floor":8.0,"turns":3.0},{"damage":16.0,"enemies":"3 Sentries","floor":10.0,"turns":5.0},{"damage":2.0,"enemies":"Jaw Worm","floor":12.0,"turns":1.0},{"damage":4.0,"enemies":"Gremlin Nob","floor":15.0,"turns":2.0},{"damage":0.0,"enemies":"Exordium Thugs","floor":16.0,"turns":2.0},{"damage":26.0,"enemies":"The Guardian","floor":18.0,"turns":7.0},{"damage":17.0,"enemies":"2 Thieves","floor":20.0,"turns":2.0},{"damage":2.0,"enemies":"Spheric Guardian","floor":24.0,"turns":3.0},{"damage":8.0,"enemies":"Book of Stabbing","floor":27.0,"turns":3.0},{"damage":20.0,"enemies":"3 Cultists","floor":29.0,"turns":4.0},{"damage":11.0,"enemies":"Chosen and Byrds","floor":31.0,"turns":3.0},{"damage":6.0,"enemies":"Slavers","floor":32.0,"turns":3.0},{"damage":14.0,"enemies":"Cultist and Chosen","floor":35.0,"turns":2.0},{"damage":23.0,"enemies":"Pondfish","floor":37.0,"turns":7.0},{"damage":0.0,"enemies":"Orb Walker","floor":39.0,"turns":2.0},{"damage":20,"enemies":"3 Shapes","floor":40,"turns":1},{"damage":28,"enemies":"Sphere and 2 Shapes","floor":42,"turns":3},{"damage":10,"enemies":"Maw","floor":43,"turns":6},{"damage":7,"enemies":"Nemesis","floor":44,"turns":3},{"damage":14,"enemies":"4 Shapes","floor":45,"turns":2}],"seed_played":"320595409003180497","potions_obtained":[{"floor":6.0,"key":"Fire Potion"},{"floor":7.0,"key":"hermit:BlackBile"},{"floor":8.0,"key":"Block Potion"},{"floor":12.0,"key":"PowerPotion"},{"floor":16.0,"key":"CultistPotion"},{"floor":20.0,"key":"Swift Potion"},{"floor":24.0,"key":"Block Potion"},{"floor":31.0,"key":"Reflective Coating"},{"floor":32.0,"key":"FearPotion"},{"floor":42,"key":"Elixir"},{"floor":44,"key":"Reflective Coating"}],"is_trial":false,"path_per_floor":["M","?","PTL","PTL","?","M","?","E","R","E","T","M","R","?","E","M","R","B",null,"M","?","PTL","PTL","M","?","?","E","$","M","T","M","E","R","$","M","R","B",null,"M","M","$","M","M","E","M"],"character_chosen":"HERMIT","items_purchased":["qcfpunch:White_Boots","hermit:Ricochet","Regal Pillow","trackpad:Compendium","hermit:SprayPray","hermit:Determination","Mercury Hourglass","Replay:Bootleg Shield Generator"],"campfire_rested":3,"item_purchase_floors":[0,0,28,28,28,34,34,41],"current_hp_per_floor":[65,53,53,53,71,71,71,66,66,50,50,48,70,70,66,66,66,40,75,58,58,58,58,56,56,56,48,48,28,28,17,11,48,48,34,71,48,75,75,55,55,27,17,10,0,0],"gold":249,"neow_bonus":"","is_daily":false,"chose_seed":false,"campfire_upgraded":2,"win_rate":0.0,"timestamp":1613842379,"path_taken":["M","?","PTL","PTL","?","M","?","E","R","E","T","M","R","?","E","M","R","BOSS","M","?","PTL","PTL","M","?","?","E","$","M","T","M","E","R","$","M","R","BOSS","M","M","$","M","M","E","M"],"items_purchased_type":["Relic","Card","Relic","Relic","Card","Card","Relic","Card"],"build_version":"2020-12-22","purchased_purges":0,"victory":false,"max_hp_per_floor":[75,75,75,75,75,75,75,75,75,75,75,75,75,75,75,75,75,75,75,75,75,75,75,75,75,75,75,75,75,75,75,75,75,75,75,75,75,75,75,75,75,75,75,75,75,75],"card_choices":[{"not_picked":["hermit:Deadeye","hermit:Cheat"],"picked":"hermit:Headshot","floor":1.0},{"not_picked":["hermit:Roulette","hermit:TrackingShot"],"picked":"hermit:Quickdraw","floor":6.0},{"not_picked":["hermit:TakeCover","hermit:Deadeye"],"picked":"hermit:Coalescence","floor":7.0},{"not_picked":["hermit:Coalescence","hermit:BodyArmor"],"picked":"hermit:Misfire","floor":7.0},{"not_picked":["hermit:Desperado","hermit:HoleUp"],"picked":"hermit:CursedWeapon","floor":8.0},{"not_picked":["hermit:FlashPowder","hermit:ShadowCloak"],"picked":"hermit:Vantage","floor":10.0},{"not_picked":["hermit:Roulette","hermit:Spite"],"picked":"hermit:WideOpen","floor":12.0},{"not_picked":["hermit:Headshot","hermit:BigShot"],"picked":"hermit:FatalDesire","floor":15.0},{"not_picked":["hermit:BodyArmor","hermit:Ricochet"],"picked":"hermit:Showdown","floor":16.0},{"not_picked":["hermit:Magnum","hermit:Adapt"],"picked":"hermit:Purgatory","floor":18.0},{"not_picked":["hermit:Feint","hermit:LoneWolf"],"picked":"hermit:FullyLoaded","floor":20.0},{"not_picked":["hermit:Desperado","hermit:Shortfuse"],"picked":"hermit:HoleUp+1","floor":24.0},{"not_picked":["hermit:WideOpen","hermit:Misfire"],"picked":"hermit:Gambit","floor":27.0},{"not_picked":["hermit:Desperado","hermit:Misfire"],"picked":"hermit:HighCaliber","floor":29.0},{"not_picked":["hermit:HoleUp","hermit:Spite"],"picked":"hermit:Grudge","floor":31.0},{"not_picked":["hermit:Quickdraw","hermit:NoHoldsBarred"],"picked":"hermit:DeadOrAlive","floor":32.0},{"not_picked":["hermit:Desperado","hermit:Misfire"],"picked":"hermit:Dive+1","floor":35.0},{"not_picked":["hermit:OverwhelmingPower","hermit:DeadOrAlive"],"picked":"hermit:FromBeyond","floor":37.0},{"not_picked":["hermit:TrackingShot+1","hermit:Dive"],"picked":"hermit:Determination","floor":39.0},{"not_picked":["hermit:Misfire","hermit:FullyLoaded"],"picked":"hermit:Midnight+1","floor":40},{"not_picked":["hermit:Vantage","hermit:GhostlyPresence+1"],"picked":"hermit:Manifest+1","floor":42},{"not_picked":["hermit:WideOpen+1","hermit:BodyArmor"],"picked":"hermit:Desperado+1","floor":43},{"not_picked":["hermit:Reprieve","hermit:WideOpen+1"],"picked":"hermit:Glare+1","floor":44}],"player_experience":1380393,"relics_obtained":[{"floor":7.0,"key":"Guardian:PocketSentry"},{"floor":8.0,"key":"hubris:BottledRain"},{"floor":10.0,"key":"Bag of Marbles"},{"floor":11.0,"key":"MawBank"},{"floor":15.0,"key":"trackpad:BottledShadow"},{"floor":27.0,"key":"qcfpunch:Army_Boots"},{"floor":30.0,"key":"Replay:WaspNest"},{"floor":32.0,"key":"Iron Hammer"},{"floor":44,"key":"Replay:Bottled Flurry"}],"event_choices":[{"damage_healed":18.0,"max_hp_gain":0.0,"max_hp_loss":0.0,"gold_gain":0.0,"event_name":"The Cleric","player_choice":"Healed","floor":5.0,"gold_loss":35.0,"damage_taken":0.0},{"cards_removed":["hermit:Ricochet"],"damage_healed":0.0,"max_hp_gain":0.0,"max_hp_loss":0.0,"gold_gain":0.0,"event_name":"betterNote:BetterNote","player_choice":"Take \u0026 Give","floor":14.0,"gold_loss":0.0,"damage_taken":0.0,"cards_obtained":["hermit:Maintenance"]}],"is_beta":false,"boss_relics":[{"not_picked":["trackpad:StolenKidneys","hubris:HollowSoul"],"picked":"ChewingGum"},{"not_picked":["Busted Crown","Ring of Chaos"],"picked":"Replay:Grab Bag"},{"not_picked":["Sozu","hubris:TerracottaHorce"],"picked":"Philosopher\u0027s Stone"},{"not_picked":["hubris:GrandSneckoEye","hubris:VirtuousBlindfold"],"picked":"Runic Dome"},{"not_picked":["Kintsugi","Astrolabe"],"picked":"SacredBark"}],"items_purged_floors":[],"is_endless":false,"potions_floor_spawned":[6,8,12,16,20,24,31,32,42,44],"killed_by":"4 Shapes","ascension_level":1}}