{"host":"2l5k2wp87eek7qja","time":1613783241,"event":{"mods":["BaseMod","Colored Map","Minty Spire (QoL Compilation)","Relic Stats"],"gold_per_floor":[14,25,25,45,68,68,106,131,157,221,221,221,221,242,242,335,335,353,353,368,49,70,70,85,85,85,85,85,85,124,176,176,275,275,294,627,643,643,655,655,655,655],"floor_reached":41,"language":"ENG","playtime":1499,"items_purged":["Strike_G"],"score":822,"play_id":"e11d5844-053d-4dbb-865b-42446fa7dd2d","local_time":"20210220030721","is_ascension_mode":true,"campfire_choices":[{"data":"Bouncing Flask","floor":6.0,"key":"SMITH"},{"data":"Caltrops","floor":11.0,"key":"SMITH"},{"data":"Blade Dance","floor":13.0,"key":"SMITH"},{"data":"Neutralize","floor":15.0,"key":"SMITH"},{"data":"Wraith Form v2","floor":23.0,"key":"SMITH"},{"data":"Accuracy","floor":25.0,"key":"SMITH"},{"floor":29.0,"key":"REST"},{"floor":32.0,"key":"RECALL"},{"data":"A Thousand Cuts","floor":40,"key":"SMITH"}],"circlet_count":0,"master_deck":["AscendersBane","Strike_G","Strike_G","Strike_G","Strike_G","Defend_G","Defend_G","Defend_G","Defend_G","Defend_G","Survivor+1","Neutralize+1","Unload","Quick Slash","Caltrops+1","Bouncing Flask+1","Blade Dance+1","PiercingWail","Accuracy+1","Wraith Form v2+1","CurseOfTheBell","Cloak And Dagger+1","Dodge and Roll+1","Storm of Steel+1","Blade Dance+1","PiercingWail+1","A Thousand Cuts+1","Acrobatics+1","After Image","Deflect+1"],"relics":["Ring of the Snake","Mercury Hourglass","Blood Vial","Calling Bell","Tiny Chest","Toxic Egg 2","CaptainsWheel","Orichalcum","Kunai","Centennial Puzzle","WristBlade"],"acts_visited":["Exordium","TheCity","TheBeyond"],"potions_floor_usage":[41],"damage_taken":[{"damage":0.0,"enemies":"2 Louse","floor":1.0,"turns":3.0},{"damage":0.0,"enemies":"Small Slimes","floor":2.0,"turns":5.0},{"damage":0.0,"enemies":"Cultist","floor":4.0,"turns":3.0},{"damage":9.0,"enemies":"Blue Slaver","floor":5.0,"turns":4.0},{"damage":28.0,"enemies":"3 Sentries","floor":7.0,"turns":7.0},{"damage":1.0,"enemies":"Lots of Slimes","floor":8.0,"turns":3.0},{"damage":5.0,"enemies":"Exordium Thugs","floor":14.0,"turns":4.0},{"damage":8.0,"enemies":"Hexaghost","floor":16.0,"turns":9.0},{"damage":8.0,"enemies":"3 Byrds","floor":18.0,"turns":4.0},{"damage":0.0,"enemies":"Chosen","floor":20.0,"turns":4.0},{"damage":1.0,"enemies":"Snecko","floor":22.0,"turns":7.0},{"damage":14.0,"enemies":"Snake Plant","floor":24.0,"turns":5.0},{"damage":24.0,"enemies":"Gremlin Leader","floor":30.0,"turns":9.0},{"damage":9.0,"enemies":"Automaton","floor":33.0,"turns":10.0},{"damage":0.0,"enemies":"3 Shapes","floor":35.0,"turns":5.0},{"damage":6.0,"enemies":"Orb Walker","floor":37.0,"turns":2.0},{"damage":34,"enemies":"Spire Growth","floor":39,"turns":5},{"damage":19,"enemies":"Sphere and 2 Shapes","floor":41,"turns":6}],"seed_played":"-6870652572380413294","potions_obtained":[{"floor":1.0,"key":"Explosive Potion"},{"floor":4.0,"key":"Ancient Potion"},{"floor":5.0,"key":"Block Potion"},{"floor":16.0,"key":"Energy Potion"},{"floor":19.0,"key":"SkillPotion"},{"floor":19.0,"key":"Block Potion"},{"floor":22.0,"key":"Ancient Potion"},{"floor":30.0,"key":"Weak Potion"},{"floor":35.0,"key":"GamblersBrew"}],"is_trial":false,"path_per_floor":["M","M","?","M","M","R","E","M","T","?","R","?","R","M","R","B",null,"M","?","M","$","M","R","M","R","T","?","$","R","E","T","R","B",null,"M","?","M","?","M","R","M"],"character_chosen":"THE_SILENT","items_purchased":["Storm of Steel+1","Orichalcum"],"campfire_rested":1,"item_purchase_floors":[21,21],"current_hp_per_floor":[59,59,59,59,50,50,22,21,21,21,21,21,21,18,18,12,48,42,42,44,44,45,45,33,33,33,33,33,51,29,29,29,22,51,53,53,49,49,17,17,0,0],"gold":655,"neow_bonus":"THREE_RARE_CARDS","is_daily":false,"chose_seed":false,"campfire_upgraded":7,"win_rate":0.0,"timestamp":1613783241,"path_taken":["M","M","?","M","M","R","E","M","T","?","R","?","R","M","R","BOSS","M","?","?","$","M","R","M","R","T","?","$","R","E","?","R","BOSS","M","?","M","?","?","R","M"],"items_purchased_type":["Card","Relic"],"build_version":"2020-12-22","purchased_purges":1,"victory":false,"max_hp_per_floor":[66,66,60,60,60,60,60,60,60,60,60,60,60,60,60,60,60,60,60,60,60,60,60,60,60,60,60,60,60,60,60,60,60,60,60,60,60,60,60,60,60,60],"relic_stats":{"Blood Vial":24,"Centennial Puzzle":[12],"counters":[18,95],"Tiny Chest":1,"Kunai":[21],"Orichalcum":[96],"obtain_stats":[{"Blood Vial":9,"Calling Bell":17,"CaptainsWheel":17,"Centennial Puzzle":30,"WristBlade":34,"Golden Idol":3,"Tiny Chest":17,"Kunai":26,"Toxic Egg 2":17,"Orichalcum":21,"Ring of the Snake":0,"Mercury Hourglass":7},{"Blood Vial":6,"Calling Bell":8,"CaptainsWheel":8,"Centennial Puzzle":13,"WristBlade":14,"Golden Idol":2,"Tiny Chest":8,"Kunai":12,"Toxic Egg 2":8,"Orichalcum":10,"Ring of the Snake":0,"Mercury Hourglass":5},{"Blood Vial":25,"Calling Bell":38,"CaptainsWheel":38,"Centennial Puzzle":67,"WristBlade":77,"Golden Idol":8,"Tiny Chest":38,"Kunai":58,"Toxic Egg 2":38,"Orichalcum":46,"Ring of the Snake":0,"Mercury Hourglass":22}],"Ring of the Snake":[36],"Mercury Hourglass":[282]},"card_choices":[{"not_picked":["Venomology","Night Terror"],"picked":"Unload","floor":0.0},{"not_picked":["Calculated Gamble","Distraction","Eviscerate"],"picked":"SKIP","floor":1.0},{"not_picked":["Deflect","Tactician"],"picked":"Quick Slash","floor":2.0},{"not_picked":["Heel Hook","Tactician"],"picked":"Caltrops","floor":4.0},{"not_picked":["Dagger Spray","Flying Knee"],"picked":"Bouncing Flask","floor":5.0},{"not_picked":["Slice","Caltrops"],"picked":"Blade Dance","floor":7.0},{"not_picked":["Tools of the Trade","Reflex"],"picked":"PiercingWail","floor":8.0},{"not_picked":["Acrobatics","Flechettes"],"picked":"Accuracy","floor":14.0},{"not_picked":["Tools of the Trade","Bullet Time"],"picked":"Wraith Form v2","floor":16.0},{"not_picked":["Flechettes+1","Sucker Punch"],"picked":"Cloak And Dagger+1","floor":18.0},{"not_picked":["Sucker Punch","Dash"],"picked":"Dodge and Roll+1","floor":20.0},{"not_picked":["Slice","Backflip+1"],"picked":"Blade Dance+1","floor":22.0},{"not_picked":["Underhanded Strike","Cloak And Dagger+1"],"picked":"PiercingWail+1","floor":24.0},{"not_picked":["Dagger Throw","Endless Agony+1","PiercingWail+1"],"picked":"SKIP","floor":30.0},{"not_picked":["Storm of Steel+1","Die Die Die"],"picked":"A Thousand Cuts","floor":33.0},{"not_picked":["Cloak And Dagger+1","Poisoned Stab+1"],"picked":"Acrobatics+1","floor":35.0},{"not_picked":["Finisher","Sucker Punch"],"picked":"After Image","floor":37.0},{"not_picked":["PiercingWail+1","Dodge and Roll+1"],"picked":"Deflect+1","floor":39}],"player_experience":826114,"relics_obtained":[{"floor":7.0,"key":"Mercury Hourglass"},{"floor":9.0,"key":"Blood Vial"},{"floor":17.0,"key":"Tiny Chest"},{"floor":17.0,"key":"Toxic Egg 2"},{"floor":17.0,"key":"CaptainsWheel"},{"floor":26.0,"key":"Kunai"},{"floor":30.0,"key":"Centennial Puzzle"}],"event_choices":[{"damage_healed":0.0,"max_hp_gain":0.0,"max_hp_loss":6.0,"gold_gain":0.0,"event_name":"Golden Idol","player_choice":"Lose Max HP","floor":3.0,"gold_loss":0.0,"damage_taken":0.0,"relics_obtained":["Golden Idol"]},{"damage_healed":0.0,"max_hp_gain":0.0,"max_hp_loss":0.0,"gold_gain":64.0,"event_name":"Golden Wing","player_choice":"Gained Gold","floor":10.0,"gold_loss":0.0,"damage_taken":0.0},{"damage_healed":0.0,"max_hp_gain":0.0,"max_hp_loss":0.0,"gold_gain":0.0,"event_name":"Shining Light","player_choice":"Ignored","floor":12.0,"gold_loss":0.0,"damage_taken":0.0},{"damage_healed":0.0,"max_hp_gain":0.0,"max_hp_loss":0.0,"gold_gain":0.0,"event_name":"Lab","player_choice":"Got Potions","floor":19.0,"gold_loss":0.0,"damage_taken":0.0},{"damage_healed":0.0,"max_hp_gain":0.0,"max_hp_loss":0.0,"gold_gain":0.0,"event_name":"Accursed Blacksmith","player_choice":"Forge","floor":27.0,"gold_loss":0.0,"damage_taken":0.0,"cards_upgraded":["Survivor"]},{"damage_healed":0.0,"max_hp_gain":0.0,"max_hp_loss":0.0,"gold_gain":333.0,"event_name":"The Moai Head","player_choice":"Gave Idol","floor":36.0,"relics_lost":["Golden Idol"],"gold_loss":0.0,"damage_taken":0.0},{"damage_healed":0,"gold_gain":0,"player_choice":"Ignored","damage_taken":0,"max_hp_gain":0,"max_hp_loss":0,"event_name":"Mysterious Sphere","floor":38,"gold_loss":0}],"is_beta":false,"boss_relics":[{"not_picked":["Black Star","Cursed Key"],"picked":"Calling Bell"},{"not_picked":["Runic Pyramid","Tiny House"],"picked":"WristBlade"}],"items_purged_floors":[21],"is_endless":false,"potions_floor_spawned":[1,4,5,16,20,22,30,35],"killed_by":"Sphere and 2 Shapes","ascension_level":20}}