{"host":"2vsfvi9pm0ilma55","time":1613792208,"event":{"mods":["BaseMod","Bestiary","Highlight Path","Minty Spire (QoL Compilation)","Relic Stats","StSLib","The Warlock"],"gold_per_floor":[118,130,150,168,168,195,195,221,247,280,280,280,291,305,305,383,383,401,428,446,458,458,458,474,474,474,505,94,112,126,126,126],"floor_reached":31,"language":"ENG","playtime":1784,"items_purged":["Ritualist:StrikeMagenta"],"score":544,"play_id":"3494b061-da43-4d62-ae5f-0121bf0b131a","local_time":"20210219193648","is_ascension_mode":true,"campfire_choices":[{"floor":7,"key":"REST"},{"data":"Ritualist:ViolentFlux","floor":15,"key":"SMITH"},{"floor":23,"key":"REST"},{"data":"Ritualist:Celerity","floor":25,"key":"SMITH"}],"circlet_count":0,"master_deck":["AscendersBane","Ritualist:StrikeMagenta+1","Ritualist:StrikeMagenta+1","Ritualist:DefendMagenta","Ritualist:DefendMagenta","Ritualist:DefendMagenta","Ritualist:DefendMagenta","Ritualist:InitiationRite","Ritualist:SummonAgiel","Ritualist:LongCon","Ritualist:ViolentFlux+1","Ritualist:DemonArm","Ritualist:SmokeRises","Ritualist:SmokeRises","Ritualist:ScoutAhead","Ritualist:BranchingPaths","Ritualist:Celerity+1","Ritualist:BloodyVigor","Ritualist:Precognition","Ritualist:SummonRerek","Ritualist:FuturePlans","Ritualist:QuietMeditation","Ritualist:CleanseByBlood","Ritualist:Ouroboros","Ritualist:QuietMeditation+1","Ritualist:EarlyReturn+1","Ritualist:Celerity","Ritualist:ImpFeast+1","Ritualist:Vendetta"],"relics":["Ritualist:StarterRelic","Dream Catcher","Bag of Preparation","Bag of Marbles","Whetstone","Pantograph","Philosopher\u0027s Stone","Omamori","Unceasing Top","Bird Faced Urn"],"acts_visited":["Exordium","TheCity"],"potions_floor_usage":[6,8,16,21,27,29,29,31],"damage_taken":[{"damage":7,"enemies":"Small Slimes","floor":1,"turns":5},{"damage":1,"enemies":"2 Louse","floor":2,"turns":3},{"damage":1,"enemies":"Cultist","floor":3,"turns":3},{"damage":7,"enemies":"Blue Slaver","floor":4,"turns":4},{"damage":10,"enemies":"3 Sentries","floor":6,"turns":5},{"damage":10,"enemies":"Lagavulin","floor":8,"turns":7},{"damage":8,"enemies":"Gremlin Nob","floor":10,"turns":3},{"damage":7,"enemies":"Exordium Wildlife","floor":13,"turns":4},{"damage":15,"enemies":"Large Slime","floor":14,"turns":6},{"damage":6,"enemies":"Slime Boss","floor":16,"turns":6},{"damage":0,"enemies":"Chosen","floor":18,"turns":3},{"damage":17,"enemies":"3 Byrds","floor":20,"turns":5},{"damage":45,"enemies":"Centurion and Healer","floor":21,"turns":7},{"damage":4,"enemies":"Snecko","floor":24,"turns":4},{"damage":16,"enemies":"Gremlin Leader","floor":27,"turns":6},{"damage":0,"enemies":"Snake Plant","floor":29,"turns":2},{"damage":18,"enemies":"Sentry and Sphere","floor":30,"turns":4},{"damage":16,"enemies":"Centurion and Healer","floor":31,"turns":2}],"seed_played":"-1300402538531424761","potions_obtained":[{"floor":2,"key":"SkillPotion"},{"floor":4,"key":"Block Potion"},{"floor":13,"key":"Dexterity Potion"},{"floor":14,"key":"PowerPotion"},{"floor":16,"key":"Block Potion"},{"floor":24,"key":"Dexterity Potion"},{"floor":27,"key":"Regen Potion"},{"floor":29,"key":"Fruit Juice"},{"floor":30,"key":"PowerPotion"}],"is_trial":false,"path_per_floor":["M","M","M","M","?","E","R","E","T","E","?","?","M","M","R","B",null,"M","T","M","M","?","R","M","R","T","E","$","M","M","M"],"character_chosen":"RITUALIST","items_purchased":["Bird Faced Urn"],"campfire_rested":2,"item_purchase_floors":[28],"current_hp_per_floor":[67,66,65,58,40,30,54,44,44,36,41,41,34,19,19,38,74,74,74,57,12,12,37,33,33,33,17,17,29,11,0,0],"gold":126,"neow_bonus":"TEN_PERCENT_HP_BONUS","is_daily":false,"chose_seed":false,"campfire_upgraded":2,"win_rate":0.0,"timestamp":1613792208,"path_taken":["M","M","M","M","?","E","R","E","T","E","?","?","M","M","R","BOSS","M","?","M","M","?","R","M","R","T","E","$","M","M","M"],"items_purchased_type":["Relic"],"build_version":"2020-12-22","purchased_purges":1,"victory":false,"max_hp_per_floor":[81,81,81,81,81,81,81,81,81,81,86,86,86,86,86,86,86,86,86,86,86,86,86,86,86,86,86,86,91,91,91,91],"relic_stats":{"Dream Catcher":2,"counters":[18,79],"Pantograph":25,"Bird Faced Urn":[6],"Bag of Preparation":[26],"Whetstone":["Ritualist:StrikeMagenta","Ritualist:StrikeMagenta"],"obtain_stats":[{"Dream Catcher":5,"Pantograph":10,"Bird Faced Urn":28,"Philosopher\u0027s Stone":17,"Bag of Preparation":6,"Bag of Marbles":8,"Omamori":19,"Whetstone":9,"Ritualist:StarterRelic":0,"Unceasing Top":27},{"Dream Catcher":4,"Pantograph":7,"Bird Faced Urn":15,"Philosopher\u0027s Stone":10,"Bag of Preparation":5,"Bag of Marbles":6,"Omamori":11,"Whetstone":6,"Ritualist:StarterRelic":0,"Unceasing Top":15},{"Dream Catcher":15,"Pantograph":30,"Bird Faced Urn":71,"Philosopher\u0027s Stone":46,"Bag of Preparation":20,"Bag of Marbles":27,"Omamori":49,"Whetstone":27,"Ritualist:StarterRelic":0,"Unceasing Top":71}],"Unceasing Top":[1]},"card_choices":[{"not_picked":["Ritualist:ScaryShank","Ritualist:Tenderize"],"picked":"Ritualist:LongCon","floor":1},{"not_picked":["Ritualist:Hex","Ritualist:CostlyStrength"],"picked":"Ritualist:ViolentFlux","floor":2},{"not_picked":["Ritualist:CostlyStrength","Ritualist:StrategicCut"],"picked":"Ritualist:DemonArm","floor":3},{"not_picked":["Ritualist:QuietMeditation","Ritualist:Hex"],"picked":"Ritualist:SmokeRises","floor":4},{"not_picked":["Ritualist:DeadlyVelocity","Ritualist:SoulOpening"],"picked":"Ritualist:SmokeRises","floor":6},{"not_picked":["Ritualist:ThroughTheBreach","Ritualist:ThoughtfulArt"],"picked":"Ritualist:ScoutAhead","floor":7},{"not_picked":["Ritualist:Sabbath","Ritualist:TwinWave"],"picked":"Ritualist:BranchingPaths","floor":8},{"not_picked":["Ritualist:SmokeRises","Ritualist:CostlyStrength"],"picked":"Ritualist:Celerity","floor":10},{"not_picked":["Ritualist:BranchingPaths","Ritualist:SummonNergal"],"picked":"Ritualist:Precognition","floor":13},{"not_picked":["Ritualist:CutOut","Ritualist:CleanseByBlood"],"picked":"Ritualist:SummonRerek","floor":14},{"not_picked":["Ritualist:DarkMasterForm","Ritualist:Momentum"],"picked":"Ritualist:FuturePlans","floor":16},{"not_picked":["Ritualist:TwinWave","Ritualist:Precognition"],"picked":"Ritualist:QuietMeditation","floor":18},{"not_picked":["Ritualist:EarlyReturn","Ritualist:Symbiote"],"picked":"Ritualist:CleanseByBlood","floor":20},{"not_picked":["Ritualist:SummonRerek","Ritualist:SummonNergal"],"picked":"Ritualist:Ouroboros","floor":21},{"not_picked":["Ritualist:LongCon","Ritualist:SummonNergal+1"],"picked":"Ritualist:QuietMeditation+1","floor":23},{"not_picked":["Ritualist:Celerity","Ritualist:LongCon"],"picked":"Ritualist:EarlyReturn+1","floor":24},{"not_picked":["Ritualist:BranchingPaths+1","Ritualist:DarkRitual"],"picked":"Ritualist:Celerity","floor":27},{"not_picked":["Ritualist:EvilIntentions","Ritualist:Symbiote"],"picked":"Ritualist:ImpFeast+1","floor":29},{"not_picked":["Ritualist:StygianWellspring","Ritualist:PrepareHost"],"picked":"Ritualist:Vendetta","floor":30}],"player_experience":609561,"relics_obtained":[{"floor":6,"key":"Bag of Preparation"},{"floor":8,"key":"Bag of Marbles"},{"floor":9,"key":"Whetstone"},{"floor":10,"key":"Pantograph"},{"floor":19,"key":"Omamori"},{"floor":27,"key":"Unceasing Top"}],"event_choices":[{"damage_healed":0,"gold_gain":0,"player_choice":"Success","damage_taken":18,"relics_obtained":["Dream Catcher"],"max_hp_gain":0,"max_hp_loss":0,"event_name":"Scrap Ooze","floor":5,"gold_loss":0},{"damage_healed":0,"gold_gain":0,"player_choice":"Donut","damage_taken":0,"max_hp_gain":5,"max_hp_loss":0,"event_name":"Big Fish","floor":11,"gold_loss":0},{"damage_healed":0,"gold_gain":0,"cards_transformed":["Ritualist:StrikeMagenta"],"player_choice":"Transformed","damage_taken":0,"max_hp_gain":0,"max_hp_loss":0,"event_name":"Transmorgrifier","floor":12,"gold_loss":0,"cards_obtained":["Ritualist:BloodyVigor"]},{"damage_healed":0,"gold_gain":0,"player_choice":"Smashed Altar","damage_taken":0,"max_hp_gain":0,"max_hp_loss":0,"event_name":"Forgotten Altar","floor":22,"gold_loss":0,"cards_obtained":["Decay"]}],"is_beta":false,"boss_relics":[{"not_picked":["Pandora\u0027s Box","Coffee Dripper"],"picked":"Philosopher\u0027s Stone"}],"items_purged_floors":[28],"is_endless":false,"potions_floor_spawned":[2,4,13,14,16,24,27,29,30],"killed_by":"Centurion and Healer","ascension_level":19}}