{"host":"df48i9djcn92c5sx","time":1613826670,"event":{"mods":["Act Like it!","Arknights","BaseMod","Decade(王小明)","Downfall","Gensokyo","Marisa（F雨　魔理沙）","Minty Spire (QoL Compilation)","READ ME - Guardian Mod","READ ME - Snecko Mod","Reimu（博丽灵梦）","Remilia（蕾米莉亚）","Shop Mod","StSLib","The Jungle","The Servant 0.9.4"],"gold_per_floor":[113,126,142,10,62,62,78,78,78,78,78,37,63,119,119,191,191,201,226,239,264,286,286,26,26,72,87,87,109,109,135,135,220,220,232,232,256,9,9,9,51,74,74,74,74,74,109,159,159,159],"floor_reached":51,"language":"ZHS","playtime":1896,"items_purged":["Strike_G","Strike_G"],"score":1557,"play_id":"32937bdf-d3ae-4114-a62d-87e99ce94e9a","local_time":"20210220211110","is_ascension_mode":true,"campfire_choices":[{"data":"Neutralize","floor":6.0,"key":"SMITH"},{"data":"Deadly Poison","floor":8.0,"key":"SMITH"},{"data":"Deadly Poison","floor":10.0,"key":"SMITH"},{"data":"Catalyst","floor":15.0,"key":"SMITH"},{"data":"Burst","floor":23.0,"key":"SMITH"},{"floor":25.0,"key":"REST"},{"floor":28.0,"key":"REST"},{"floor":30.0,"key":"REST"},{"floor":32,"key":"REST"},{"data":"Noxious Fumes","floor":40,"key":"SMITH"},{"data":"Wraith Form v2","floor":45,"key":"SMITH"},{"data":"Crippling Poison","floor":49,"key":"SMITH"}],"circlet_count":0,"master_deck":["AscendersBane","Strike_G","Defend_G","Defend_G","Defend_G","Defend_G","Defend_G","Survivor","Neutralize+1","Deadly Poison+1","Well Laid Plans+1","Footwork","Deadly Poison+1","Deflect","Catalyst+1","Noxious Fumes+1","Burst+1","Dodge and Roll+1","Outmaneuver+1","PiercingWail","Leg Sweep","Backflip","Adrenaline+1","Footwork","Wraith Form v2+1","Crippling Poison+1","Bane+1"],"relics":["Ring of the Snake","NeowsBlessing","Tiny Chest","Paper Crane","Boot","Lantern","Sozu","CeramicFish","Omamori","Art of War","Empty Cage","Dream Catcher","Strawberry","TungstenRod","StoneCalendar","Bottled Lightning","Kunai","CatCart"],"acts_visited":["Exordium","TheCity","TheBeyond"],"potions_floor_usage":[],"damage_taken":[{"damage":0.0,"enemies":"Cultist","floor":1.0,"turns":1.0},{"damage":0.0,"enemies":"ats:Genji","floor":2.0,"turns":1.0},{"damage":0.0,"enemies":"2 Louse","floor":3.0,"turns":1.0},{"damage":0.0,"enemies":"Large Slime","floor":7.0,"turns":8.0},{"damage":0.0,"enemies":"Lagavulin","floor":13.0,"turns":6.0},{"damage":36.0,"enemies":"Gremlin Nob","floor":14.0,"turns":4.0},{"damage":0.0,"enemies":"Hexaghost","floor":16.0,"turns":8.0},{"damage":2.0,"enemies":"Shell Parasite","floor":18.0,"turns":5.0},{"damage":0.0,"enemies":"Chosen","floor":20.0,"turns":2.0},{"damage":21.0,"enemies":"Sentry and Sphere","floor":21.0,"turns":5.0},{"damage":30.0,"enemies":"Chosen and Byrds","floor":22.0,"turns":7.0},{"damage":11.0,"enemies":"Centurion and Healer","floor":27.0,"turns":7.0},{"damage":0.0,"enemies":"Sentry and Sphere","floor":29.0,"turns":5.0},{"damage":27,"enemies":"Cultist and Chosen","floor":31,"turns":10},{"damage":16,"enemies":"Champ","floor":33,"turns":8},{"damage":0,"enemies":"Orb Walker","floor":35,"turns":2},{"damage":0,"enemies":"Reptomancer","floor":41,"turns":2},{"damage":13,"enemies":"3 Darklings","floor":42,"turns":8},{"damage":0,"enemies":"Giant Head","floor":47,"turns":6},{"damage":0,"enemies":"Orin","floor":48,"turns":6},{"damage":19,"enemies":"Awakened One","floor":50,"turns":13}],"seed_played":"6041961451715868971","potions_obtained":[{"floor":2.0,"key":"EssenceOfSteel"},{"floor":13.0,"key":"Guardian:BlockOnCardUsePotion"},{"floor":14.0,"key":"Fruit Juice"},{"floor":16.0,"key":"SteroidPotion"}],"is_trial":false,"path_per_floor":["M","M","M","$","T","R","M","R","T","R","?","$","E","?","R","B",null,"M","T","M","M","M","R","$","R","T","M","R","M","R","M","R","B",null,"M","?","T","$","?","R","E","M","T","?","R","T","E","?","R","B",null],"character_chosen":"THE_SILENT","items_purchased":["Deadly Poison","Catalyst","Omamori","Strawberry","Footwork"],"campfire_rested":4,"item_purchase_floors":[4,12,24,38,38],"current_hp_per_floor":[59,59,59,59,59,59,59,59,59,59,64,64,64,28,28,33,65,63,63,63,42,12,12,12,34,34,23,45,45,67,40,62,46,69,69,69,69,76,76,76,76,63,63,63,63,63,63,63,63,44],"gold":159,"neow_bonus":"THREE_ENEMY_KILL","is_daily":false,"chose_seed":false,"campfire_upgraded":8,"win_rate":0.0,"timestamp":1613826670,"path_taken":["M","?","?","$","?","R","M","R","T","R","?","?","E","?","R","BOSS","M","?","?","M","M","R","$","R","T","?","R","M","R","M","R","BOSS","M","?","?","$","?","R","E","?","T","?","R","?","E","?","R","BOSS"],"items_purchased_type":["Card","Card","Relic","Relic","Card"],"build_version":"2020-12-22","purchased_purges":2,"victory":true,"max_hp_per_floor":[66,66,66,66,66,66,66,66,66,66,71,71,71,71,71,76,76,76,76,76,76,76,76,76,76,76,76,76,76,76,76,76,76,76,76,76,76,83,83,83,83,83,83,83,83,83,83,83,83,83],"card_choices":[{"not_picked":["Bane","Leg Sweep"],"picked":"Deadly Poison","floor":1.0},{"not_picked":["Endless Agony","Flying Knee"],"picked":"Well Laid Plans","floor":2.0},{"not_picked":["PiercingWail","Backflip"],"picked":"Footwork","floor":3.0},{"not_picked":["Underhanded Strike","Blade Dance"],"picked":"Deflect","floor":7.0},{"not_picked":["Finisher","Reflex","Grand Finale"],"picked":"SKIP","floor":13.0},{"not_picked":["Finisher","Reflex","Grand Finale"],"picked":"SKIP","floor":13.0},{"not_picked":["Deflect","Dagger Throw"],"picked":"Noxious Fumes","floor":14.0},{"not_picked":["Wraith Form v2","Adrenaline"],"picked":"Burst","floor":16.0},{"not_picked":["All Out Attack","Underhanded Strike"],"picked":"Dodge and Roll+1","floor":18.0},{"not_picked":["Prepared","Acrobatics","Quick Slash"],"picked":"SKIP","floor":20.0},{"not_picked":["Flying Knee","Tactician"],"picked":"Outmaneuver+1","floor":21.0},{"not_picked":["Blade Dance","Outmaneuver"],"picked":"PiercingWail","floor":22.0},{"not_picked":["Outmaneuver","Poisoned Stab","Dagger Throw"],"picked":"SKIP","floor":27.0},{"not_picked":["Skewer","Dagger Throw"],"picked":"Leg Sweep","floor":29.0},{"not_picked":["Flying Knee","Footwork"],"picked":"Backflip","floor":31},{"not_picked":["Grand Finale","Burst"],"picked":"Adrenaline","floor":33},{"not_picked":["PiercingWail","Cloak And Dagger","Prepared"],"picked":"SKIP","floor":35},{"not_picked":["Bane","Sucker Punch"],"picked":"Wraith Form v2","floor":41},{"not_picked":["Sucker Punch","PiercingWail"],"picked":"Crippling Poison","floor":42},{"not_picked":["Dodge and Roll","Acrobatics+1"],"picked":"Bane+1","floor":47}],"player_experience":1597844,"relics_obtained":[{"floor":5.0,"key":"Tiny Chest"},{"floor":9.0,"key":"Paper Crane"},{"floor":13.0,"key":"Boot"},{"floor":14.0,"key":"Lantern"},{"floor":19.0,"key":"CeramicFish"},{"floor":26.0,"key":"Art of War"},{"floor":37,"key":"Dream Catcher"},{"floor":41,"key":"TungstenRod"},{"floor":43,"key":"StoneCalendar"},{"floor":46,"key":"Bottled Lightning"},{"floor":47,"key":"Kunai"},{"floor":48,"key":"CatCart"}],"event_choices":[{"damage_healed":0.0,"max_hp_gain":5.0,"max_hp_loss":0.0,"gold_gain":0.0,"event_name":"Big Fish","player_choice":"Donut","floor":11.0,"gold_loss":0.0,"damage_taken":0.0},{"damage_healed":0.0,"max_hp_gain":0.0,"max_hp_loss":0.0,"gold_gain":30.0,"event_name":"Dead Adventurer","player_choice":"Searched \u00272\u0027 times","floor":14.0,"gold_loss":0.0,"damage_taken":0.0},{"damage_healed":0,"gold_gain":0,"player_choice":"Upgraded","damage_taken":0,"max_hp_gain":0,"max_hp_loss":0,"event_name":"Upgrade Shrine","floor":36,"gold_loss":0,"cards_upgraded":["Well Laid Plans"]},{"damage_healed":0,"gold_gain":0,"player_choice":"Forge","damage_taken":0,"max_hp_gain":0,"max_hp_loss":0,"event_name":"Accursed Blacksmith","floor":39,"gold_loss":0,"cards_upgraded":["Adrenaline"]},{"damage_healed":0,"gold_gain":0,"player_choice":"Memory 1","damage_taken":0,"max_hp_gain":0,"max_hp_loss":0,"event_name":"SensoryStone","floor":44,"gold_loss":0},{"damage_healed":0,"gold_gain":0,"player_choice":"Fight","damage_taken":0,"max_hp_gain":0,"max_hp_loss":0,"event_name":"OrinTheCat","floor":48,"gold_loss":0}],"is_beta":false,"boss_relics":[{"not_picked":["Fusion Hammer","Tiny House"],"picked":"Sozu"},{"not_picked":["Velvet Choker","bronze:MakeshiftBattery"],"picked":"Empty Cage"}],"items_purged_floors":[4,24],"is_endless":false,"potions_floor_spawned":[2,13,14,16,18,20,22,31,35,42,48],"ascension_level":17}}