{"host":"5wwct7e0z3l0f094","time":1613784053,"event":{"mods":["AchievementEnabler","BaseMod","Downfall","Highlight Path","Minty Spire (QoL Compilation)","Quick Restart","StSLib","SuperFastMode"],"gold_per_floor":[109,109,122,297,134,160,170,203,203,233,245,309,321,351,363,375,375],"floor_reached":16,"language":"ENG","playtime":397,"items_purged":["Doubt"],"score":229,"play_id":"74076ac8-6a70-4308-8874-27f5b27322a2","local_time":"20210219202053","is_ascension_mode":true,"campfire_choices":[{"floor":11,"key":"REST"},{"data":"Bash","floor":15,"key":"SMITH"}],"circlet_count":0,"master_deck":["AscendersBane","Strike_R","Strike_R","Strike_R","Strike_R","Strike_R","Defend_R","Defend_R","Defend_R","Bash+1","Flex","Heavy Blade","Clash","Bloodletting","Cleave","Heavy Blade"],"relics":["Burning Blood","NeowsBlessing","Anchor","Gambling Chip","Sundial","MawBank","NlothsMask"],"acts_visited":["Exordium"],"potions_floor_usage":[16],"damage_taken":[{"damage":0,"enemies":"Jaw Worm","floor":1,"turns":1},{"damage":0,"enemies":"Cultist","floor":3,"turns":1},{"damage":0,"enemies":"3 Sentries","floor":6,"turns":2},{"damage":8,"enemies":"Small Slimes","floor":7,"turns":5},{"damage":32,"enemies":"Gremlin Nob","floor":8,"turns":4},{"damage":38,"enemies":"Lagavulin","floor":10,"turns":5},{"damage":9,"enemies":"Exordium Wildlife","floor":14,"turns":3},{"damage":44,"enemies":"Hexaghost","floor":16,"turns":7}],"seed_played":"6105485665901744108","potions_obtained":[{"floor":8,"key":"sneckomod:MuddlingPotion"},{"floor":14,"key":"Weak Potion"}],"is_trial":false,"path_per_floor":["M","?","M","?","$","E","M","E","T","E","R","T","?","M","R","B"],"character_chosen":"IRONCLAD","items_purchased":["Clash","Bloodletting"],"campfire_rested":1,"item_purchase_floors":[5,5],"current_hp_per_floor":[78,78,80,80,80,80,78,52,52,20,44,44,44,41,41,0,0],"gold":375,"neow_bonus":"THREE_ENEMY_KILL","is_daily":false,"chose_seed":false,"campfire_upgraded":1,"win_rate":0.0,"timestamp":1613784053,"path_taken":["M","?","?","?","$","E","M","E","T","E","R","?","?","?","R","BOSS"],"items_purchased_type":["Card","Card"],"build_version":"2020-12-22","purchased_purges":1,"victory":false,"max_hp_per_floor":[80,80,80,80,80,80,80,80,80,80,80,80,80,80,80,80,80],"card_choices":[{"not_picked":["Iron Wave","Sentinel"],"picked":"Flex","floor":1},{"not_picked":["Infernal Blade","Iron Wave"],"picked":"Heavy Blade","floor":3},{"not_picked":["Perfected Strike","Warcry","Shrug It Off"],"picked":"SKIP","floor":6},{"not_picked":["Combust","Clothesline","Pommel Strike"],"picked":"SKIP","floor":7},{"not_picked":["Uppercut","Disarm"],"picked":"Cleave","floor":8},{"not_picked":["Dropkick","Sword Boomerang"],"picked":"Heavy Blade","floor":10},{"not_picked":["Sentinel","Iron Wave","Bludgeon"],"picked":"SKIP","floor":14}],"player_experience":349284,"relics_obtained":[{"floor":6,"key":"Anchor"},{"floor":8,"key":"Gambling Chip"},{"floor":9,"key":"Sundial"},{"floor":10,"key":"MawBank"}],"event_choices":[{"cards_removed":["Defend_R"],"damage_healed":0,"gold_gain":0,"player_choice":"Purged","damage_taken":0,"max_hp_gain":0,"max_hp_loss":0,"event_name":"Purifier","floor":2,"gold_loss":0},{"damage_healed":0,"gold_gain":175,"player_choice":"AGREE","damage_taken":0,"max_hp_gain":0,"max_hp_loss":0,"event_name":"Liars Game","floor":4,"gold_loss":0,"cards_obtained":["Doubt"]},{"damage_healed":0,"gold_gain":0,"player_choice":"Trade","damage_taken":0,"relics_obtained":["NlothsMask"],"max_hp_gain":0,"max_hp_loss":0,"event_name":"FaceTrader","floor":13,"gold_loss":0}],"is_beta":false,"boss_relics":[],"items_purged_floors":[5],"is_endless":false,"potions_floor_spawned":[8,14],"killed_by":"Hexaghost","ascension_level":12}}