{"host":"91blwi3hgehj6ch9","time":1613780717,"event":{"mods":["2.2 Compatiblity","AchievementEnabler","BaseMod","Colored Map","DeckTracker","Keyboard Shortcuts","Minty Spire (QoL Compilation)","Permanent Neow","Relic Stats","StSLib","SuperFastMode","everything is the same but u backflip on backflip"],"gold_per_floor":[117,42,60,77,77,77,91,111,111,11,28,40,40,57,57,57,57],"floor_reached":16,"language":"KOR","playtime":470,"items_purged":["Strike_G","Strike_G"],"score":192,"play_id":"6d4df844-2c03-43c5-ac3e-b74dfebdfc1a","local_time":"20210220092517","is_ascension_mode":true,"campfire_choices":[{"data":"Tactician","floor":6.0,"key":"SMITH"},{"data":"Masterful Stab","floor":15,"key":"SMITH"}],"circlet_count":0,"master_deck":["AscendersBane","Strike_G","Strike_G","Strike_G","Defend_G","Defend_G","Defend_G","Defend_G","Survivor","Neutralize","Backstab","Quick Slash","Dagger Throw","Tactician+1","Masterful Stab+1","Acrobatics","Prepared","Dagger Spray"],"relics":["Ring of the Snake","Unceasing Top"],"acts_visited":["Exordium"],"potions_floor_usage":[16,16],"damage_taken":[{"damage":0.0,"enemies":"2 Louse","floor":1.0,"turns":2.0},{"damage":0.0,"enemies":"Cultist","floor":3.0,"turns":3.0},{"damage":0.0,"enemies":"Jaw Worm","floor":4.0,"turns":3.0},{"damage":9.0,"enemies":"Exordium Thugs","floor":7.0,"turns":6.0},{"damage":0.0,"enemies":"2 Fungi Beasts","floor":8.0,"turns":2.0},{"damage":9.0,"enemies":"Exordium Wildlife","floor":11.0,"turns":5.0},{"damage":3,"enemies":"Large Slime","floor":12,"turns":5},{"damage":0,"enemies":"Blue Slaver","floor":14,"turns":2},{"damage":37,"enemies":"Slime Boss","floor":16,"turns":8}],"seed_played":"6644197718992016122","potions_obtained":[{"floor":3.0,"key":"Fire Potion"},{"floor":12,"key":"DuplicationPotion"},{"floor":14,"key":"Dexterity Potion"}],"is_trial":false,"path_per_floor":["M","$","M","M","?","R","M","M","T","$","M","M","$","M","R","B"],"character_chosen":"THE_SILENT","items_purchased":[],"campfire_rested":0,"item_purchase_floors":[],"current_hp_per_floor":[59,59,59,59,52,52,43,43,43,43,34,31,31,31,31,0,0],"gold":57,"neow_bonus":"THREE_CARDS","is_daily":false,"chose_seed":false,"campfire_upgraded":2,"win_rate":0.0,"timestamp":1613780717,"path_taken":["M","$","M","M","?","R","M","M","T","$","M","M","$","M","R","BOSS"],"items_purchased_type":[],"build_version":"2020-12-22","purchased_purges":2,"victory":false,"max_hp_per_floor":[66,66,66,66,66,66,66,66,66,66,66,66,66,66,66,66,66],"relic_stats":{"counters":[9,36],"obtain_stats":[{"Unceasing Top":9,"Ring of the Snake":0},{"Unceasing Top":5,"Ring of the Snake":0},{"Unceasing Top":16,"Ring of the Snake":0}],"Unceasing Top":[5],"Ring of the Snake":[18]},"card_choices":[{"not_picked":["Escape Plan","Dagger Spray"],"picked":"Backstab","floor":0.0},{"not_picked":["Slice","Flechettes"],"picked":"Quick Slash","floor":1.0},{"not_picked":["Sucker Punch","Backflip"],"picked":"Dagger Throw","floor":3.0},{"not_picked":["Deflect","Concentrate"],"picked":"Tactician","floor":4.0},{"not_picked":["Deflect","Slice"],"picked":"Masterful Stab","floor":7.0},{"not_picked":["Poisoned Stab","Quick Slash"],"picked":"Acrobatics","floor":8.0},{"not_picked":["Tactician","Flying Knee"],"picked":"Prepared","floor":11.0},{"not_picked":["Deadly Poison","Riddle With Holes","Bane"],"picked":"SKIP","floor":12},{"not_picked":["All Out Attack","Phantasmal Killer"],"picked":"Dagger Spray","floor":14}],"player_experience":290647,"relics_obtained":[{"floor":9.0,"key":"Unceasing Top"}],"event_choices":[{"cards_removed":["Defend_G"],"damage_healed":0.0,"max_hp_gain":0.0,"max_hp_loss":0.0,"gold_gain":0.0,"event_name":"Golden Wing","player_choice":"Card Removal","floor":5.0,"gold_loss":0.0,"damage_taken":7.0}],"is_beta":false,"boss_relics":[],"items_purged_floors":[2,10],"is_endless":false,"potions_floor_spawned":[3,12,14],"killed_by":"Slime Boss","ascension_level":20}}