{"host":"l2lylj0omvglf5x0","time":1613817092,"event":{"mods":["2.2 Compatiblity","BaseMod","Bestiary","Block Reminder","Colored Map","Colored Powertips","Curses Come First","Highlight Path","Keyboard Shortcuts","Minty Spire (QoL Compilation)","Relic Sorter","Relic Stats","Slay the Relics Exporter","StSLib","SuperFastMode"],"gold_per_floor":[116,66,80,98,110,110,139,151,163,175,187,229,241,281,293,405,417,441,468,129,140,140,175,175,175,201,201,234,247,263,294,294,391,391,404,419,419,419,63,63,88,88,88,116,129,129,149,149,149],"floor_reached":48,"language":"ENG","playtime":4127,"items_purged":["Strike_R"],"score":1005,"play_id":"44e53e05-3ac0-461e-ad4b-343c9a5dba6c","local_time":"20210220113132","is_ascension_mode":true,"campfire_choices":[{"data":"Infernal Blade","floor":6.0,"key":"SMITH"},{"data":"Bash","floor":8.0,"key":"SMITH"},{"data":"Dark Embrace","floor":10.0,"key":"SMITH"},{"floor":13.0,"key":"REST"},{"data":"Clothesline","floor":15.0,"key":"SMITH"},{"data":"Feed","floor":24,"key":"SMITH"},{"floor":27,"key":"REST"},{"data":"Demon Form","floor":32,"key":"SMITH"},{"data":"Rupture","floor":40,"key":"SMITH"},{"floor":42,"key":"REST"}],"circlet_count":0,"master_deck":["AscendersBane","Strike_R","Defend_R","Defend_R","Defend_R","Defend_R","Bash+1","Clothesline+1","Cleave+1","Ghostly Armor","Infernal Blade+1","Dark Embrace+1","Reaper","Dual Wield+1","Demon Form+1","Battle Trance+1","True Grit+1","Dropkick","Feed+1","Disarm+1","Shrug It Off+1","Shrug It Off+1","Berserk","Rupture+1","Body Slam+1","Combust","Entrench+1","Normality","Seeing Red+1","Trip+1","Bandage Up+1","Secret Technique+1","Feel No Pain+1"],"relics":["Sozu","MawBank","Toxic Egg 2","Shuriken","Matryoshka","Cursed Key","Bottled Flame","Self Forming Clay","Art of War","Nunchaku","Pocketwatch","Paper Frog","Empty Cage","Ice Cream","Thread and Needle","Kunai","Calipers","Strawberry"],"acts_visited":["Exordium","TheCity","TheBeyond"],"potions_floor_usage":[],"damage_taken":[{"damage":8.0,"enemies":"2 Louse","floor":1.0,"turns":3.0},{"damage":2.0,"enemies":"Jaw Worm","floor":3.0,"turns":3.0},{"damage":0.0,"enemies":"Cultist","floor":4.0,"turns":3.0},{"damage":1.0,"enemies":"Looter","floor":5.0,"turns":3.0},{"damage":19.0,"enemies":"Gremlin Nob","floor":7.0,"turns":4.0},{"damage":20.0,"enemies":"Lagavulin","floor":12.0,"turns":5.0},{"damage":21.0,"enemies":"Gremlin Nob","floor":14.0,"turns":4.0},{"damage":47.0,"enemies":"The Guardian","floor":16.0,"turns":12.0},{"damage":9.0,"enemies":"Shell Parasite","floor":18.0,"turns":3.0},{"damage":13.0,"enemies":"3 Byrds","floor":19.0,"turns":4.0},{"damage":3.0,"enemies":"Snake Plant","floor":21.0,"turns":2.0},{"damage":34,"enemies":"Book of Stabbing","floor":23,"turns":8},{"damage":30,"enemies":"Slavers","floor":28,"turns":6},{"damage":11,"enemies":"Chosen and Byrds","floor":29,"turns":6},{"damage":11,"enemies":"3 Cultists","floor":30,"turns":5},{"damage":14,"enemies":"Book of Stabbing","floor":31,"turns":7},{"damage":48,"enemies":"Automaton","floor":33,"turns":9},{"damage":2,"enemies":"Orb Walker","floor":35,"turns":5},{"damage":24,"enemies":"3 Darklings","floor":36,"turns":6},{"damage":93,"enemies":"Reptomancer","floor":41,"turns":6},{"damage":7,"enemies":"Giant Head","floor":44,"turns":9},{"damage":9,"enemies":"Jaw Worm Horde","floor":45,"turns":7},{"damage":104,"enemies":"Transient","floor":47,"turns":5},{"damage":64,"enemies":"Reptomancer","floor":48,"turns":3}],"seed_played":"-6871717219016816874","potions_obtained":[],"is_trial":false,"path_per_floor":["M","?","M","M","M","R","E","R","T","R","?","E","R","E","R","B",null,"M","M","$","M","?","E","R","?","T","R","E","M","M","E","R","B",null,"M","M","?","?","$","R","E","R","T","E","M","?","M","E"],"character_chosen":"IRONCLAD","items_purchased":["True Grit+1","Bottled Flame","Ice Cream","Combust"],"campfire_rested":3,"item_purchase_floors":[20,20,39,39],"current_hp_per_floor":[64,64,62,62,61,61,42,42,42,42,42,22,46,30,30,16,64,55,56,56,53,53,41,41,41,41,65,51,57,69,67,67,45,86,95,84,84,84,84,84,23,55,55,117,122,112,21,0,0],"gold":149,"neow_bonus":"BOSS_RELIC","is_daily":false,"chose_seed":false,"campfire_upgraded":7,"win_rate":0.0,"timestamp":1613817092,"path_taken":["M","?","M","M","M","R","E","R","T","R","?","E","R","E","R","BOSS","M","M","$","?","?","E","R","?","T","R","E","M","M","E","R","BOSS","M","M","?","?","$","R","E","R","T","E","?","?","M","E"],"items_purchased_type":["Card","Relic","Relic","Card"],"build_version":"2020-12-22","purchased_purges":1,"victory":false,"max_hp_per_floor":[80,80,80,80,80,80,80,80,80,80,80,80,80,80,80,80,80,80,80,80,80,80,80,80,80,80,80,84,92,96,96,96,100,100,104,108,103,103,103,103,107,107,107,118,122,122,122,122,122],"relic_stats":{"Sozu":14,"Nunchaku":[13],"counters":[24,128],"Shuriken":[35],"Self Forming Clay":[141],"Art of War":[13],"Kunai":[3],"MawBank":156,"Cursed Key":2,"obtain_stats":[{"Ice Cream":39,"Calipers":43,"Self Forming Clay":23,"Thread and Needle":41,"MawBank":7,"Cursed Key":17,"Empty Cage":34,"Burning Blood":0,"Sozu":0,"Bottled Flame":20,"Nunchaku":26,"Matryoshka":14,"Shuriken":12,"Strawberry":44,"Art of War":26,"Kunai":43,"Toxic Egg 2":9,"Pocketwatch":28,"Paper Frog":31},{"Ice Cream":19,"Calipers":20,"Self Forming Clay":12,"Thread and Needle":20,"MawBank":5,"Cursed Key":8,"Empty Cage":17,"Burning Blood":0,"Sozu":0,"Bottled Flame":10,"Nunchaku":12,"Matryoshka":7,"Shuriken":6,"Strawberry":21,"Art of War":12,"Kunai":20,"Toxic Egg 2":5,"Pocketwatch":13,"Paper Frog":16},{"Ice Cream":98,"Calipers":104,"Self Forming Clay":54,"Thread and Needle":104,"MawBank":16,"Cursed Key":37,"Empty Cage":87,"Burning Blood":0,"Sozu":0,"Bottled Flame":44,"Nunchaku":54,"Matryoshka":25,"Shuriken":21,"Strawberry":113,"Art of War":54,"Kunai":104,"Toxic Egg 2":16,"Pocketwatch":60,"Paper Frog":78}],"Pocketwatch":[42]},"card_choices":[{"not_picked":["Sentinel","Dark Embrace"],"picked":"Clothesline","floor":1.0},{"not_picked":["Infernal Blade","Wild Strike"],"picked":"Cleave","floor":3.0},{"not_picked":["Warcry","Flex"],"picked":"Ghostly Armor","floor":4.0},{"not_picked":["Anger","Clothesline"],"picked":"Infernal Blade","floor":5.0},{"not_picked":["Anger","Body Slam"],"picked":"Dark Embrace","floor":7.0},{"not_picked":["Burning Pact+1","Searing Blow"],"picked":"Reaper","floor":12.0},{"not_picked":["Whirlwind","Anger"],"picked":"Dual Wield+1","floor":14.0},{"not_picked":["Impervious+1","Fiend Fire"],"picked":"Demon Form","floor":16.0},{"not_picked":["Headbutt","Body Slam"],"picked":"Battle Trance+1","floor":18.0},{"not_picked":["Dual Wield+1","Anger+1","Carnage"],"picked":"SKIP","floor":19.0},{"not_picked":["True Grit+1","Flex+1"],"picked":"Dropkick","floor":21},{"not_picked":["Perfected Strike+1","Immolate"],"picked":"Feed","floor":23},{"not_picked":["Havoc+1","Impervious+1"],"picked":"Disarm+1","floor":28},{"not_picked":["Searing Blow","Battle Trance+1"],"picked":"Shrug It Off+1","floor":29},{"not_picked":["Blood for Blood","Perfected Strike","Rampage"],"picked":"SKIP","floor":30},{"not_picked":["Sever Soul","Inflame"],"picked":"Shrug It Off+1","floor":31},{"not_picked":["Demon Form","Impervious+1"],"picked":"Berserk","floor":33},{"not_picked":["Iron Wave","True Grit+1"],"picked":"Rupture","floor":35},{"not_picked":["Uppercut","Warcry+1"],"picked":"Body Slam+1","floor":36},{"not_picked":["Power Through+1","Battle Trance+1"],"picked":"Entrench+1","floor":41},{"not_picked":["Havoc+1","Twin Strike+1","Feed"],"picked":"SKIP","floor":44},{"not_picked":["Warcry+1","Havoc+1"],"picked":"Seeing Red+1","floor":45},{"not_picked":["Discovery+1","Impatience+1"],"picked":"Trip+1","floor":46},{"not_picked":["Purity+1","Flash of Steel"],"picked":"Bandage Up+1","floor":46},{"not_picked":["Trip+1","Violence+1"],"picked":"Secret Technique+1","floor":46},{"not_picked":["Second Wind+1","Perfected Strike+1"],"picked":"Feel No Pain+1","floor":47}],"player_experience":996536,"relics_obtained":[{"floor":7.0,"key":"MawBank"},{"floor":9.0,"key":"Toxic Egg 2"},{"floor":12.0,"key":"Shuriken"},{"floor":14.0,"key":"Matryoshka"},{"floor":23,"key":"Self Forming Clay"},{"floor":26,"key":"Art of War"},{"floor":26,"key":"Nunchaku"},{"floor":28,"key":"Pocketwatch"},{"floor":31,"key":"Paper Frog"},{"floor":41,"key":"Thread and Needle"},{"floor":43,"key":"Kunai"},{"floor":43,"key":"Calipers"},{"floor":44,"key":"Strawberry"}],"event_choices":[{"cards_removed":["Strike_R"],"damage_healed":0.0,"max_hp_gain":0.0,"max_hp_loss":0.0,"gold_gain":0.0,"event_name":"The Cleric","player_choice":"Card Removal","floor":2.0,"gold_loss":50.0,"damage_taken":0.0},{"damage_healed":0.0,"max_hp_gain":0.0,"max_hp_loss":0.0,"gold_gain":0.0,"event_name":"Upgrade Shrine","player_choice":"Upgraded","floor":11.0,"gold_loss":0.0,"damage_taken":0.0,"cards_upgraded":["Cleave"]},{"damage_healed":0,"gold_gain":0,"player_choice":"Ignored","damage_taken":0,"max_hp_gain":0,"max_hp_loss":0,"event_name":"Ghosts","floor":22,"gold_loss":0},{"cards_removed":["Strike_R"],"damage_healed":0,"gold_gain":0,"player_choice":"Purged","damage_taken":0,"max_hp_gain":0,"max_hp_loss":0,"event_name":"Purifier","floor":25,"gold_loss":0},{"damage_healed":0,"gold_gain":0,"player_choice":"Max HP","damage_taken":0,"max_hp_gain":0,"max_hp_loss":5,"event_name":"Winding Halls","floor":37,"gold_loss":0},{"damage_healed":0,"gold_gain":0,"player_choice":"Got Potions","damage_taken":0,"max_hp_gain":0,"max_hp_loss":0,"event_name":"Lab","floor":38,"gold_loss":0},{"damage_healed":0,"gold_gain":0,"player_choice":"Memory 3","damage_taken":10,"max_hp_gain":0,"max_hp_loss":0,"event_name":"SensoryStone","floor":46,"gold_loss":0}],"is_beta":false,"boss_relics":[{"not_picked":["SacredBark","Coffee Dripper"],"picked":"Cursed Key"},{"not_picked":["SlaversCollar","Pandora\u0027s Box"],"picked":"Empty Cage"}],"items_purged_floors":[20],"is_endless":false,"potions_floor_spawned":[1,3,5,7,19,21,29,30,33,44,45],"killed_by":"Reptomancer","ascension_level":11}}