{"host":"rolltorest","time":1613782680,"event":{"mods":["BaseMod","Minty Spire (QoL Compilation)","Relic Stats","Slay the Relics Exporter","StSLib"],"gold_per_floor":[112,37,54,204,204,248,264,32,85,110,110,141,165,198,198,289,289,307,307,307,307],"floor_reached":20,"language":"ENG","playtime":609,"items_purged":["Doubt"],"score":434,"play_id":"e91f314b-3c71-40e5-8f45-d4e190dd6f0e","local_time":"20210219165800","is_ascension_mode":true,"campfire_choices":[{"data":"Barrage","floor":11,"key":"SMITH"},{"data":"Sweeping Beam","floor":15,"key":"SMITH"}],"circlet_count":0,"master_deck":["AscendersBane","Strike_B","Strike_B","Strike_B","Defend_B","Defend_B+1","Defend_B+1","Defend_B","Zap","Dualcast","Compile Driver","Sweeping Beam+1","Cold Snap","Barrage+1","Meteor Strike","Coolheaded","Biased Cognition","Hologram"],"relics":["Cracked Core","NeowsBlessing","Golden Idol","War Paint","ClockworkSouvenir","Potion Belt","Juzu Bracelet","CaptainsWheel","Philosopher\u0027s Stone"],"acts_visited":["Exordium","TheCity"],"potions_floor_usage":[14,16,16],"damage_taken":[{"damage":0,"enemies":"Small Slimes","floor":1,"turns":1},{"damage":0,"enemies":"2 Louse","floor":3,"turns":1},{"damage":0,"enemies":"Gremlin Nob","floor":6,"turns":1},{"damage":10,"enemies":"Jaw Worm","floor":7,"turns":3},{"damage":0,"enemies":"Large Slime","floor":10,"turns":6},{"damage":10,"enemies":"Lagavulin","floor":12,"turns":7},{"damage":8,"enemies":"Exordium Wildlife","floor":13,"turns":5},{"damage":8,"enemies":"Gremlin Nob","floor":14,"turns":3},{"damage":15,"enemies":"Slime Boss","floor":16,"turns":8},{"damage":24,"enemies":"3 Byrds","floor":18,"turns":5},{"damage":30,"enemies":"Masked Bandits","floor":20,"turns":2}],"seed_played":"4600547813030201799","potions_obtained":[{"floor":3,"key":"Ancient Potion"},{"floor":6,"key":"LiquidMemories"},{"floor":10,"key":"Block Potion"},{"floor":12,"key":"PowerPotion"}],"is_trial":false,"path_per_floor":["M","?","M","?","?","E","M","$","T","M","R","E","M","E","R","B",null,"M","?","?"],"character_chosen":"DEFECT","items_purchased":["ClockworkSouvenir"],"campfire_rested":0,"item_purchase_floors":[8],"current_hp_per_floor":[64,64,64,64,64,64,54,54,54,54,54,44,36,28,28,13,51,27,27,0,0],"gold":307,"neow_bonus":"THREE_ENEMY_KILL","is_daily":false,"chose_seed":false,"campfire_upgraded":2,"win_rate":0.0,"timestamp":1613782680,"path_taken":["M","?","M","?","?","E","M","$","T","M","R","E","M","E","R","BOSS","M","?","?"],"items_purchased_type":["Relic"],"build_version":"2020-12-18","purchased_purges":1,"victory":false,"max_hp_per_floor":[71,71,71,71,64,64,64,64,64,64,64,64,64,64,64,64,64,64,64,64,64],"relic_stats":{"counters":[11,42],"Golden Idol":64,"Juzu Bracelet":0,"War Paint":["Defend_B","Defend_B"],"obtain_stats":[{"Potion Belt":9,"CaptainsWheel":14,"NeowsBlessing":0,"Golden Idol":5,"Philosopher\u0027s Stone":17,"Juzu Bracelet":12,"War Paint":6,"Cracked Core":0,"ClockworkSouvenir":8},{"Potion Belt":4,"CaptainsWheel":8,"NeowsBlessing":0,"Golden Idol":2,"Philosopher\u0027s Stone":9,"Juzu Bracelet":6,"War Paint":3,"Cracked Core":0,"ClockworkSouvenir":4},{"Potion Belt":6,"CaptainsWheel":27,"NeowsBlessing":0,"Golden Idol":2,"Philosopher\u0027s Stone":35,"Juzu Bracelet":19,"War Paint":3,"Cracked Core":0,"ClockworkSouvenir":6}]},"card_choices":[{"not_picked":["Go for the Eyes","Leap"],"picked":"Compile Driver","floor":1},{"not_picked":["Coolheaded","Leap"],"picked":"Sweeping Beam","floor":3},{"not_picked":["Streamline","Consume"],"picked":"Cold Snap","floor":6},{"not_picked":["Consume","Streamline","Steam"],"picked":"SKIP","floor":7},{"not_picked":["Turbo","Steam"],"picked":"Barrage","floor":10},{"not_picked":["Reprogram","Blizzard","Fusion"],"picked":"SKIP","floor":12},{"not_picked":["Beam Cell","Streamline"],"picked":"Meteor Strike","floor":13},{"not_picked":["Streamline","Steam"],"picked":"Coolheaded","floor":14},{"not_picked":["Hyperbeam","Reboot"],"picked":"Biased Cognition","floor":16},{"not_picked":["Sweeping Beam","Beam Cell","Sunder"],"picked":"SKIP","floor":18}],"player_experience":2008786,"relics_obtained":[{"floor":6,"key":"War Paint"},{"floor":9,"key":"Potion Belt"},{"floor":12,"key":"Juzu Bracelet"},{"floor":14,"key":"CaptainsWheel"}],"event_choices":[{"cards_removed":["Strike_B"],"damage_healed":0,"gold_gain":0,"player_choice":"Card Removal","damage_taken":0,"max_hp_gain":0,"max_hp_loss":0,"event_name":"The Cleric","floor":2,"gold_loss":75},{"damage_healed":0,"gold_gain":150,"player_choice":"AGREE","damage_taken":0,"max_hp_gain":0,"max_hp_loss":0,"event_name":"Liars Game","floor":4,"gold_loss":0,"cards_obtained":["Doubt"]},{"damage_healed":0,"gold_gain":0,"player_choice":"Lose Max HP","damage_taken":0,"relics_obtained":["Golden Idol"],"max_hp_gain":0,"max_hp_loss":7,"event_name":"Golden Idol","floor":5,"gold_loss":0},{"damage_healed":0,"gold_gain":0,"player_choice":"Read","damage_taken":0,"max_hp_gain":0,"max_hp_loss":0,"event_name":"The Library","floor":19,"gold_loss":0,"cards_obtained":["Hologram"]},{"damage_healed":0,"gold_gain":0,"player_choice":"Fought Bandits","damage_taken":0,"max_hp_gain":0,"max_hp_loss":0,"event_name":"Masked Bandits","floor":20,"gold_loss":0}],"is_beta":true,"boss_relics":[{"not_picked":["Pandora\u0027s Box","Busted Crown"],"picked":"Philosopher\u0027s Stone"}],"items_purged_floors":[8],"is_endless":false,"potions_floor_spawned":[3,6,10,12],"killed_by":"Masked Bandits","ascension_level":20}}