{"host":"3t6uby4o5waaq95r","time":1613847422,"event":{"mods":["AchievementEnabler","BaseMod","Bestiary","Colored Map","Highlight Path","Minty Spire (QoL Compilation)","Permanent Neow","Quick Restart","Random Character Button","SuperFastMode"],"gold_per_floor":[114,133,133,58,78,110,110,136,136,156,171,184,184,202,202,273,273,288,307,125,136,136,136,166,177,226,18,18,18,18,36,36,36,36],"floor_reached":33,"language":"ENG","playtime":1764,"items_purged":["Defend_R","Strike_R"],"score":527,"play_id":"1c351783-e30a-4031-8393-096fc24d9110","local_time":"20210220125702","is_ascension_mode":true,"campfire_choices":[{"data":"Flame Barrier","floor":7.0,"key":"SMITH"},{"data":"Armaments","floor":13.0,"key":"SMITH"},{"data":"Warcry","floor":15.0,"key":"SMITH"},{"floor":23.0,"key":"REST"},{"floor":28.0,"key":"DIG"},{"floor":30.0,"key":"DIG"},{"floor":32.0,"key":"DIG"}],"circlet_count":0,"master_deck":["AscendersBane","Strike_R","Defend_R","Defend_R","Bash","Cleave","Anger","Dual Wield","Cleave","Flame Barrier+1","Warcry+1","Flex","Shrug It Off","Armaments+1","Anger","Feed","CurseOfTheBell","Infernal Blade","Flame Barrier+1","Swift Strike","Pommel Strike","Juggernaut","Entrench","Headbutt+1","Shrug It Off","Finesse","Combust+1"],"relics":["Burning Blood","Bronze Scales","Red Skull","Mango","Pantograph","Calling Bell","Regal Pillow","Eternal Feather","Shovel","Tiny Chest","Potion Belt","Darkstone Periapt","Omamori","Prayer Wheel"],"acts_visited":["Exordium","TheCity"],"potions_floor_usage":[],"damage_taken":[{"damage":2.0,"enemies":"2 Louse","floor":1.0,"turns":3.0},{"damage":7.0,"enemies":"Jaw Worm","floor":2.0,"turns":3.0},{"damage":0.0,"enemies":"Cultist","floor":5.0,"turns":3.0},{"damage":25.0,"enemies":"Lagavulin","floor":6.0,"turns":5.0},{"damage":20.0,"enemies":"Gremlin Nob","floor":8.0,"turns":5.0},{"damage":6.0,"enemies":"2 Fungi Beasts","floor":10.0,"turns":2.0},{"damage":0.0,"enemies":"3 Louse","floor":11.0,"turns":1.0},{"damage":11.0,"enemies":"Looter","floor":12.0,"turns":3.0},{"damage":0.0,"enemies":"Exordium Wildlife","floor":14.0,"turns":3.0},{"damage":54.0,"enemies":"Slime Boss","floor":16.0,"turns":9.0},{"damage":15.0,"enemies":"Spheric Guardian","floor":18.0,"turns":5.0},{"damage":30.0,"enemies":"2 Thieves","floor":19.0,"turns":4.0},{"damage":35.0,"enemies":"Shelled Parasite and Fungi","floor":21.0,"turns":5.0},{"damage":46.0,"enemies":"Book of Stabbing","floor":24.0,"turns":7.0},{"damage":12.0,"enemies":"Cultist and Chosen","floor":25.0,"turns":4.0},{"damage":22.0,"enemies":"Sentry and Sphere","floor":31.0,"turns":5.0},{"damage":105,"enemies":"Collector","floor":33,"turns":6}],"seed_played":"8589093252008833208","potions_obtained":[{"floor":1.0,"key":"AttackPotion"},{"floor":6.0,"key":"Block Potion"},{"floor":10.0,"key":"EssenceOfSteel"},{"floor":12.0,"key":"SteroidPotion"},{"floor":21.0,"key":"Weak Potion"},{"floor":25.0,"key":"Dexterity Potion"},{"floor":31.0,"key":"Fruit Juice"}],"is_trial":false,"path_per_floor":["M","M","?","?","M","E","R","E","T","M","M","M","R","M","R","B",null,"M","M","$","M","?","R","E","M","T","$","R","?","R","M","R","B"],"character_chosen":"IRONCLAD","items_purchased":["Swift Strike","Finesse"],"campfire_rested":1,"item_purchase_floors":[20,27],"current_hp_per_floor":[72,71,71,71,75,56,56,56,56,56,62,57,57,63,63,40,77,68,47,47,21,21,76,36,30,30,30,45,45,60,52,67,0,0],"gold":36,"neow_bonus":"RANDOM_COMMON_RELIC","is_daily":false,"chose_seed":false,"campfire_upgraded":3,"win_rate":0.0,"timestamp":1613847422,"path_taken":["M","M","?","?","M","E","R","E","T","M","M","?","R","M","R","BOSS","M","?","$","M","?","R","E","M","T","$","R","?","R","M","R","BOSS"],"items_purchased_type":["Card","Card"],"build_version":"2020-12-22","purchased_purges":2,"victory":false,"max_hp_per_floor":[75,75,75,75,75,75,75,89,89,89,89,89,89,89,89,89,89,89,92,92,95,95,95,95,95,95,95,95,95,95,103,103,103,103],"card_choices":[{"not_picked":["Perfected Strike","Wild Strike"],"picked":"Cleave","floor":1.0},{"not_picked":["Perfected Strike","Heavy Blade"],"picked":"Anger","floor":2.0},{"not_picked":["Limit Break","Sword Boomerang"],"picked":"Cleave","floor":5.0},{"not_picked":["Fire Breathing","Heavy Blade"],"picked":"Flame Barrier","floor":6.0},{"not_picked":["Dropkick","Evolve"],"picked":"Warcry","floor":8.0},{"not_picked":["Anger","Body Slam"],"picked":"Flex","floor":10.0},{"not_picked":["Sword Boomerang","Cleave"],"picked":"Shrug It Off","floor":11.0},{"not_picked":["Inflame","Reckless Charge"],"picked":"Armaments","floor":12.0},{"not_picked":["True Grit","Wild Strike"],"picked":"Anger","floor":14.0},{"not_picked":["Reaper","Demon Form"],"picked":"Feed","floor":16.0},{"not_picked":["Havoc","True Grit"],"picked":"Infernal Blade","floor":18.0},{"not_picked":["Twin Strike","Infernal Blade"],"picked":"Flame Barrier+1","floor":19.0},{"not_picked":["Dual Wield","Sword Boomerang"],"picked":"Pommel Strike","floor":21.0},{"not_picked":["Shrug It Off","Exhume"],"picked":"Headbutt+1","floor":24.0},{"not_picked":["Power Through","Armaments"],"picked":"Shrug It Off","floor":25.0},{"not_picked":["Twin Strike","Flex"],"picked":"Combust+1","floor":31.0}],"player_experience":812843,"relics_obtained":[{"floor":6.0,"key":"Red Skull"},{"floor":8.0,"key":"Mango"},{"floor":9.0,"key":"Pantograph"},{"floor":17.0,"key":"Regal Pillow"},{"floor":17.0,"key":"Eternal Feather"},{"floor":17.0,"key":"Shovel"},{"floor":24.0,"key":"Tiny Chest"},{"floor":26.0,"key":"Potion Belt"},{"floor":28.0,"key":"Darkstone Periapt"},{"floor":30.0,"key":"Omamori"},{"floor":32.0,"key":"Prayer Wheel"}],"event_choices":[{"damage_healed":0.0,"max_hp_gain":0.0,"max_hp_loss":0.0,"gold_gain":0.0,"cards_transformed":["Strike_R"],"event_name":"Living Wall","player_choice":"Change","floor":3.0,"gold_loss":0.0,"damage_taken":0.0,"cards_obtained":["Dual Wield"]},{"cards_removed":["Strike_R"],"damage_healed":0.0,"max_hp_gain":0.0,"max_hp_loss":0.0,"gold_gain":0.0,"event_name":"The Cleric","player_choice":"Card Removal","floor":4.0,"gold_loss":75.0,"damage_taken":0.0},{"damage_healed":0.0,"max_hp_gain":0.0,"max_hp_loss":0.0,"gold_gain":0.0,"cards_transformed":["Strike_R","Defend_R"],"event_name":"Drug Dealer","player_choice":"Became Test Subject","floor":22.0,"gold_loss":0.0,"damage_taken":0.0,"cards_obtained":["Juggernaut","Entrench"]},{"damage_healed":0.0,"max_hp_gain":0.0,"max_hp_loss":0.0,"gold_gain":0.0,"event_name":"Vampires","player_choice":"Ignored","floor":29.0,"gold_loss":0.0,"damage_taken":0.0}],"is_beta":false,"boss_relics":[{"not_picked":["Busted Crown","Ectoplasm"],"picked":"Calling Bell"}],"items_purged_floors":[20,27],"is_endless":false,"potions_floor_spawned":[1,6,10,12,21,25,31],"killed_by":"Collector","ascension_level":16}}