{"host":"08t08ld674si40tv","time":1613811123,"event":{"mods":["AchievementEnabler","BaseMod","Colored Map","Minty Spire (QoL Compilation)","StSLib","SuperFastMode"],"gold_per_floor":[412,431,449,466,227,257,257,302,302,202,235,249,249,278,278,349,349,364,380,432,432,450,450,482,532,532,563,563,592,592,592,592,671,671,684,697,714,725,725,760,760,791,817,832,849,880,880,894,894,894,894,894,894,30,63,63,63],"floor_reached":56,"language":"KOR","playtime":1343,"items_purged":["Strike_R","Strike_R","Strike_R"],"score":2405,"play_id":"4147b6ea-e702-4106-b9fc-93e5d58134a7","local_time":"20210220175203","is_ascension_mode":true,"campfire_choices":[{"data":"Corruption","floor":13.0,"key":"SMITH"},{"data":"Burning Pact","floor":15.0,"key":"SMITH"},{"data":"Shrug It Off","floor":23.0,"key":"SMITH"},{"data":"Offering","floor":28.0,"key":"SMITH"},{"data":"Impervious","floor":30.0,"key":"SMITH"},{"data":"Impervious","floor":32.0,"key":"SMITH"},{"data":"Barricade","floor":41.0,"key":"SMITH"},{"floor":49.0,"key":"RECALL"},{"data":"Disarm","floor":53.0,"key":"SMITH"}],"circlet_count":0,"master_deck":["AscendersBane","Strike_R","Strike_R","Defend_R","Defend_R","Defend_R","Defend_R","Bash","Beta+1","Burning Pact+1","Corruption+1","Shrug It Off+1","Impervious+1","Offering+1","Beta+1","Barricade+1","CurseOfTheBell","Disarm+1","Evolve"],"relics":["Burning Blood","Bottled Lightning","Old Coin","Meat on the Bone","Potion Belt","Matryoshka","Dream Catcher","Smiling Mask","Coffee Dripper","Blood Vial","Mercury Hourglass","MealTicket","Art of War","Shuriken","Orichalcum","Calling Bell","Centennial Puzzle","Pear","Thread and Needle","Self Forming Clay","Akabeko","Toy Ornithopter","Singing Bowl","Ornamental Fan","Bronze Scales","Sling","Bag of Marbles"],"acts_visited":["Exordium","TheCity","TheBeyond","TheEnding"],"potions_floor_usage":[55,56],"damage_taken":[{"damage":0.0,"enemies":"Cultist","floor":1.0,"turns":2.0},{"damage":7.0,"enemies":"Jaw Worm","floor":2.0,"turns":2.0},{"damage":5.0,"enemies":"2 Louse","floor":3.0,"turns":2.0},{"damage":5.0,"enemies":"Gremlin Gang","floor":4.0,"turns":2.0},{"damage":32.0,"enemies":"Gremlin Nob","floor":6.0,"turns":4.0},{"damage":10.0,"enemies":"3 Sentries","floor":11.0,"turns":3.0},{"damage":16.0,"enemies":"Blue Slaver","floor":12.0,"turns":4.0},{"damage":0.0,"enemies":"Lagavulin","floor":14.0,"turns":4.0},{"damage":0.0,"enemies":"Slime Boss","floor":16.0,"turns":4.0},{"damage":0.0,"enemies":"Chosen","floor":18.0,"turns":3.0},{"damage":0.0,"enemies":"2 Thieves","floor":19.0,"turns":2.0},{"damage":0.0,"enemies":"3 Cultists","floor":22.0,"turns":2.0},{"damage":1.0,"enemies":"Slavers","floor":24.0,"turns":3.0},{"damage":13.0,"enemies":"Gremlin Leader","floor":27.0,"turns":5.0},{"damage":13.0,"enemies":"Book of Stabbing","floor":29.0,"turns":4.0},{"damage":6.0,"enemies":"Collector","floor":33.0,"turns":5.0},{"damage":6.0,"enemies":"3 Shapes","floor":35.0,"turns":2.0},{"damage":6.0,"enemies":"Orb Walker","floor":36.0,"turns":3.0},{"damage":33.0,"enemies":"Writhing Mass","floor":37.0,"turns":4.0},{"damage":31.0,"enemies":"Maw","floor":38.0,"turns":6.0},{"damage":51.0,"enemies":"Giant Head","floor":40.0,"turns":7.0},{"damage":13.0,"enemies":"Nemesis","floor":42.0,"turns":5.0},{"damage":6.0,"enemies":"Spire Growth","floor":44.0,"turns":4.0},{"damage":7.0,"enemies":"3 Darklings","floor":45.0,"turns":3.0},{"damage":6.0,"enemies":"Reptomancer","floor":46.0,"turns":3.0},{"damage":8.0,"enemies":"Sphere and 2 Shapes","floor":48.0,"turns":4.0},{"damage":52.0,"enemies":"Donu and Deca","floor":50.0,"turns":5.0},{"damage":52.0,"enemies":"Awakened One","floor":51.0,"turns":9.0},{"damage":63,"enemies":"Shield and Spear","floor":55,"turns":5},{"damage":64,"enemies":"The Heart","floor":56,"turns":5}],"seed_played":"9076724831272203460","potions_obtained":[{"floor":3.0,"key":"Energy Potion"},{"floor":4.0,"key":"Dexterity Potion"},{"floor":12.0,"key":"DistilledChaos"},{"floor":16.0,"key":"Energy Potion"},{"floor":24.0,"key":"EssenceOfSteel"},{"floor":27.0,"key":"GamblersBrew"},{"floor":33.0,"key":"SmokeBomb"},{"floor":35.0,"key":"Swift Potion"},{"floor":44.0,"key":"Block Potion"},{"floor":46.0,"key":"Dexterity Potion"},{"floor":47.0,"key":"SkillPotion"}],"is_trial":false,"path_per_floor":["M","M","M","M","$","E","$","T","T","$","E","M","R","E","R","B",null,"M","M","T","?","M","R","E","?","T","E","R","E","R","?","R","B",null,"M","M","M","M","?","E","R","E","T","M","M","E","?","M","R","B","B",null,"R","$","E","B"],"character_chosen":"IRONCLAD","items_purchased":["Corruption","Ornamental Fan","Bronze Scales","Sling","Evolve","Swift Potion","Strength Potion"],"campfire_rested":0,"item_purchase_floors":[5,54,54,54,54,54,54],"current_hp_per_floor":[68,67,68,68,68,42,42,42,42,42,50,52,52,58,58,64,67,68,68,68,68,68,68,68,68,68,61,61,56,56,56,56,58,76,78,78,51,40,88,55,55,62,62,64,70,74,74,76,76,49,32,77,77,92,54,0,0],"gold":63,"neow_bonus":"ONE_RARE_RELIC","is_daily":false,"chose_seed":false,"campfire_upgraded":8,"win_rate":0.0,"timestamp":1613811123,"path_taken":["M","M","?","M","$","E","$","?","T","?","E","M","R","E","R","BOSS","M","M","?","?","M","R","E","?","T","E","R","E","R","?","R","BOSS","M","M","?","M","?","E","R","E","T","M","?","E","?","?","R","BOSS","BOSS","R","$","E","BOSS"],"items_purchased_type":["Card","Relic","Relic","Relic","Card","Potion","Potion"],"build_version":"2020-12-22","purchased_purges":3,"victory":false,"max_hp_per_floor":[68,68,68,68,68,68,68,68,68,68,68,68,68,68,68,68,68,68,68,68,68,68,68,68,68,68,68,68,68,68,68,68,68,78,78,78,78,78,88,88,88,88,88,88,88,90,90,92,92,92,92,92,92,92,94,94,94],"card_choices":[{"not_picked":["Clothesline","Searing Blow","Combust"],"picked":"SKIP","floor":1.0},{"not_picked":["Flex","Iron Wave","Clothesline"],"picked":"SKIP","floor":2.0},{"not_picked":["Second Wind","Flex"],"picked":"Burning Pact","floor":3.0},{"not_picked":["Thunderclap","Warcry","Pummel"],"picked":"SKIP","floor":4.0},{"not_picked":["Rampage","Headbutt","Hemokinesis"],"picked":"SKIP","floor":6.0},{"not_picked":["Havoc","Body Slam"],"picked":"Impervious","floor":11.0},{"not_picked":["Heavy Blade","Inflame"],"picked":"Shrug It Off","floor":12.0},{"not_picked":["Rupture","Whirlwind","Armaments"],"picked":"SKIP","floor":14.0},{"not_picked":["Bludgeon","Reaper"],"picked":"Impervious","floor":16.0},{"not_picked":["Sword Boomerang","Heavy Blade","Inflame"],"picked":"SKIP","floor":18.0},{"not_picked":["Anger","Shrug It Off","Perfected Strike"],"picked":"SKIP","floor":19.0},{"not_picked":["Pummel","Flex+1","Intimidate"],"picked":"SKIP","floor":22.0},{"not_picked":["Clothesline","Feel No Pain"],"picked":"Offering","floor":24.0},{"not_picked":["Warcry","Ghostly Armor","Shrug It Off"],"picked":"SKIP","floor":27.0},{"not_picked":["Rupture+1","Seeing Red+1","Perfected Strike+1"],"picked":"SKIP","floor":29.0},{"not_picked":["Reaper","Corruption"],"picked":"Barricade","floor":33.0},{"not_picked":["Flex","Pommel Strike+1","Thunderclap"],"picked":"SKIP","floor":35.0},{"not_picked":["Pommel Strike","Sword Boomerang","Burning Pact"],"picked":"SKIP","floor":36.0},{"not_picked":["Clothesline","Anger","Havoc"],"picked":"SKIP","floor":37.0},{"not_picked":["Thunderclap+1","Combust","Havoc"],"picked":"SKIP","floor":38.0},{"not_picked":["Double Tap","Headbutt+1","Clash+1"],"picked":"SKIP","floor":40.0},{"not_picked":["Carnage","Dark Embrace","Fiend Fire"],"picked":"SKIP","floor":42.0},{"not_picked":["Clothesline+1","Thunderclap"],"picked":"Disarm","floor":44.0},{"not_picked":["Headbutt+1","Burning Pact","Clash+1"],"picked":"SKIP","floor":45.0},{"not_picked":["Reckless Charge","Heavy Blade+1","Juggernaut"],"picked":"Singing Bowl","floor":46.0},{"not_picked":["Clothesline","Sword Boomerang+1","Armaments"],"picked":"Singing Bowl","floor":48.0},{"not_picked":["True Grit","Clothesline","Pommel Strike"],"picked":"Singing Bowl","floor":55}],"player_experience":307028,"relics_obtained":[{"floor":6.0,"key":"Meat on the Bone"},{"floor":8.0,"key":"Potion Belt"},{"floor":9.0,"key":"Matryoshka"},{"floor":11.0,"key":"Dream Catcher"},{"floor":14.0,"key":"Smiling Mask"},{"floor":20.0,"key":"Blood Vial"},{"floor":24.0,"key":"Mercury Hourglass"},{"floor":26.0,"key":"MealTicket"},{"floor":26.0,"key":"Art of War"},{"floor":27.0,"key":"Shuriken"},{"floor":29.0,"key":"Orichalcum"},{"floor":34.0,"key":"Centennial Puzzle"},{"floor":34.0,"key":"Pear"},{"floor":34.0,"key":"Thread and Needle"},{"floor":40.0,"key":"Self Forming Clay"},{"floor":42.0,"key":"Akabeko"},{"floor":43.0,"key":"Toy Ornithopter"},{"floor":46.0,"key":"Singing Bowl"},{"floor":55,"key":"Bag of Marbles"}],"event_choices":[{"damage_healed":0.0,"max_hp_gain":0.0,"max_hp_loss":0.0,"gold_gain":0.0,"event_name":"Vampires","player_choice":"Ignored","floor":21.0,"gold_loss":0.0,"damage_taken":0.0},{"damage_healed":0.0,"max_hp_gain":0.0,"max_hp_loss":0.0,"gold_gain":50.0,"event_name":"Nest","player_choice":"Stole From Cult","floor":25.0,"gold_loss":0.0,"damage_taken":0.0},{"damage_healed":0.0,"max_hp_gain":0.0,"max_hp_loss":0.0,"gold_gain":0.0,"event_name":"Duplicator","player_choice":"Copied","floor":31.0,"gold_loss":0.0,"damage_taken":0.0,"cards_obtained":["Beta"]},{"cards_removed":["Impervious"],"damage_healed":38.0,"max_hp_gain":10.0,"max_hp_loss":0.0,"gold_gain":0.0,"event_name":"Bonfire Elementals","player_choice":"Offered Rare","floor":39.0,"gold_loss":0.0,"damage_taken":0.0},{"damage_healed":0.0,"max_hp_gain":0.0,"max_hp_loss":0.0,"gold_gain":0.0,"event_name":"Lab","player_choice":"Got Potions","floor":47.0,"gold_loss":0.0,"damage_taken":0.0}],"is_beta":false,"boss_relics":[{"not_picked":["Busted Crown","SlaversCollar"],"picked":"Coffee Dripper"},{"not_picked":["Black Blood","Fusion Hammer"],"picked":"Calling Bell"}],"items_purged_floors":[5,10,54],"is_endless":false,"potions_floor_spawned":[3,4,12,16,18,24,27,33,35,36,44,46],"killed_by":"The Heart","ascension_level":20}}