{"host":"yx5rao87132cy5xq","time":1613781876,"event":{"mods":["2.2 Compatiblity","AchievementEnabler","BaseMod","Bestiary","Colored Map","Colored Powertips","Minty Spire (QoL Compilation)","Quick Restart","Relic Stats","Slay-I","SuperFastMode"],"gold_per_floor":[114,133,34,49,66,96,41,76,114,152,164,176,208,253,265,277,277],"floor_reached":16,"language":"ENG","playtime":2649,"items_purged":[],"score":234,"play_id":"1324c14f-594c-4140-aff1-e18056578534","local_time":"20210220014436","is_ascension_mode":true,"campfire_choices":[{"floor":11.0,"key":"REST"},{"data":"Barricade","floor":15.0,"key":"SMITH"}],"circlet_count":0,"master_deck":["AscendersBane","Strike_R","Strike_R","Strike_R","Strike_R","Strike_R","Defend_R","Defend_R","Defend_R","Defend_R","Bash","Warcry","Cleave","Discovery","Feel No Pain","Twin Strike","True Grit+1","Havoc","Wild Strike","Shockwave","Barricade+1"],"relics":["Burning Blood","Dead Branch","Sundial","MawBank","Anchor","Potion Belt","Art of War"],"acts_visited":["Exordium"],"potions_floor_usage":[16],"damage_taken":[{"damage":2.0,"enemies":"Cultist","floor":1.0,"turns":4.0},{"damage":19.0,"enemies":"Small Slimes","floor":2.0,"turns":3.0},{"damage":0.0,"enemies":"2 Louse","floor":4.0,"turns":2.0},{"damage":10.0,"enemies":"Exordium Wildlife","floor":5.0,"turns":3.0},{"damage":17.0,"enemies":"3 Sentries","floor":6.0,"turns":6.0},{"damage":29.0,"enemies":"Lagavulin","floor":8.0,"turns":9.0},{"damage":12.0,"enemies":"Large Slime","floor":13.0,"turns":5.0},{"damage":11.0,"enemies":"3 Sentries","floor":14.0,"turns":6.0},{"damage":34,"enemies":"The Guardian","floor":16,"turns":13}],"seed_played":"1735426052959630576","potions_obtained":[{"floor":1.0,"key":"Energy Potion"},{"floor":4.0,"key":"BlessingOfTheForge"},{"floor":13.0,"key":"SpeedPotion"},{"floor":14.0,"key":"AttackPotion"}],"is_trial":false,"path_per_floor":["M","M","$","M","M","E","$","E","T","T","R","?","M","E","R","B"],"character_chosen":"IRONCLAD","items_purchased":["Discovery","Havoc"],"campfire_rested":1,"item_purchase_floors":[3,7],"current_hp_per_floor":[68,55,55,61,57,46,46,23,23,23,43,43,37,32,32,0,0],"gold":277,"neow_bonus":"ONE_RARE_RELIC","is_daily":false,"chose_seed":false,"campfire_upgraded":1,"win_rate":0.0,"timestamp":1613781876,"path_taken":["M","M","$","M","M","E","$","E","T","?","R","?","M","E","R","BOSS"],"items_purchased_type":["Card","Card"],"build_version":"2020-12-22","purchased_purges":0,"victory":false,"max_hp_per_floor":[68,68,68,68,68,68,68,68,68,68,68,68,68,68,68,68,68],"relic_stats":{"counters":[9,51],"Sundial":[4],"Dead Branch":[64],"Art of War":[2],"MawBank":96,"obtain_stats":[{"Potion Belt":10,"Anchor":9,"Sundial":6,"Dead Branch":0,"Art of War":14,"MawBank":8,"Burning Blood":0},{"Potion Belt":6,"Anchor":6,"Sundial":5,"Dead Branch":0,"Art of War":8,"MawBank":6,"Burning Blood":0},{"Potion Belt":27,"Anchor":27,"Sundial":18,"Dead Branch":0,"Art of War":38,"MawBank":27,"Burning Blood":0}],"Burning Blood":44},"card_choices":[{"not_picked":["Heavy Blade","Flex"],"picked":"Warcry","floor":1.0},{"not_picked":["Combust","Rupture"],"picked":"Cleave","floor":2.0},{"not_picked":["Havoc","Sever Soul"],"picked":"Feel No Pain","floor":4.0},{"not_picked":["Sword Boomerang","Cleave"],"picked":"Twin Strike","floor":5.0},{"not_picked":["Heavy Blade","Thunderclap"],"picked":"True Grit","floor":6.0},{"not_picked":["Rampage","Rage"],"picked":"Wild Strike","floor":8.0},{"not_picked":["Headbutt","Bloodletting"],"picked":"Shockwave","floor":13.0},{"not_picked":["Warcry","Cleave"],"picked":"Barricade","floor":14.0}],"player_experience":1062112,"relics_obtained":[{"floor":6.0,"key":"Sundial"},{"floor":8.0,"key":"MawBank"},{"floor":9.0,"key":"Anchor"},{"floor":10.0,"key":"Potion Belt"},{"floor":14.0,"key":"Art of War"}],"event_choices":[{"damage_healed":0.0,"max_hp_gain":0.0,"max_hp_loss":0.0,"gold_gain":0.0,"event_name":"Living Wall","player_choice":"Grow","floor":12.0,"gold_loss":0.0,"damage_taken":0.0,"cards_upgraded":["True Grit"]}],"is_beta":false,"boss_relics":[],"items_purged_floors":[],"is_endless":false,"potions_floor_spawned":[1,4,13,14],"killed_by":"The Guardian","ascension_level":19}}