{"host":"l5xpox9cbdko122s","time":1613846892,"event":{"mods":["AchievementEnabler","BaseMod","Better Skull","Colored Map","Colored Powertips","Curses Come First","Displayed Cursed Tome","Hermit","Highlight Path","Minty Spire (QoL Compilation)","Quick Restart","Shop Mod","StSLib"],"gold_per_floor":[117,127,302,312,331,331,331,331],"floor_reached":7,"language":"ENG","playtime":459,"items_purged":[],"score":43,"play_id":"b6d8ba76-cc3e-4a31-8852-34d726ae1061","local_time":"20210220134812","is_ascension_mode":false,"campfire_choices":[{"floor":6,"key":"RECALL"}],"circlet_count":0,"master_deck":["Strike_R","Strike_R","Strike_R","Strike_R","Strike_R","Defend_R","Defend_R","Defend_R","Defend_R","Bash","Iron Wave","Doubt","Searing Blow"],"relics":["Burning Blood","MealTicket"],"acts_visited":["Exordium"],"potions_floor_usage":[5],"damage_taken":[{"damage":0,"enemies":"2 Louse","floor":1,"turns":3},{"damage":2,"enemies":"Small Slimes","floor":2,"turns":3},{"damage":15,"enemies":"Jaw Worm","floor":4,"turns":4},{"damage":26,"enemies":"Large Slime","floor":5,"turns":12},{"damage":0,"enemies":"3 Sentries","floor":7,"turns":1}],"seed_played":"-2873844384829625481","potions_obtained":[{"floor":4,"key":"Swift Potion"},{"floor":5,"key":"FearPotion"}],"is_trial":false,"path_per_floor":["M","M","?","M","M","R","E"],"character_chosen":"IRONCLAD","items_purchased":[],"campfire_rested":0,"item_purchase_floors":[],"current_hp_per_floor":[80,80,80,71,51,51,51,51],"gold":331,"neow_bonus":"RANDOM_COMMON_RELIC","is_daily":false,"chose_seed":false,"campfire_upgraded":0,"win_rate":0.0,"timestamp":1613846892,"path_taken":["M","M","?","M","M","R","E"],"items_purchased_type":[],"build_version":"2020-12-22","purchased_purges":0,"victory":false,"max_hp_per_floor":[80,80,80,80,80,80,80,80],"card_choices":[{"not_picked":["Pommel Strike","Feel No Pain","Clothesline"],"picked":"SKIP","floor":1},{"not_picked":["Pommel Strike","Havoc"],"picked":"Iron Wave","floor":2},{"not_picked":["Twin Strike","Flex","Armaments"],"picked":"SKIP","floor":4},{"not_picked":["Feel No Pain","Perfected Strike"],"picked":"Searing Blow","floor":5}],"player_experience":203018,"relics_obtained":[],"event_choices":[{"damage_healed":0,"gold_gain":175,"player_choice":"AGREE","damage_taken":0,"max_hp_gain":0,"max_hp_loss":0,"event_name":"Liars Game","floor":3,"gold_loss":0,"cards_obtained":["Doubt"]}],"is_beta":false,"boss_relics":[],"items_purged_floors":[],"is_endless":false,"potions_floor_spawned":[4,5],"killed_by":"3 Sentries","ascension_level":0}}