{"host":"ndpbn7fqb3wjbd7p","time":1613800565,"event":{"mods":["AchievementEnabler","Act Like it!","AlwaysNeverKeys","BaseMod","Better Vampires","Block Reminder","Colored Powertips","DeckTracker","Defuse TimeMaze Blight","Friendly Minions","Highlight Path","MarisaÅiñ∂âJÅ@ñÇóùçπÅj","Minty Spire (QoL Compilation)","Permanent Neow","StSLib","SuperFastMode","Synergy Search","Unceasing Turn Reminder","Wandering Minibosses"],"gold_per_floor":[113,125,50,0,75,92,123,141,141,141,152,152,152,168,168,168,168],"floor_reached":16,"language":"ENG","playtime":826,"items_purged":["Dualcast"],"score":168,"play_id":"23470af4-424c-43cc-b667-8241a9afc9ae","local_time":"20210220065605","is_ascension_mode":true,"campfire_choices":[{"data":"Zap","floor":10,"key":"SMITH"},{"floor":13,"key":"REST"},{"data":"Redo","floor":15,"key":"SMITH"}],"circlet_count":0,"master_deck":["AscendersBane","Strike_B","Strike_B","Defend_B","Defend_B","Defend_B","Zap+1","Recycle","Steam Power","Lockon","Ball Lightning","Redo+1","Echo Form","Steam"],"relics":["Cracked Core","Kunai","HornCleat"],"acts_visited":["Exordium"],"potions_floor_usage":[7,11,16,16,16],"damage_taken":[{"damage":1,"enemies":"Cultist","floor":1,"turns":3},{"damage":3,"enemies":"Jaw Worm","floor":2,"turns":4},{"damage":10,"enemies":"2 Louse","floor":6,"turns":3},{"damage":27,"enemies":"Lagavulin","floor":7,"turns":7},{"damage":15,"enemies":"Gremlin Gang","floor":8,"turns":5},{"damage":17,"enemies":"Large Slime","floor":11,"turns":6},{"damage":1,"enemies":"Looter","floor":14,"turns":3},{"damage":24,"enemies":"Hexaghost","floor":16,"turns":7}],"seed_played":"-8106810843406588190","potions_obtained":[{"floor":2,"key":"Regen Potion"},{"floor":7,"key":"Dexterity Potion"},{"floor":8,"key":"EntropicBrew"}],"is_trial":false,"path_per_floor":["M","M","$","?","?","M","E","M","T","R","M","?","R","M","R","B"],"character_chosen":"DEFECT","items_purchased":[],"campfire_rested":1,"item_purchase_floors":[],"current_hp_per_floor":[67,64,64,64,58,48,33,18,18,18,1,1,21,20,20,0,0],"gold":168,"neow_bonus":"REMOVE_TWO","is_daily":false,"chose_seed":false,"campfire_upgraded":2,"win_rate":0.0,"timestamp":1613800565,"path_taken":["M","?","$","?","?","M","E","M","T","R","?","?","R","M","R","BOSS"],"items_purchased_type":[],"build_version":"2020-12-22","purchased_purges":1,"victory":false,"max_hp_per_floor":[68,68,68,68,68,68,68,68,68,68,68,68,68,68,68,68,68],"card_choices":[{"not_picked":["Ball Lightning","Rebound"],"picked":"Recycle","floor":1},{"not_picked":["Steam","Cold Snap"],"picked":"Steam Power","floor":2},{"not_picked":["Steam","Go for the Eyes"],"picked":"Lockon","floor":6},{"not_picked":["Sweeping Beam","FTL"],"picked":"Ball Lightning","floor":7},{"not_picked":["Sweeping Beam","Go for the Eyes"],"picked":"Redo","floor":8},{"not_picked":["Streamline","Capacitor"],"picked":"Echo Form","floor":11},{"not_picked":["Rebound","Static Discharge"],"picked":"Steam","floor":14}],"player_experience":1185716,"relics_obtained":[{"floor":7,"key":"Kunai"},{"floor":9,"key":"HornCleat"}],"event_choices":[{"cards_removed":["Strike_B"],"damage_healed":0,"gold_gain":0,"player_choice":"Card Removal","damage_taken":0,"max_hp_gain":0,"max_hp_loss":0,"event_name":"The Cleric","floor":4,"gold_loss":50},{"damage_healed":0,"gold_gain":75,"player_choice":"Touch","damage_taken":6,"max_hp_gain":0,"max_hp_loss":0,"event_name":"FaceTrader","floor":5,"gold_loss":0},{"damage_healed":0,"gold_gain":0,"player_choice":"Searched \u00270\u0027 times","damage_taken":0,"max_hp_gain":0,"max_hp_loss":0,"event_name":"Dead Adventurer","floor":12,"gold_loss":0}],"is_beta":false,"boss_relics":[],"items_purged_floors":[3],"is_endless":false,"potions_floor_spawned":[2,7,8],"killed_by":"Hexaghost","ascension_level":13}}