{"host":"onmzcmq5a68cxj3d","time":1613864350,"event":{"mods":["BaseMod","Colored Map","Minty Spire (QoL Compilation)","Remove Card Discount Mod"],"gold_per_floor":[116,56,56,56,70,70,70,70,70,68,68,68,68,18,18,147,147,162,162,176,21,21,21,21,21,21,21,21,21,21,42,42,163,163,188,203,203,12,27,27,27,27,27,58,58,58,58,58,58],"floor_reached":48,"language":"ENG","playtime":2316,"items_purged":["Wraith Form v2","Dualcast","Defend_B","Parasite","Defend_B","Writhe","Strike_B","Defend_B","Defend_B+1"],"score":436,"play_id":"20da3d71-b4b3-4ae0-9acb-1334827c4bde","local_time":"20210220163910","daily_mods":["Heirloom","Time Dilation","Flight"],"is_ascension_mode":false,"campfire_choices":[{"floor":6,"key":"REST"},{"data":"DevaForm","floor":8,"key":"SMITH"},{"data":"Echo Form","floor":12,"key":"SMITH"},{"floor":13,"key":"REST"},{"data":"Demon Form","floor":15,"key":"SMITH"},{"data":"Leap","floor":23,"key":"SMITH"},{"data":"BootSequence","floor":25,"key":"SMITH"},{"data":"Zap","floor":28,"key":"SMITH"},{"floor":29,"key":"REST"},{"floor":32,"key":"REST"},{"data":"Core Surge","floor":40,"key":"SMITH"},{"data":"Strike_B","floor":41,"key":"SMITH"},{"data":"Strike_B","floor":42,"key":"SMITH"},{"floor":45,"key":"REST"},{"floor":47,"key":"REST"}],"circlet_count":0,"master_deck":["Demon Form+1","Echo Form+1","DevaForm+1","Strike_B","Strike_B+1","Strike_B+1","Zap+1","BootSequence+1","Leap+1","Leap+1","Buffer+1","Core Surge+1","Conserve Battery+1","Fusion+1","Self Repair","Gash+1"],"relics":["Unceasing Top","Du-Vu Doll","Potion Belt","Bag of Preparation","Golden Idol","Inserter","Frozen Eye","FossilizedHelix","Nuclear Battery","Toolbox","Bottled Tornado","Thread and Needle"],"acts_visited":["Exordium","TheCity","TheBeyond"],"potions_floor_usage":[16,33,44],"damage_taken":[{"damage":20,"enemies":"Jaw Worm","floor":1,"turns":5},{"damage":0,"enemies":"Small Slimes","floor":5,"turns":4},{"damage":22,"enemies":"Hexaghost","floor":16,"turns":10},{"damage":17,"enemies":"Spheric Guardian","floor":18,"turns":6},{"damage":3,"enemies":"Shell Parasite","floor":20,"turns":6},{"damage":7,"enemies":"Snake Plant","floor":31,"turns":5},{"damage":12,"enemies":"Champ","floor":33,"turns":7},{"damage":0,"enemies":"3 Shapes","floor":35,"turns":8},{"damage":0,"enemies":"3 Darklings","floor":36,"turns":5},{"damage":0,"enemies":"Transient","floor":39,"turns":5},{"damage":58,"enemies":"Nemesis","floor":44,"turns":9},{"damage":71,"enemies":"Reptomancer","floor":48,"turns":6}],"seed_played":"6763716585105358465","potions_obtained":[{"floor":5,"key":"ColorlessPotion"},{"floor":20,"key":"FocusPotion"},{"floor":36,"key":"LiquidMemories"}],"is_trial":true,"path_per_floor":["M","$","?","?","M","R","?","R","T","$","?","R","R","$","R","B",null,"M","?","M","$","?","R","?","R","T","?","R","R","$","M","R","B",null,"M","M","?","$","M","R","R","R","T","E","R","?","R","E"],"character_chosen":"DEFECT","items_purchased":["Leap","Leap","Frozen Eye","Toolbox","Self Repair"],"campfire_rested":6,"item_purchase_floors":[2,14,21,38,38],"current_hp_per_floor":[55,55,40,7,7,29,47,47,47,47,29,29,50,50,50,28,72,55,55,52,52,52,52,52,52,52,52,52,72,72,65,72,60,72,72,72,72,72,72,72,72,72,72,28,49,49,70,0,0],"gold":58,"neow_bonus":"","is_daily":false,"chose_seed":false,"campfire_upgraded":9,"win_rate":0.0,"timestamp":1613864350,"path_taken":["M","$","?","?","M","R","?","R","T","$","?","R","R","?","R","BOSS","M","?","?","$","?","R","?","R","T","?","R","R","$","M","R","BOSS","M","?","?","$","M","R","R","R","T","E","R","?","R","E"],"items_purchased_type":["Card","Card","Relic","Relic","Card"],"build_version":"2020-12-22","purchased_purges":9,"victory":false,"max_hp_per_floor":[75,75,75,75,75,75,75,75,75,72,72,72,72,72,72,72,72,72,72,72,72,72,72,72,72,72,72,72,72,72,72,72,72,72,72,72,72,72,72,72,72,72,72,72,72,72,72,72,72],"card_choices":[{"not_picked":["Go for the Eyes","Barrage"],"picked":"BootSequence","floor":1},{"not_picked":["Ball Lightning","Beam Cell","Steam"],"picked":"SKIP","floor":5},{"not_picked":["Echo Form","Machine Learning"],"picked":"Buffer","floor":16},{"not_picked":["Beam Cell","Go for the Eyes","Melter"],"picked":"SKIP","floor":18},{"not_picked":["Beam Cell","Steam","Hologram"],"picked":"SKIP","floor":20},{"not_picked":["Beam Cell","Melter","Hologram+1"],"picked":"SKIP","floor":31},{"not_picked":["Echo Form","Machine Learning"],"picked":"Core Surge","floor":33},{"not_picked":["Ball Lightning","Chill+1"],"picked":"Conserve Battery+1","floor":35},{"not_picked":["Stack","Leap"],"picked":"Fusion+1","floor":36},{"not_picked":["Conserve Battery+1","Rebound+1"],"picked":"Gash+1","floor":39},{"not_picked":["Chill","Barrage+1","Aggregate+1"],"picked":"SKIP","floor":44},{"not_picked":["Chill","Barrage+1","Aggregate+1"],"picked":"SKIP","floor":44}],"player_experience":455769,"relics_obtained":[{"floor":9,"key":"Bag of Preparation"},{"floor":26,"key":"FossilizedHelix"},{"floor":43,"key":"Bottled Tornado"},{"floor":44,"key":"Thread and Needle"}],"event_choices":[{"damage_healed":0,"gold_gain":0,"player_choice":"Entered Light","damage_taken":15,"max_hp_gain":0,"max_hp_loss":0,"event_name":"Shining Light","floor":3,"gold_loss":0,"cards_upgraded":["Defend_B","Leap"]},{"damage_healed":0,"gold_gain":0,"player_choice":"Success","damage_taken":33,"relics_obtained":["Potion Belt"],"max_hp_gain":0,"max_hp_loss":0,"event_name":"Scrap Ooze","floor":4,"gold_loss":0},{"damage_healed":18,"gold_gain":0,"player_choice":"Healed and dodged fight","damage_taken":0,"max_hp_gain":0,"max_hp_loss":0,"event_name":"Mushrooms","floor":7,"gold_loss":0,"cards_obtained":["Parasite"]},{"damage_healed":0,"gold_gain":0,"player_choice":"Take Damage","damage_taken":18,"relics_obtained":["Golden Idol"],"max_hp_gain":0,"max_hp_loss":0,"event_name":"Golden Idol","floor":11,"gold_loss":0},{"damage_healed":0,"gold_gain":0,"player_choice":"Upgraded","damage_taken":0,"max_hp_gain":0,"max_hp_loss":0,"event_name":"Upgrade Shrine","floor":19,"gold_loss":0,"cards_upgraded":["Buffer"]},{"damage_healed":0,"gold_gain":0,"player_choice":"Ignored","damage_taken":0,"max_hp_gain":0,"max_hp_loss":0,"event_name":"Vampires","floor":22,"gold_loss":0},{"damage_healed":0,"gold_gain":0,"player_choice":"Ignored","damage_taken":0,"max_hp_gain":0,"max_hp_loss":0,"event_name":"Ghosts","floor":24,"gold_loss":0},{"damage_healed":0,"gold_gain":0,"player_choice":"Ignored","damage_taken":0,"max_hp_gain":0,"max_hp_loss":0,"event_name":"NoteForYourself","floor":27,"gold_loss":0},{"damage_healed":18,"gold_gain":0,"player_choice":"Writhe","damage_taken":0,"max_hp_gain":0,"max_hp_loss":0,"event_name":"Winding Halls","floor":37,"gold_loss":0,"cards_obtained":["Writhe"]},{"damage_healed":0,"gold_gain":0,"player_choice":"Ignored","damage_taken":0,"max_hp_gain":0,"max_hp_loss":0,"event_name":"Mysterious Sphere","floor":46,"gold_loss":0}],"is_beta":false,"boss_relics":[{"not_picked":["Tiny House","Runic Pyramid"],"picked":"Inserter"},{"not_picked":["SlaversCollar","SacredBark"],"picked":"Nuclear Battery"}],"items_purged_floors":[2,2,2,10,14,38,38,38,38],"is_endless":false,"potions_floor_spawned":[5,20,36],"killed_by":"Reptomancer","ascension_level":0}}