{"host":"8a72fthmlk1o8pdb","time":1613780145,"event":{"mods":["AchievementEnabler","Aspiration","Astrologer","Bard","BaseMod","Beaked The Cultist","Better Altar","Better Match","Better Note","Better Sensory Stone","Better Skull","Better Third Choice","ChefMod","Colored Map","Colored Powertips","Dark Map","Downfall","Friendly Minions","GifTheSpireLib","Googly Eyes","Gremlin Mod","Hermit","Hubris","JesterMod","Jorbs\u0027s Wanderer Trilogy","Marisa????????","Melee Mod","Minty Spire (QoL Compilation)","Monster B Gone","Permanent Neow","Pikachu Mod","Random Character Button","Rare Cards Sparkle","Relic Filter Mod","Relic Stats","Reliquary","Robot Space Explorer","Shade Mod","Shop Mod","Smile Girya","Somnambulant","Spire Arcade","Spire Birthday Party","StSLib","The Animator","The Blue Laboratory","The Construct","The Cursed","The Disciple","The Edgeheg","The Hayseed","The Hierophant","The Juggle","The Jungle","The Marked","The Mystic","The Necromancer","The Poker Player","The Problem Sleuth","The Runesmith","The Showman","TheBandit","TheFirefly","TheVacant","everything is the same but u backflip on backflip","thorton"],"gold_per_floor":[99,113,127,142,52,52,122,122,122,122,137,157,170,199,216,216,216],"floor_reached":16,"language":"ENG","playtime":886,"items_purged":["Strike_G"],"score":109,"play_id":"0a457ffd-4571-4499-b069-bc50902ce285","local_time":"20210219161545","is_ascension_mode":true,"campfire_choices":[{"data":"Neutralize","floor":1,"key":"SMITH"},{"data":"hubris:TrickCloak","floor":6,"key":"SMITH"},{"floor":9,"key":"RECALL"}],"circlet_count":0,"master_deck":["Strike_G","Strike_G","Strike_G","Strike_G","Defend_G","Defend_G","Defend_G","Defend_G","Defend_G","Survivor","Neutralize+1","hubris:TrickCloak+1","Cloak And Dagger+1","Eviscerate","Backflip+1","hubris:Compulsion","Well Laid Plans","Quick Slash","Accuracy","Cloak And Dagger","Backflip"],"relics":["Sozu","Kunai","hubris:Icosahedron","Strawberry"],"acts_visited":["Exordium"],"potions_floor_usage":[],"damage_taken":[{"damage":0,"enemies":"Small Slimes","floor":2,"turns":4},{"damage":1,"enemies":"Cultist","floor":3,"turns":5},{"damage":3,"enemies":"Jaw Worm","floor":4,"turns":4},{"damage":0,"enemies":"downfall:FleeingMerchant","floor":5,"turns":4},{"damage":6,"enemies":"3 Louse","floor":11,"turns":4},{"damage":16,"enemies":"Large Slime","floor":12,"turns":4},{"damage":4,"enemies":"downfall:LooterAlt","floor":13,"turns":3},{"damage":6,"enemies":"Gremlin Nob","floor":14,"turns":5},{"damage":2,"enemies":"Blue Slaver","floor":15,"turns":4},{"damage":82,"enemies":"IC_STATUS_ARCHETYPE","floor":16,"turns":18}],"seed_played":"2474380595224983345","potions_obtained":[],"is_trial":false,"path_per_floor":["R","M","M","M","$","R","T","?","R","?","M","M","M","E","M","B"],"character_chosen":"THE_SILENT","items_purchased":[],"campfire_rested":0,"item_purchase_floors":[],"current_hp_per_floor":[70,70,69,66,66,66,66,66,66,66,60,44,40,77,75,0,0],"gold":216,"neow_bonus":"BOSS_RELIC","is_daily":false,"chose_seed":false,"campfire_upgraded":2,"win_rate":0.0,"timestamp":1613780145,"path_taken":["R","M","M","M","$","R","T","?","R","?","?","M","?","E","M","BOSS"],"items_purchased_type":[],"build_version":"2020-12-22","purchased_purges":1,"victory":false,"max_hp_per_floor":[70,70,70,70,70,70,70,70,70,70,70,70,70,77,77,77,77],"relic_stats":{"Sozu":6,"counters":[10,55],"Kunai":[19],"obtain_stats":[{"Sozu":0,"hubris:Icosahedron":8,"Strawberry":14,"Kunai":7,"Ring of the Snake":0},{"Sozu":0,"hubris:Icosahedron":4,"Strawberry":8,"Kunai":4,"Ring of the Snake":0},{"Sozu":0,"hubris:Icosahedron":17,"Strawberry":33,"Kunai":17,"Ring of the Snake":0}]},"card_choices":[{"not_picked":["Outmaneuver","Slice"],"picked":"hubris:TrickCloak","floor":2},{"not_picked":["Dagger Throw","Underhanded Strike"],"picked":"Cloak And Dagger","floor":3},{"not_picked":["Slice","Deadly Poison"],"picked":"Eviscerate","floor":4},{"not_picked":["Bane","Endless Agony"],"picked":"Backflip","floor":5},{"not_picked":["Distraction","Dagger Spray"],"picked":"Well Laid Plans","floor":11},{"not_picked":["Masterful Stab","Predator"],"picked":"Quick Slash","floor":12},{"not_picked":["Escape Plan","Deadly Poison"],"picked":"Accuracy","floor":13},{"not_picked":["Tools of the Trade","Backstab"],"picked":"Cloak And Dagger","floor":14},{"not_picked":["hubris:SlightOfHand","Sucker Punch"],"picked":"Backflip","floor":15}],"player_experience":242516,"relics_obtained":[{"floor":7,"key":"Kunai"},{"floor":14,"key":"Strawberry"}],"event_choices":[],"is_beta":false,"boss_relics":[],"items_purged_floors":[5],"is_endless":false,"potions_floor_spawned":[3,4,11,12,13],"killed_by":"IC_STATUS_ARCHETYPE","ascension_level":1}}