{"host":"rgoqx5rraw279wuc","time":1613818267,"event":{"mods":["Act Like it!","Arknights","BaseMod","Bestiary","Downfall","Minty Spire (QoL Compilation)","Reliquary","Ruina","StSLib","Uncapped","Waifu the Spire","¡¾ÒÅÎï¿¨ÅÆ¡¿REMEMod"],"gold_per_floor":[99,99,99,99,115,25,76,90,123,8,8,33,33,33,48,149,149,149,168,168,268,286,320,347,366,366,384,284,300,314,124,136,233,233,233,244,244,256,306,3,28,27,27,27,27,27,127,35,51,11,11,11],"floor_reached":50,"language":"ZHS","playtime":3670,"items_purged":["Slimebound:Defend_Slimebound","Slimebound:Strike_Slimebound","Slimebound:DivideAndConquer","Slimebound:Strike_Slimebound"],"score":548,"play_id":"2fa657b1-8690-4cfd-97a2-444d927c458f","local_time":"20210220185107","is_ascension_mode":false,"campfire_choices":[{"data":"ruina:Mimicry","floor":1,"key":"SMITH"},{"data":"Slimebound:Nibble","floor":13,"key":"SMITH"},{"floor":18,"key":"RECALL"},{"data":"Slimebound:Split","floor":28,"key":"SMITH"},{"data":"Slimebound:HauntingLick","floor":35,"key":"SMITH"},{"data":"Slimebound:Overexert","floor":43,"key":"SMITH"},{"data":"Slimebound:LeechLife","floor":45,"key":"SMITH"},{"data":"Slimebound:MinionMaster","floor":46,"key":"SMITH"}],"circlet_count":0,"master_deck":["Slimebound:Tackle","Slimebound:Defend_Slimebound","Slimebound:Defend_Slimebound","Slimebound:Split+1","Slimebound:CorrosiveSpit+1","ruina:Mimicry+1","Slimebound:MegaLick","Slimebound:HauntingLick+1","Slimebound:Gluttony","Slimebound:PressTheAttack","Slimebound:Nibble+1","Slimebound:SpikyOuterGoop","Slimebound:LeechLife+1","Slimebound:SplitAcid","Slimebound:MinionMaster+1","Slimebound:HauntingLick+1","RitualDagger+1","Slimebound:GoopSpray","J.A.X.","Slimebound:Prepare","Slimebound:SlimeTap","Slimebound:SplitSpecialist+1","Slimebound:SplitLeeching","Slimebound:Overexert+1","Slimebound:Repurpose+1","Slimebound:Prepare","Slimebound:Nibble+1","Slimebound:SelfFormingGoo+1","Slimebound:SplitMire+1","Slimebound:AcidTongue+1","Slimebound:LeadByExample+1","Slimebound:Split","Slimebound:RollThrough","Slimebound:SlimeTap","Slimebound:Recycling+1","Deep Breath"],"relics":["Slimebound:AbsorbEndCombat","REME_ComplimentaryCards","downfall:HeartsMalice","Omamori","Eternal Feather","hexamod:Sixitude","Slimebound:TarBlob","MutagenicStrength","Turnip","reliquary:Stiletto","downfall:HeartBlessingRed","Bag of Marbles","Frozen Egg 2","expansioncontent:StudyCardRelic","Pocketwatch","REME_OnlineShoppingPlatform","downfall:GremlinSack","reliquary:OuijaBoard"],"acts_visited":["Exordium","TheCity","TheBeyond"],"potions_floor_usage":[12,19,21,21,21,31,33,42,48,48,48,48,48,48,48,48,48,50,50],"damage_taken":[{"damage":0,"enemies":"Cultist","floor":2,"turns":1},{"damage":0,"enemies":"Jaw Worm","floor":3,"turns":1},{"damage":0,"enemies":"2 Louse","floor":4,"turns":1},{"damage":25,"enemies":"Exordium Thugs","floor":5,"turns":5},{"damage":0,"enemies":"downfall:FleeingMerchant","floor":6,"turns":4},{"damage":20,"enemies":"downfall:LooterAlt","floor":8,"turns":3},{"damage":25,"enemies":"Lagavulin","floor":9,"turns":7},{"damage":15,"enemies":"downfall:FleeingMerchant","floor":10,"turns":4},{"damage":22,"enemies":"Gremlin Nob","floor":12,"turns":4},{"damage":10,"enemies":"3 Louse","floor":15,"turns":2},{"damage":33,"enemies":"IC_STATUS_ARCHETYPE","floor":16,"turns":7},{"damage":19,"enemies":"Spheric Guardian","floor":19,"turns":4},{"damage":50,"enemies":"downfall:Augmenter","floor":21,"turns":5},{"damage":10,"enemies":"Chosen","floor":22,"turns":2},{"damage":32,"enemies":"Gremlin Leader","floor":23,"turns":5},{"damage":24,"enemies":"Centurion and Healer","floor":25,"turns":4},{"damage":33,"enemies":"Shelled Parasite and Fungi","floor":27,"turns":5},{"damage":6,"enemies":"Snecko","floor":29,"turns":3},{"damage":0,"enemies":"3 Cultists","floor":30,"turns":4},{"damage":23,"enemies":"downfall:FleeingMerchant","floor":31,"turns":4},{"damage":0,"enemies":"Sentry and Sphere","floor":32,"turns":2},{"damage":68,"enemies":"DF_ARCHETYPE_CLAW","floor":33,"turns":6},{"damage":9,"enemies":"Orb Walker","floor":36,"turns":3},{"damage":3,"enemies":"Orb Walker","floor":37,"turns":3},{"damage":0,"enemies":"3 Darklings","floor":38,"turns":2},{"damage":4,"enemies":"3 Darklings","floor":39,"turns":4},{"damage":3,"enemies":"Transient","floor":42,"turns":5},{"damage":3,"enemies":"Transient","floor":47,"turns":3},{"damage":14,"enemies":"Reptomancer","floor":48,"turns":3},{"damage":42,"enemies":"4 Shapes","floor":49,"turns":4},{"damage":121,"enemies":"WA_ARCHETYPE_DIVINITY","floor":50,"turns":7}],"seed_played":"-1928910222703750759","potions_obtained":[{"floor":5,"key":"Guardian:BlockOnCardUsePotion"},{"floor":8,"key":"SpeedPotion"},{"floor":9,"key":"Fire Potion"},{"floor":12,"key":"Regen Potion"},{"floor":15,"key":"Energy Potion"},{"floor":19,"key":"Strength Potion"},{"floor":20,"key":"CultistPotion"},{"floor":21,"key":"champ:CounterPotion"},{"floor":29,"key":"Explosive Potion"},{"floor":32,"key":"SteroidPotion"},{"floor":33,"key":"GamblersBrew"},{"floor":36,"key":"SpeedPotion"},{"floor":38,"key":"Strength Potion"}],"is_trial":false,"path_per_floor":["R","M","M","M","M","$","T","M","E","$","?","E","R","?","M","B",null,"R","M","?","?","M","E","T","M","?","M","R","M","M","$","M","B",null,"R","M","?","M","?","$","T","M","R","$","R","R","?","E","M","B"],"character_chosen":"SLIMEBOUND","items_purchased":["Bag of Marbles","Frozen Egg 2","REME_OnlineShoppingPlatform"],"campfire_rested":0,"item_purchase_floors":[31,31,40],"current_hp_per_floor":[65,65,65,65,58,62,62,45,50,49,49,47,56,56,65,61,65,65,50,50,14,40,20,20,33,33,29,44,42,50,63,65,9,65,65,58,63,65,65,65,65,65,65,65,65,65,65,65,48,0,0,0],"gold":11,"neow_bonus":"THREE_ENEMY_KILL","is_daily":false,"chose_seed":false,"campfire_upgraded":7,"win_rate":0.0,"timestamp":1613818267,"path_taken":["R","M","M","?","M","?","T","M","E","$","?","E","R","?","M","BOSS","R","M","?","?","M","E","T","M","?","M","R","M","M","$","M","BOSS","R","M","?","M","?","$","T","M","R","?","R","R","?","E","M","BOSS"],"items_purchased_type":["Relic","Relic","Relic"],"build_version":"2020-12-22","purchased_purges":4,"victory":false,"max_hp_per_floor":[65,65,65,65,65,65,65,65,65,65,65,65,65,65,65,65,65,65,65,65,65,65,65,65,65,65,65,65,65,65,65,65,65,65,65,65,65,65,65,65,65,65,65,65,65,65,65,65,65,65,65,65],"card_choices":[{"not_picked":["Slimebound:RejuvenatingLick","Slimebound:SplitLeeching"],"picked":"Slimebound:MegaLick","floor":2},{"not_picked":["Slimebound:ComboTackle","Slimebound:SplitAcid"],"picked":"Slimebound:HauntingLick","floor":3},{"not_picked":["Slimebound:GrowthPunch","Slimebound:LevelUp"],"picked":"Slimebound:Gluttony","floor":4},{"not_picked":["Slimebound:RejuvenatingLick","Slimebound:ForwardTackle"],"picked":"Slimebound:PressTheAttack","floor":5},{"not_picked":["Slimebound:SlimeSpikes","Slimebound:ItLooksTasty"],"picked":"Slimebound:Nibble","floor":6},{"not_picked":["Slimebound:SlimeSpikes","Slimebound:Nibble"],"picked":"Slimebound:SpikyOuterGoop","floor":8},{"not_picked":["Slimebound:BestDefense","Slimebound:FlameTackle"],"picked":"Slimebound:LeechLife","floor":9},{"not_picked":["Slimebound:Schlurp","Slimebound:Replication","Slimebound:ItLooksTasty"],"picked":"SKIP","floor":10},{"not_picked":["Slimebound:ItLooksTasty","Slimebound:PressTheAttack"],"picked":"Slimebound:SplitAcid","floor":12},{"not_picked":["Slimebound:SlimeSpikes","Slimebound:Gluttony"],"picked":"Slimebound:HauntingLick","floor":15},{"not_picked":["Slimebound:DouseInSlime","Slimebound:PrepareCrush"],"picked":"Slimebound:MinionMaster","floor":16},{"not_picked":["Slimebound:Schlurp","Slimebound:TongueLash"],"picked":"Slimebound:HauntingLick+1","floor":19},{"not_picked":[],"picked":"J.A.X.","floor":21},{"not_picked":["Slimebound:Dissolve+1","Slimebound:Schlurp"],"picked":"Slimebound:Prepare","floor":21},{"not_picked":["Slimebound:LeadByExample","Slimebound:SlimeSpikes"],"picked":"Slimebound:SlimeTap","floor":22},{"not_picked":["Slimebound:HungryTackle","Slimebound:LeechingTouch"],"picked":"Slimebound:SplitSpecialist+1","floor":23},{"not_picked":["Slimebound:SpikyOuterGoop","Slimebound:LeechEnergy"],"picked":"Slimebound:SplitLeeching","floor":25},{"not_picked":["Slimebound:RollThrough","Slimebound:SamplingLick+1"],"picked":"Slimebound:Overexert","floor":27},{"not_picked":["Slimebound:SlimeBarrage","Slimebound:LivingWall"],"picked":"Slimebound:Repurpose+1","floor":29},{"not_picked":["Slimebound:FinishingTackle","Slimebound:LivingWall"],"picked":"Slimebound:Prepare","floor":30},{"not_picked":["Slimebound:FirmFortitude","Slimebound:SpikyOuterGoop"],"picked":"Slimebound:Nibble+1","floor":31},{"not_picked":["Slimebound:LeechingTouch","Slimebound:SplitLeeching+1","Slimebound:BestDefense+1"],"picked":"SKIP","floor":32},{"not_picked":["Slimebound:FirmFortitude","Slimebound:DouseInSlime"],"picked":"Slimebound:SelfFormingGoo+1","floor":33},{"not_picked":["Slimebound:RollThrough+1","Slimebound:GoopTackle+1","Slimebound:RainOfGoop+1"],"picked":"SKIP","floor":36},{"not_picked":["Slimebound:ItLooksTasty","Slimebound:MegaLick"],"picked":"Slimebound:SplitMire+1","floor":38},{"not_picked":["Slimebound:SplitAcid","Slimebound:GoopSpray+1"],"picked":"Slimebound:AcidTongue+1","floor":39},{"not_picked":["Slimebound:Grow+1","Slimebound:LeechEnergy+1"],"picked":"Slimebound:LeadByExample+1","floor":42},{"not_picked":["Slimebound:LeechLife","Slimebound:SpikyOuterGoop+1","Slimebound:HauntingLick"],"picked":"SKIP","floor":48},{"not_picked":["Slimebound:LeechingTouch+1","Slimebound:SlimeSpikes+1","Slimebound:ComboTackle"],"picked":"SKIP","floor":49}],"player_experience":62385,"relics_obtained":[{"floor":7,"key":"Omamori"},{"floor":9,"key":"Eternal Feather"},{"floor":12,"key":"hexamod:Sixitude"},{"floor":21,"key":"MutagenicStrength"},{"floor":23,"key":"Turnip"},{"floor":24,"key":"reliquary:Stiletto"},{"floor":39,"key":"Pocketwatch"},{"floor":47,"key":"downfall:GremlinSack"},{"floor":48,"key":"reliquary:OuijaBoard"}],"event_choices":[{"damage_healed":0,"gold_gain":0,"player_choice":"Forge","damage_taken":0,"max_hp_gain":0,"max_hp_loss":0,"event_name":"Accursed Blacksmith","floor":14,"gold_loss":0,"cards_upgraded":["Slimebound:CorrosiveSpit"]}],"is_beta":false,"boss_relics":[{"not_picked":["REME_LowDesire","Snecko Eye"],"picked":"Slimebound:TarBlob"},{"not_picked":["sneckomod:SneckoTalon","Astrolabe"],"picked":"expansioncontent:StudyCardRelic"}],"items_purged_floors":[6,10,31,40],"is_endless":false,"potions_floor_spawned":[5,8,9,12,15,19,21,29,32,33,36,38,42],"killed_by":"WA_ARCHETYPE_DIVINITY","ascension_level":0}}