{"host":"en4narc5947t7k9n","time":1613793534,"event":{"mods":["AchievementEnabler","BaseMod","Colored Map","Minty Spire (QoL Compilation)","SuperFastMode"],"gold_per_floor":[117,117,127,144,158,158,172,97,97,97,113,142,97,107,107,107,107],"floor_reached":16,"language":"KOR","playtime":756,"items_purged":["Strike_R"],"score":104,"play_id":"09dbb6b5-6cf5-489d-ad67-c8d1a6465f2e","local_time":"20210220125854","is_ascension_mode":false,"campfire_choices":[{"floor":6,"key":"RECALL"},{"data":"Dual Wield","floor":10,"key":"SMITH"},{"data":"Barricade","floor":15,"key":"SMITH"}],"circlet_count":0,"master_deck":["Strike_R","Strike_R","Strike_R","Strike_R","Defend_R","Defend_R","Defend_R","Defend_R","Bash","Shrug It Off","Battle Trance","Dual Wield+1","Armaments","Barricade+1","Uppercut","Flex","Clash"],"relics":["Burning Blood","Vajra","Omamori"],"acts_visited":["Exordium"],"potions_floor_usage":[12,14],"damage_taken":[{"damage":1,"enemies":"Jaw Worm","floor":1,"turns":5},{"damage":0,"enemies":"2 Louse","floor":3,"turns":3},{"damage":1,"enemies":"Cultist","floor":4,"turns":3},{"damage":6,"enemies":"2 Fungi Beasts","floor":5,"turns":4},{"damage":0,"enemies":"Looter","floor":7,"turns":4},{"damage":0,"enemies":"Exordium Wildlife","floor":11,"turns":4},{"damage":23,"enemies":"Lagavulin","floor":12,"turns":11},{"damage":49,"enemies":"Gremlin Gang","floor":14,"turns":6},{"damage":27,"enemies":"The Guardian","floor":16,"turns":2}],"seed_played":"-3531431078215670484","potions_obtained":[{"floor":4,"key":"Dexterity Potion"},{"floor":5,"key":"FearPotion"},{"floor":7,"key":"EssenceOfSteel"}],"is_trial":false,"path_per_floor":["M","?","M","M","M","R","M","$","T","R","M","E","$","M","R","B"],"character_chosen":"IRONCLAD","items_purchased":["Flex"],"campfire_rested":0,"item_purchase_floors":[13],"current_hp_per_floor":[80,85,85,85,85,85,85,85,85,85,85,68,68,25,25,0,0],"gold":107,"neow_bonus":"RANDOM_COMMON_RELIC","is_daily":false,"chose_seed":false,"campfire_upgraded":2,"win_rate":0.0,"timestamp":1613793534,"path_taken":["M","?","M","M","M","R","M","$","T","R","M","E","$","M","R","BOSS"],"items_purchased_type":["Card"],"build_version":"2020-12-22","purchased_purges":1,"victory":false,"max_hp_per_floor":[80,85,85,85,85,85,85,85,85,85,85,85,85,85,85,85,85],"card_choices":[{"not_picked":["Wild Strike","Whirlwind"],"picked":"Shrug It Off","floor":1},{"not_picked":["Fire Breathing","Iron Wave"],"picked":"Battle Trance","floor":3},{"not_picked":["Iron Wave","Pommel Strike"],"picked":"Dual Wield","floor":4},{"not_picked":["Wild Strike","Clothesline","Sever Soul"],"picked":"SKIP","floor":5},{"not_picked":["Battle Trance","Anger"],"picked":"Armaments","floor":7},{"not_picked":["Fire Breathing","Flame Barrier"],"picked":"Barricade","floor":11},{"not_picked":["Thunderclap","Iron Wave"],"picked":"Uppercut","floor":12},{"not_picked":["Cleave","Shrug It Off"],"picked":"Clash","floor":14}],"player_experience":98708,"relics_obtained":[{"floor":12,"key":"Omamori"}],"event_choices":[{"damage_healed":0,"gold_gain":0,"player_choice":"Donut","damage_taken":0,"max_hp_gain":5,"max_hp_loss":0,"event_name":"Big Fish","floor":2,"gold_loss":0}],"is_beta":false,"boss_relics":[],"items_purged_floors":[8],"is_endless":false,"potions_floor_spawned":[4,5,7],"killed_by":"The Guardian","ascension_level":0}}