{"host":"v4nyfngrgywi7zc6","time":1613800359,"event":{"mods":["2.2 Compatiblity","Act Like it!","BaseMod","Custom Start","Friendly Minions","Minty Spire (QoL Compilation)","Reliquary","Ruina","Shade Mod","Shop Mod","StSLib","The Cursed","The Judge","The Jungle","The Marked","The Mystic","The Necromancer","The Saiyan"],"gold_per_floor":[115,135,148,167,185,220,220,243,243,277,277,287,287,302,302,404,404,424,439,439,439],"floor_reached":20,"language":"ENG","playtime":1457,"items_purged":[],"score":188,"play_id":"3a49c82b-c180-4313-af38-00d3f2535b04","local_time":"20210219235239","is_ascension_mode":false,"campfire_choices":[{"floor":7,"key":"REST"},{"floor":11,"key":"REST"},{"floor":13,"key":"REST"},{"floor":15,"key":"REST"}],"circlet_count":0,"master_deck":["mysticmod:Strike_Mystic","mysticmod:Strike_Mystic","mysticmod:Strike_Mystic","mysticmod:Strike_Mystic","mysticmod:Defend_Mystic","mysticmod:Defend_Mystic","mysticmod:Defend_Mystic","mysticmod:Defend_Mystic","mysticmod:ArcaneDodge","mysticmod:ShockingGrasp","mysticmod:HeavyStrike","mysticmod:ComboCaster","mysticmod:EnergizedRift","mysticmod:TomeOfSpells","mysticmod:ComboCaster","mysticmod:SpellRecall","mysticmod:DiviningBlow","mysticmod:StyleChange"],"relics":["mysticmod:SpellBook","NeowsBlessing","reliquary:Stiletto","Omamori","Sundial","Nunchaku","Black Star"],"acts_visited":["Exordium","Exordium"],"potions_floor_usage":[6,10,10,16,18,20],"damage_taken":[{"damage":0,"enemies":"Cultist","floor":1,"turns":1},{"damage":0,"enemies":"Jaw Worm","floor":2,"turns":1},{"damage":0,"enemies":"Small Slimes","floor":3,"turns":1},{"damage":10,"enemies":"3 Louse","floor":4,"turns":4},{"damage":6,"enemies":"Blue Slaver","floor":5,"turns":6},{"damage":51,"enemies":"Lagavulin","floor":6,"turns":9},{"damage":26,"enemies":"3 Sentries","floor":10,"turns":10},{"damage":3,"enemies":"Red Slaver","floor":12,"turns":6},{"damage":17,"enemies":"Exordium Thugs","floor":14,"turns":4},{"damage":21,"enemies":"Slime Boss","floor":16,"turns":11},{"damage":6,"enemies":"ruina:2_Scarecrows","floor":18,"turns":9},{"damage":33,"enemies":"ruina:3_Bats","floor":19,"turns":7},{"damage":34,"enemies":"ruina:QueenOfHate","floor":20,"turns":4}],"seed_played":"7290565737952272265","potions_obtained":[{"floor":1,"key":"Dexterity Potion"},{"floor":2,"key":"FearPotion"},{"floor":10,"key":"Fruit Juice"},{"floor":14,"key":"BlessingOfTheForge"},{"floor":16,"key":"Fire Potion"},{"floor":19,"key":"FearPotion"}],"is_trial":false,"path_per_floor":["M","M","M","M","M","E","R","T","T","E","R","M","R","M","R","B",null,"M","M","M"],"character_chosen":"MYSTIC_CLASS","items_purchased":[],"campfire_rested":4,"item_purchase_floors":[],"current_hp_per_floor":[77,77,77,67,61,10,33,33,33,12,36,33,57,40,64,43,82,76,43,9,9],"gold":439,"neow_bonus":"THREE_ENEMY_KILL","is_daily":false,"chose_seed":false,"campfire_upgraded":0,"win_rate":0.0,"timestamp":1613800359,"path_taken":["M","M","M","M","?","E","R","?","T","E","R","M","R","M","R","BOSS","M","M","M"],"items_purchased_type":[],"build_version":"2020-12-22","purchased_purges":0,"victory":false,"max_hp_per_floor":[77,77,77,77,77,77,77,77,77,82,82,82,82,82,82,82,82,82,82,82,82],"card_choices":[{"not_picked":["mysticmod:CureLightWounds","mysticmod:Riposte"],"picked":"mysticmod:HeavyStrike","floor":1},{"not_picked":["mysticmod:Dedication","mysticmod:CorrosiveTouch","mysticmod:ComponentsPouch"],"picked":"SKIP","floor":2},{"not_picked":["mysticmod:ComponentsPouch","mysticmod:SummonFamiliar"],"picked":"mysticmod:ComboCaster","floor":3},{"not_picked":["mysticmod:Disengage","mysticmod:SpellCombat","mysticmod:BulkUp"],"picked":"SKIP","floor":4},{"not_picked":["mysticmod:Snowball","mysticmod:Daze"],"picked":"mysticmod:EnergizedRift","floor":5},{"not_picked":["mysticmod:ComponentsPouch","mysticmod:DiviningBlow"],"picked":"mysticmod:TomeOfSpells","floor":6},{"not_picked":["mysticmod:Alacrity","mysticmod:Flourish","mysticmod:BulkUp"],"picked":"SKIP","floor":10},{"not_picked":["mysticmod:PowerSlash","mysticmod:BulkUp"],"picked":"mysticmod:ComboCaster","floor":12},{"not_picked":["mysticmod:Sideswipe","mysticmod:PureInstinct","mysticmod:HeavyStrike"],"picked":"SKIP","floor":14},{"not_picked":["mysticmod:Natural20","mysticmod:Doublecast"],"picked":"mysticmod:SpellRecall","floor":16},{"not_picked":["mysticmod:Daze+1","mysticmod:MirrorStrike"],"picked":"mysticmod:DiviningBlow","floor":18},{"not_picked":["mysticmod:Sideswipe","mysticmod:KeenEdge"],"picked":"mysticmod:StyleChange","floor":19}],"player_experience":282703,"relics_obtained":[{"floor":6,"key":"reliquary:Stiletto"},{"floor":8,"key":"Omamori"},{"floor":9,"key":"Sundial"},{"floor":10,"key":"Nunchaku"}],"event_choices":[],"is_beta":false,"boss_relics":[{"not_picked":["reliquary:ThirdArm","Pandora\u0027s Box"],"picked":"Black Star"}],"items_purged_floors":[],"is_endless":false,"potions_floor_spawned":[1,2,10,14,16,19],"killed_by":"ruina:QueenOfHate","ascension_level":0}}