{"host":"z37g2hkgkh2zjyzk","time":1613838668,"event":{"mods":["2.2 Compatiblity","AchievementEnabler","BaseMod","Bestiary","Colored Map","Colored Powertips","Curses Come First","Highlight Path","Keyboard Shortcuts","Minty Spire (QoL Compilation)","Relic Stats","StSLib","SuperFastMode"],"gold_per_floor":[115,129,142,142,162,197,197,231,281,281,309,309,325,325,325,422,422,422,377,377,17,17,17,17,17,17,17,17,17,17,17,17,17,17,17,17,17,17,17,17,17,17,17,17,17,17,17,17],"floor_reached":47,"language":"ENG","playtime":4392,"items_purged":["Clumsy"],"score":628,"play_id":"faa0b23f-5d74-44cd-a0cd-cfbe68483564","local_time":"20210220173108","is_ascension_mode":true,"campfire_choices":[{"data":"Reprogram","floor":7.0,"key":"SMITH"},{"data":"Reboot","floor":12.0,"key":"SMITH"},{"data":"Melter","floor":15.0,"key":"SMITH"},{"data":"Beam Cell","floor":23,"key":"SMITH"},{"data":"Meteor Strike","floor":25,"key":"SMITH"},{"floor":32,"key":"REST"},{"floor":40,"key":"REST"},{"floor":42,"key":"RECALL"}],"circlet_count":0,"master_deck":["Strike_B","Strike_B","Strike_B","Strike_B","Defend_B+1","Defend_B","Defend_B","Defend_B","Zap","Dualcast+1","Rip and Tear","Reprogram+1","Leap","Melter+1","Auto Shields+1","Reboot+1","Core Surge","Meteor Strike+1","Hello World+1","Conserve Battery+1","Beam Cell+1","Sweeping Beam","Go for the Eyes+1","Leap","Hologram","Sweeping Beam","Doubt","Apotheosis","Hologram"],"relics":["Cursed Key","Anchor","Gremlin Horn","Potion Belt","Ancient Tea Set","Ectoplasm","Ornamental Fan","Kunai","Turnip","Busted Crown","Dream Catcher"],"acts_visited":["Exordium","TheCity","TheBeyond"],"potions_floor_usage":[16,30,33,41,47],"damage_taken":[{"damage":1.0,"enemies":"Cultist","floor":1.0,"turns":3.0},{"damage":0.0,"enemies":"2 Louse","floor":2.0,"turns":2.0},{"damage":0.0,"enemies":"Small Slimes","floor":3.0,"turns":2.0},{"damage":1.0,"enemies":"Red Slaver","floor":5.0,"turns":4.0},{"damage":12.0,"enemies":"Lagavulin","floor":6.0,"turns":6.0},{"damage":6.0,"enemies":"Gremlin Nob","floor":8.0,"turns":3.0},{"damage":2.0,"enemies":"Lagavulin","floor":11.0,"turns":8.0},{"damage":0.0,"enemies":"Blue Slaver","floor":13.0,"turns":3.0},{"damage":23,"enemies":"Slime Boss","floor":16,"turns":8},{"damage":21,"enemies":"Shell Parasite","floor":18,"turns":5},{"damage":7,"enemies":"2 Thieves","floor":19,"turns":3},{"damage":0,"enemies":"Centurion and Healer","floor":22,"turns":6},{"damage":14,"enemies":"Snake Plant","floor":24,"turns":3},{"damage":0,"enemies":"Cultist and Chosen","floor":27,"turns":6},{"damage":0,"enemies":"Chosen and Byrds","floor":28,"turns":3},{"damage":2,"enemies":"Slavers","floor":29,"turns":6},{"damage":0,"enemies":"Snake Plant","floor":30,"turns":5},{"damage":3,"enemies":"Gremlin Leader","floor":31,"turns":7},{"damage":23,"enemies":"Champ","floor":33,"turns":12},{"damage":7,"enemies":"3 Darklings","floor":35,"turns":7},{"damage":0,"enemies":"Orb Walker","floor":36,"turns":4},{"damage":24,"enemies":"Jaw Worm Horde","floor":37,"turns":4},{"damage":0,"enemies":"3 Darklings","floor":38,"turns":5},{"damage":4,"enemies":"Transient","floor":39,"turns":5},{"damage":28,"enemies":"Giant Head","floor":41,"turns":10},{"damage":2,"enemies":"Spire Growth","floor":45,"turns":6},{"damage":30,"enemies":"Jaw Worm Horde","floor":46,"turns":5},{"damage":12,"enemies":"Maw","floor":47,"turns":5}],"seed_played":"8807303784229551064","potions_obtained":[{"floor":3.0,"key":"DistilledChaos"},{"floor":5.0,"key":"SteroidPotion"},{"floor":13.0,"key":"CultistPotion"},{"floor":19,"key":"SkillPotion"},{"floor":24,"key":"Dexterity Potion"},{"floor":29,"key":"Ancient Potion"},{"floor":31,"key":"SpeedPotion"},{"floor":35,"key":"ColorlessPotion"},{"floor":37,"key":"SteroidPotion"}],"is_trial":false,"path_per_floor":["M","M","M","?","M","E","R","E","T","?","E","R","M","?","R","B",null,"M","M","?","$","M","R","M","R","T","M","M","E","M","E","R","B",null,"M","M","M","M","M","R","E","R","T","?","M","M","M"],"character_chosen":"DEFECT","items_purchased":["Ornamental Fan","Beam Cell"],"campfire_rested":2,"item_purchase_floors":[21,21],"current_hp_per_floor":[74,74,74,74,73,61,61,55,55,55,53,53,53,38,38,15,75,54,47,47,47,47,47,33,33,33,33,33,31,31,28,50,27,75,68,68,44,44,40,62,34,34,34,34,32,2,0,0],"gold":17,"neow_bonus":"BOSS_RELIC","is_daily":false,"chose_seed":false,"campfire_upgraded":5,"win_rate":0.0,"timestamp":1613838668,"path_taken":["M","M","M","?","?","E","R","E","T","?","E","R","?","?","R","BOSS","M","M","?","$","M","R","M","R","T","M","?","E","M","E","R","BOSS","M","M","M","M","M","R","E","R","T","?","M","M","M"],"items_purchased_type":["Relic","Card"],"build_version":"2020-12-22","purchased_purges":1,"victory":false,"max_hp_per_floor":[75,75,75,75,75,75,75,75,75,75,75,75,75,75,75,75,75,75,75,75,75,75,75,75,75,75,75,75,75,75,75,75,75,75,75,75,75,75,75,75,75,75,75,75,75,75,75,75],"relic_stats":{"Dream Catcher":0,"Busted Crown":18,"Gremlin Horn":[23,23],"counters":[28,146],"Ornamental Fan":[220],"Ectoplasm":526,"Turnip":[9],"Kunai":[43],"Cursed Key":2,"obtain_stats":[{"Potion Belt":9,"Anchor":6,"Dream Catcher":41,"Busted Crown":34,"Gremlin Horn":8,"Ornamental Fan":21,"Ectoplasm":17,"Turnip":31,"Kunai":29,"Cracked Core":0,"Cursed Key":0,"Ancient Tea Set":11},{"Potion Belt":6,"Anchor":5,"Dream Catcher":25,"Busted Crown":19,"Gremlin Horn":6,"Ornamental Fan":11,"Ectoplasm":9,"Turnip":18,"Kunai":16,"Cracked Core":0,"Cursed Key":0,"Ancient Tea Set":7},{"Potion Belt":20,"Anchor":17,"Dream Catcher":130,"Busted Crown":95,"Gremlin Horn":20,"Ornamental Fan":47,"Ectoplasm":39,"Turnip":83,"Kunai":71,"Cracked Core":0,"Cursed Key":0,"Ancient Tea Set":28}]},"card_choices":[{"not_picked":["Redo","Steam"],"picked":"Rip and Tear","floor":1.0},{"not_picked":["Darkness","Streamline"],"picked":"Reprogram","floor":2.0},{"not_picked":["Barrage","Melter"],"picked":"Leap","floor":3.0},{"not_picked":["Redo","Hologram"],"picked":"Melter","floor":5.0},{"not_picked":["Gash","Capacitor"],"picked":"Auto Shields","floor":6.0},{"not_picked":["Creative AI","Melter"],"picked":"Reboot","floor":8.0},{"not_picked":["White Noise","Steam"],"picked":"Core Surge","floor":11.0},{"not_picked":["Hello World","Force Field","Melter"],"picked":"SKIP","floor":13.0},{"not_picked":["Creative AI","Electrodynamics"],"picked":"Meteor Strike","floor":16},{"not_picked":["Streamline+1","Consume"],"picked":"Hello World+1","floor":18},{"not_picked":["Cold Snap+1","Gash"],"picked":"Conserve Battery+1","floor":19},{"not_picked":["White Noise+1","Lockon"],"picked":"Sweeping Beam","floor":22},{"not_picked":["Ball Lightning","Compile Driver"],"picked":"Go for the Eyes+1","floor":24},{"not_picked":["Rebound","Electrodynamics","Static Discharge"],"picked":"SKIP","floor":27},{"not_picked":["Capacitor","Rip and Tear"],"picked":"Leap","floor":28},{"not_picked":["Recycle+1","Storm+1"],"picked":"Hologram","floor":29},{"not_picked":["Redo","Turbo","Sweeping Beam"],"picked":"SKIP","floor":30},{"not_picked":["Conserve Battery+1","Turbo","Consume+1"],"picked":"SKIP","floor":31},{"not_picked":["Ball Lightning"],"picked":"SKIP","floor":35},{"not_picked":["Leap"],"picked":"SKIP","floor":36},{"not_picked":["Gash"],"picked":"SKIP","floor":37},{"not_picked":["Cold Snap+1"],"picked":"SKIP","floor":38},{"not_picked":[],"picked":"Sweeping Beam","floor":39},{"not_picked":["White Noise"],"picked":"SKIP","floor":41},{"not_picked":[],"picked":"Apotheosis","floor":44},{"not_picked":[],"picked":"Hologram","floor":45},{"not_picked":["Barrage+1"],"picked":"SKIP","floor":46}],"player_experience":149890,"relics_obtained":[{"floor":6.0,"key":"Anchor"},{"floor":8.0,"key":"Gremlin Horn"},{"floor":9.0,"key":"Potion Belt"},{"floor":11.0,"key":"Ancient Tea Set"},{"floor":29,"key":"Kunai"},{"floor":31,"key":"Turnip"},{"floor":41,"key":"Dream Catcher"}],"event_choices":[{"damage_healed":0.0,"max_hp_gain":0.0,"max_hp_loss":0.0,"gold_gain":0.0,"event_name":"Match and Keep!","player_choice":"0 cards matched","floor":4.0,"gold_loss":0.0,"damage_taken":0.0,"cards_obtained":[]},{"damage_healed":0.0,"max_hp_gain":0.0,"max_hp_loss":0.0,"gold_gain":0.0,"event_name":"Accursed Blacksmith","player_choice":"Forge","floor":10.0,"gold_loss":0.0,"damage_taken":0.0,"cards_upgraded":["Auto Shields"]},{"damage_healed":0.0,"max_hp_gain":0.0,"max_hp_loss":0.0,"gold_gain":0.0,"event_name":"Shining Light","player_choice":"Entered Light","floor":14.0,"gold_loss":0.0,"damage_taken":15.0,"cards_upgraded":["Defend_B","Dualcast"]},{"damage_healed":0,"gold_gain":0,"player_choice":"Bought 0 Potions","damage_taken":0,"max_hp_gain":0,"max_hp_loss":0,"event_name":"The Woman in Blue","floor":20,"gold_loss":0},{"damage_healed":0,"gold_gain":0,"player_choice":"Memory 1","damage_taken":0,"max_hp_gain":0,"max_hp_loss":0,"event_name":"SensoryStone","floor":44,"gold_loss":0}],"is_beta":false,"boss_relics":[{"not_picked":["Empty Cage","SlaversCollar"],"picked":"Ectoplasm"},{"not_picked":["Astrolabe","Black Star"],"picked":"Busted Crown"}],"items_purged_floors":[21],"is_endless":false,"potions_floor_spawned":[3,5,13,19,24,29,31,35,37],"killed_by":"Maw","ascension_level":4}}