{"host":"f5gffvlv6a66yqkd","time":1613798767,"event":{"mods":["2.2 Compatiblity","BaseMod","Colored Map","Custom Start","DeckTracker","Keyboard Shortcuts","Minty Spire (QoL Compilation)","Permanent Neow","Quick Restart","Relic Stats","StSLib","SuperFastMode"],"gold_per_floor":[110,125,50,125,140,140,153,153,176,101,101,117,130,130,130,130,130],"floor_reached":16,"language":"KOR","playtime":256,"items_purged":["Defend_P"],"score":184,"play_id":"7c22e144-bb00-483f-b290-185e62449c7b","local_time":"20210220142607","is_ascension_mode":true,"campfire_choices":[{"data":"Eruption","floor":6,"key":"SMITH"},{"data":"TalkToTheHand","floor":8,"key":"SMITH"},{"data":"WheelKick","floor":11,"key":"SMITH"},{"floor":15,"key":"RECALL"}],"circlet_count":0,"master_deck":["AscendersBane","Strike_P","Strike_P","Strike_P","Defend_P","Defend_P","Defend_P","Eruption+1","Vigilance","WheelKick+1","TalkToTheHand+1","EmptyBody"],"relics":["PureWater","Omamori","Vajra"],"acts_visited":["Exordium"],"potions_floor_usage":[12],"damage_taken":[{"damage":0,"enemies":"Jaw Worm","floor":1,"turns":2},{"damage":0,"enemies":"Small Slimes","floor":2,"turns":4},{"damage":0,"enemies":"Cultist","floor":5,"turns":3},{"damage":3,"enemies":"Looter","floor":7,"turns":5},{"damage":2,"enemies":"Gremlin Gang","floor":12,"turns":3},{"damage":17,"enemies":"Exordium Thugs","floor":13,"turns":5},{"damage":29,"enemies":"The Guardian","floor":16,"turns":8}],"seed_played":"2246764866083540598","potions_obtained":[{"floor":1,"key":"SteroidPotion"},{"floor":5,"key":"Block Potion"}],"is_trial":false,"path_per_floor":["M","M","?","?","M","R","M","R","T","$","R","M","M","?","R","B"],"character_chosen":"WATCHER","items_purchased":[],"campfire_rested":0,"item_purchase_floors":[],"current_hp_per_floor":[61,61,61,50,50,50,47,47,47,47,47,45,28,28,28,0,0],"gold":130,"neow_bonus":"THREE_CARDS","is_daily":false,"chose_seed":false,"campfire_upgraded":3,"win_rate":0.0,"timestamp":1613798767,"path_taken":["M","M","?","?","M","R","M","R","T","?","R","M","M","?","R","BOSS"],"items_purchased_type":[],"build_version":"2020-12-22","purchased_purges":1,"victory":false,"max_hp_per_floor":[68,68,68,68,68,68,68,68,68,68,68,68,68,68,68,68,68],"relic_stats":{"counters":[7,30],"obtain_stats":[{"Vajra":14,"Omamori":9,"PureWater":0},{"Vajra":6,"Omamori":4,"PureWater":0},{"Vajra":22,"Omamori":14,"PureWater":0}]},"card_choices":[{"not_picked":["ThirdEye","WaveOfTheHand"],"picked":"WheelKick","floor":0},{"not_picked":["Wireheading","FlurryOfBlows","Crescendo"],"picked":"SKIP","floor":1},{"not_picked":["Evaluate","Worship","CrushJoints"],"picked":"SKIP","floor":2},{"not_picked":["FlurryOfBlows","ClearTheMind"],"picked":"TalkToTheHand","floor":5},{"not_picked":["JustLucky","Evaluate","BowlingBash"],"picked":"SKIP","floor":7},{"not_picked":["ClearTheMind","BowlingBash","ThirdEye"],"picked":"SKIP","floor":12},{"not_picked":["SashWhip","FlurryOfBlows"],"picked":"EmptyBody","floor":13}],"player_experience":1528762,"relics_obtained":[{"floor":9,"key":"Omamori"}],"event_choices":[{"cards_removed":["Strike_P"],"damage_healed":0,"gold_gain":0,"player_choice":"Card Removal","damage_taken":0,"max_hp_gain":0,"max_hp_loss":0,"event_name":"The Cleric","floor":3,"gold_loss":75},{"damage_healed":0,"gold_gain":75,"player_choice":"Gather Gold","damage_taken":11,"max_hp_gain":0,"max_hp_loss":0,"event_name":"World of Goop","floor":4,"gold_loss":0},{"damage_healed":0,"gold_gain":0,"player_choice":"Gave Potion","damage_taken":0,"relics_obtained":["Vajra"],"max_hp_gain":0,"max_hp_loss":0,"event_name":"WeMeetAgain","floor":14,"gold_loss":0}],"is_beta":false,"boss_relics":[],"items_purged_floors":[10],"is_endless":false,"potions_floor_spawned":[1,5],"killed_by":"The Guardian","ascension_level":20}}