{"host":"1hw3ks68c0zl1mxv","time":1613812897,"event":{"mods":["2.2 Compatiblity","Act Like it!","Aspiration","BaseMod","Beaked The Cultist","BetterRewards","Colored Map","Colored Powertips","Conspire","Downfall","Energized Spire","GungeonMod","Halation","Hallownest","Hubris","Infinite Spire","Marisa????????","Mimic Mod","Minty Spire (QoL Compilation)","Quick Restart","Replay The Spire","Shop Mod","StSLib","The Bug Knight","The Construct","The Elementalist","The Necromancer","The Saiyan","The Servant 0.9.4","TheHero"],"gold_per_floor":[119,137,154,154,154,154,184,197,197,215,248,101,101,133,133,235,235,246,258,558,577,577,604,615,635,635,635,663,682,711,741,741,888,888,962,1035,1119,1119,1154,1254,1254,613,639,639,714,770,846,846,846,1020,1070,1151,1227,1014,1060,1137,1224,1224,538,538,538,582,582,637,683,683,801,801,861,233,233,233,254,287,214,227,235,247,286,322,334,387,399,503,515,564,576,488,533,581,632,644,707,765,777,827,870,882,985,997,1156,1168,1269,1281,1293,1305,1408,1528,1540,1665,1695,1707,1863,1875,2031,2181,2193,2360,2372,2543,2555,2743,2755,2305,2481,2644,2825,2846,3049,3249,3241,3241],"floor_reached":131,"language":"ENG","playtime":10462,"items_purged":["Singularity","GravityBeat+1","beaked:VigorBurst+1"],"score":4062,"play_id":"aa3aa8bf-c7cb-479b-9097-4b720121b57f","local_time":"20210220022137","is_ascension_mode":true,"campfire_choices":[{"data":"UpSweep","floor":6.0,"key":"SMITH"},{"data":"AsteroidBelt","floor":13.0,"key":"SMITH"},{"data":"EnergyFlow","floor":15.0,"key":"SMITH"},{"data":"AsteroidBelt","floor":27.0,"key":"SMITH"},{"data":"OortCloud","floor":32.0,"key":"SMITH"},{"data":"infinitespire:NeuralNetwork","floor":41.0,"key":"SMITH"},{"data":"SprinkleStarSeal","floor":44.0,"key":"SMITH"},{"data":"beaked:Ceremony","floor":49.0,"key":"SMITH"},{"data":"ChargingUp","floor":61,"key":"SMITH"},{"data":"MasterSpark","floor":63,"key":"SMITH"},{"data":"ChargingUp","floor":66,"key":"SMITH"},{"data":"hubris:DuctTapeCard","floor":78,"key":"SMITH"},{"data":"NonDirectionalLaser+1","floor":92,"key":"SMITH"},{"data":"ChargingUp+1","floor":95,"key":"SMITH"},{"data":"ChargingUp+2","floor":100,"key":"SMITH"},{"data":"ChargingUp+3","floor":112,"key":"SMITH"},{"data":"ChargingUp+4","floor":117,"key":"SMITH"}],"circlet_count":0,"master_deck":["Strike_MRS","Strike_MRS","Strike_MRS","Strike_MRS","Defend_MRS","Defend_MRS","Defend_MRS","Defend_MRS","MasterSpark+1","NonDirectionalLaser+2","DeepEcoloBomb+1","ShootTheMoon+1","NonDirectionalLaser+1","ChargingUp+5","AsteroidBelt+1","AsteroidBelt+1","TreasureHunter+1","EnergyFlow+1","UltimateShortwave+1","DoubleSpark+1","RitualDagger+1","SporeBomb+1","AlicesGift+1","OortCloud+1","MysteriousBeam+1","ChargingUp+1","FinalSpark+1","SprinkleStarSeal+1","beaked:Ceremony+1","ReplayTheSpireMod:Haul","hubris:DuctTapeCard+2","Strike_MRS+1","Strike_MRS+1","Strike_MRS+1","Strike_MRS+1","Defend_MRS","Defend_MRS","Defend_MRS","Defend_MRS","MasterSpark+1","NonDirectionalLaser+2","DeepEcoloBomb+1","ShootTheMoon+1","NonDirectionalLaser+1","ChargingUp+5","AsteroidBelt+1","AsteroidBelt+1","TreasureHunter+1","EnergyFlow+1","UltimateShortwave+1","DoubleSpark+1","RitualDagger+1","SporeBomb+1","AlicesGift+1","OortCloud+1","MysteriousBeam+1","ChargingUp+1","FinalSpark+1","SprinkleStarSeal+1","beaked:Ceremony+1","ReplayTheSpireMod:Haul","hubris:DuctTapeCard+2","MachineGunSpark+1"],"relics":["MiniHakkero","Molten Egg 2","Strawberry","Toolbox","halation:Toothbrush","ReplayFunnel","Blood Vial","ReplayTheSpireMod:Ninjato","Orichalcum","aspiration:EmptySkull","conspire:SpecialSausage","Onion Ring","AmplifyWand","aspiration:StickyExplosives","MagicBroom","Nunchaku","infinitespire:EvilPickle","Torii","Busted Crown","ChewingGum","aspiration:BeakedSkillbook","WingedGreaves","Replay:WaspNest","MerchantsRug","hubris:TenFootPole","aspiration:ArtOfWarUpgrade","Anchor","Bottled Lightning","Pet Ghost","Tiny House","hubris:OldNail","DemoMod:WhiteGuonStone","Happy Flower","halation:EternalFortune","infinitespire:Broken Mirror","Pondfish Scales","Replay:Mystery Machine","DemoMod:ClearGuonStone","Quantum Egg","DemoMod:SerJunkan","MutagenicStrength","MawBank","DemoMod:Junk","Replay:Multitool","infinitespire:Bottled Soul","Tiny Chest","Gremlin Food","hubris:DuctTape","aspiration:RitualStick","halation:PromiseList","ReplayTheSpireMod:DimensionalGlitch","conspire:InfiniteJournal","Pear","aspiration:ChemicalBlood","SproutingBranch","Replay:Kaleidoscope","Vajra","TungstenRod","DemoMod:GlassGuonStoneRelic","hubris:CrackedHourglass","HollowMod:JonisBlessing","Thread and Needle","Potion Belt"],"acts_visited":["Exordium","TheCity","TheBeyond","Exordium","TheCity","TheBeyond","Exordium","TheCity"],"potions_floor_usage":[115,118,118,118],"damage_taken":[{"damage":0.0,"enemies":"Cultist","floor":1.0,"turns":3.0},{"damage":6.0,"enemies":"Jaw Worm","floor":2.0,"turns":2.0},{"damage":0.0,"enemies":"2 Louse","floor":3.0,"turns":2.0},{"damage":13.0,"enemies":"Lagavulin","floor":7.0,"turns":4.0},{"damage":3.0,"enemies":"Looter","floor":8.0,"turns":3.0},{"damage":0.0,"enemies":"3 Louse","floor":10.0,"turns":2.0},{"damage":6.0,"enemies":"Gremlin Nob","floor":11.0,"turns":3.0},{"damage":1.0,"enemies":"3 Sentries","floor":14.0,"turns":7.0},{"damage":36.0,"enemies":"Fading Forest","floor":16.0,"turns":11.0},{"damage":16.0,"enemies":"2 Thieves","floor":18.0,"turns":4.0},{"damage":8.0,"enemies":"Spheric Guardian","floor":19.0,"turns":4.0},{"damage":0.0,"enemies":"Snecko","floor":21.0,"turns":5.0},{"damage":10.0,"enemies":"Book of Stabbing","floor":23.0,"turns":4.0},{"damage":0.0,"enemies":"Centurion and Healer","floor":24.0,"turns":3.0},{"damage":0.0,"enemies":"Snake Plant","floor":25.0,"turns":2.0},{"damage":2.0,"enemies":"Replay:Snechameleon","floor":28.0,"turns":10.0},{"damage":0.0,"enemies":"Cultist and Chosen","floor":29.0,"turns":3.0},{"damage":6.0,"enemies":"conspire:MimicChest","floor":30.0,"turns":5.0},{"damage":5.0,"enemies":"Nightmare","floor":31.0,"turns":7.0},{"damage":1.0,"enemies":"Pondfish","floor":33.0,"turns":9.0},{"damage":0.0,"enemies":"3 Darklings","floor":35.0,"turns":1.0},{"damage":0.0,"enemies":"3 Shapes","floor":36.0,"turns":1.0},{"damage":0.0,"enemies":"Jaw Worm Horde","floor":37.0,"turns":1.0},{"damage":0.0,"enemies":"Maw","floor":39.0,"turns":4.0},{"damage":24.0,"enemies":"Nemesis","floor":40.0,"turns":6.0},{"damage":1.0,"enemies":"Giant Head","floor":45.0,"turns":3.0},{"damage":0.0,"enemies":"Maw","floor":46.0,"turns":5.0},{"damage":0.0,"enemies":"Nemesis","floor":47.0,"turns":3.0},{"damage":0.0,"enemies":"hubris:GrandSnecko","floor":50.0,"turns":7.0},{"damage":0,"enemies":"2 Louse","floor":52,"turns":1},{"damage":0,"enemies":"Cultist","floor":53,"turns":2},{"damage":0,"enemies":"Lagavulin Event","floor":55,"turns":1},{"damage":0,"enemies":"Small Slimes","floor":56,"turns":2},{"damage":0,"enemies":"Lagavulin","floor":57,"turns":4},{"damage":0,"enemies":"2 Fungi Beasts","floor":62,"turns":2},{"damage":0,"enemies":"3 Sentries","floor":64,"turns":2},{"damage":0,"enemies":"Exordium Thugs","floor":65,"turns":2},{"damage":0,"enemies":"Fading Forest","floor":67,"turns":6},{"damage":0,"enemies":"Shell Parasite","floor":69,"turns":2},{"damage":0,"enemies":"Spheric Guardian","floor":73,"turns":1},{"damage":0,"enemies":"Gremlin Leader","floor":74,"turns":3},{"damage":0,"enemies":"Nightmare","floor":76,"turns":6},{"damage":0,"enemies":"Cultist and Chosen","floor":77,"turns":7},{"damage":0,"enemies":"Cultist and Chosen","floor":79,"turns":1},{"damage":0,"enemies":"Gremlin Leader","floor":80,"turns":4},{"damage":0,"enemies":"conspire:Head Lice","floor":82,"turns":2},{"damage":0,"enemies":"conspire:MysteriousRune","floor":84,"turns":4},{"damage":0,"enemies":"Orb Walker","floor":86,"turns":1},{"damage":0,"enemies":"3 Darklings","floor":89,"turns":1},{"damage":0,"enemies":"Jaw Worm Horde","floor":90,"turns":1},{"damage":0,"enemies":"Giant Head","floor":91,"turns":3},{"damage":0,"enemies":"Nemesis","floor":93,"turns":1},{"damage":0,"enemies":"Transient","floor":96,"turns":2},{"damage":0,"enemies":"R_Hoarder","floor":99,"turns":4},{"damage":0,"enemies":"hubris:GrandSnecko","floor":101,"turns":2},{"damage":0,"enemies":"2 Louse","floor":103,"turns":1},{"damage":0,"enemies":"Small Slimes","floor":107,"turns":1},{"damage":0,"enemies":"3 Sentries","floor":108,"turns":1},{"damage":0,"enemies":"Cultist","floor":110,"turns":1},{"damage":0,"enemies":"Exordium Wildlife","floor":111,"turns":2},{"damage":0,"enemies":"Exordium Wildlife","floor":113,"turns":1},{"damage":0,"enemies":"HollowMod:MossKnight","floor":115,"turns":1},{"damage":0,"enemies":"Large Slime","floor":116,"turns":1},{"damage":122,"enemies":"infinitespire:LordOfFortification","floor":118,"turns":8},{"damage":0,"enemies":"3 Byrds","floor":120,"turns":1},{"damage":0,"enemies":"Spheric Guardian","floor":122,"turns":1},{"damage":0,"enemies":"Gremlin Leader","floor":125,"turns":1},{"damage":0,"enemies":"Cultist and Chosen","floor":126,"turns":1},{"damage":0,"enemies":"Shelled Parasite and Fungi","floor":127,"turns":1},{"damage":0,"enemies":"Centurion and Healer","floor":128,"turns":2},{"damage":0,"enemies":"Slavers","floor":129,"turns":1},{"damage":0,"enemies":"Centurion and Healer","floor":130,"turns":1},{"damage":1,"enemies":"Snecko","floor":131,"turns":2}],"seed_played":"-7899321772201886088","potions_obtained":[{"floor":1.0,"key":"Energy Potion"},{"floor":2.0,"key":"LifebloodPotion"},{"floor":16.0,"key":"sneckomod:MuddlingPotion"},{"floor":18.0,"key":"EntropicBrew"},{"floor":21.0,"key":"hexamod:SoulburnPotion"},{"floor":25.0,"key":"Adrenaline Potion"},{"floor":33.0,"key":"SteroidPotion"},{"floor":37.0,"key":"AttackPotion"},{"floor":40.0,"key":"DuplicationPotion"},{"floor":46.0,"key":"ColorlessPotion"},{"floor":50.0,"key":"Weak Potion"},{"floor":52,"key":"Languid Potion"},{"floor":62,"key":"sneckomod:MuddlingPotion"},{"floor":67,"key":"Ancient Potion"},{"floor":73,"key":"Dexterity Potion"},{"floor":115,"key":"Dexterity Potion"},{"floor":118,"key":"Dexterity Potion"},{"floor":118,"key":"DistilledChaos"},{"floor":118,"key":"Swift Potion"},{"floor":129,"key":"PowerPotion"},{"floor":130,"key":"sneckomod:MuddlingPotion"}],"is_trial":false,"path_per_floor":["M","M","M","?","T","R","E","M","T","M","E","$","R","E","R","B",null,"M","M","AVR","M","?","E","M","M","T","R","E","M","?","NM","R","B",null,"M","M","M","?","MIM","E","R","$","T","R","E","M","E","?","R","B",null,"M","M","$","?","M","E","?","$","T","R","M","R","E","M","R","B",null,"M","$","?","?","M","E","?","NM","MIM","R","M","E","?","E","R","B",null,"M","$","NS","M","M","E","R","E","T","R","M","?","R","E","R","B",null,"M","?","T","AVR","M","E","?","M","MIM","R","M","$","E","M","R","B",null,"M","T","M","?","$","E","M","M","MIM","E","M","M"],"character_chosen":"MARISA","items_purchased":["Molten Egg 2","NonDirectionalLaser+1","Strawberry","Toolbox","DeepEcoloBomb+1","TreasureHunter+1","MerchantsRug","DemoMod:MeatBun","hubris:TenFootPole","SprinkleStarSeal","RefractionSpark+1","Block Potion","Art of War","hubris:OldNail","DemoMod:WhiteGuonStone","infinitespire:Broken Mirror","Pondfish Scales","Adrenaline Potion","Quantum Egg","DemoMod:SerJunkan","HollowMod:JonisBlessing","Thread and Needle"],"campfire_rested":0,"item_purchase_floors":[0,0,0,0,0,12,42,42,42,42,42,42,42,54,54,59,59,59,70,70,124,124],"current_hp_per_floor":[82,76,76,76,76,76,63,60,60,62,58,58,58,59,59,43,82,66,60,60,62,56,48,50,52,52,52,52,54,50,47,47,48,82,87,87,87,87,87,64,64,78,78,78,84,87,87,87,87,87,92,92,92,95,95,95,95,98,101,101,101,101,101,101,101,101,101,101,101,104,104,104,104,104,104,104,104,104,107,107,97,102,102,104,110,110,110,116,116,116,119,119,132,132,132,132,116,116,124,124,128,132,135,135,135,135,135,135,138,138,138,138,138,138,138,138,138,16,138,138,138,138,138,138,138,138,138,138,138,141,0,0],"gold":3241,"neow_bonus":"","is_daily":false,"chose_seed":false,"campfire_upgraded":17,"win_rate":0.0,"timestamp":1613812897,"path_taken":["M","M","?","?","?","R","E","M","T","M","E","$","R","E","R","BOSS","M","?","AVR","M","?","E","M","M","T","R","E","M","?","NM","R","BOSS","M","M","M","?","?","E","R","$","T","R","E","M","E","?","R","BOSS","M","M","$","?","M","E","?","$","T","R","M","R","E","M","R","BOSS","M","$","?","?","M","E","?","NM","MIM","R","M","E","?","E","R","BOSS","M","$","NS","M","M","E","R","E","T","R","M","?","R","E","R","BOSS","M","?","?","AVR","?","E","?","?","MIM","R","M","$","E","M","R","BOSS","M","?","M","?","$","E","M","?","MIM","E","M","M"],"items_purchased_type":["Relic","Card","Relic","Relic","Card","Card","Relic","Relic","Relic","Card","Card","Potion","Relic","Relic","Relic","Relic","Relic","Potion","Relic","Relic","Relic","Relic"],"build_version":"2020-12-22","purchased_purges":3,"victory":false,"max_hp_per_floor":[82,82,82,82,82,82,82,82,82,82,82,82,82,82,82,82,82,82,82,82,82,82,82,82,82,82,82,82,82,82,82,82,82,82,87,87,87,87,87,87,87,87,87,87,87,87,87,87,87,87,92,92,92,95,95,95,95,98,101,101,101,101,101,101,101,101,101,101,101,104,104,104,104,104,104,104,104,104,107,107,107,110,110,110,110,110,110,116,116,116,119,119,132,132,132,132,132,132,132,132,132,132,135,135,135,135,135,135,138,138,138,138,138,138,138,138,138,138,138,138,138,138,138,138,138,138,138,138,138,141,141,141],"card_choices":[{"not_picked":["GalacticHalo","Singularity","Acceleration"],"picked":"SKIP","floor":1.0},{"not_picked":["ShootingEcho+1","DC+1"],"picked":"Singularity","floor":2.0},{"not_picked":["ShootingEcho+1","SporeBomb"],"picked":"ShootTheMoon+1","floor":3.0},{"not_picked":["SatelliteIllusion","OpenUniverse"],"picked":"NonDirectionalLaser+1","floor":7.0},{"not_picked":["EventHorizon","StarlightTyphoon"],"picked":"ChargingUp","floor":8.0},{"not_picked":["LuminesStrike+1","EnergyRecoil"],"picked":"AsteroidBelt","floor":10.0},{"not_picked":["SuperNova","MilkyWay"],"picked":"AsteroidBelt","floor":11.0},{"not_picked":["GalacticHalo","SporeBomb"],"picked":"EnergyFlow","floor":14.0},{"not_picked":["JA+1","SuperNova"],"picked":"UltimateShortwave","floor":16.0},{"not_picked":["MilkyWay","Acceleration"],"picked":"DoubleSpark+1","floor":18.0},{"not_picked":["Singularity","SatelliteIllusion"],"picked":"DeepEcoloBomb+1","floor":19.0},{"not_picked":["GalacticHalo","6A+1"],"picked":"GravityBeat+1","floor":21.0},{"not_picked":["MagicChant","DoubleSpark+1"],"picked":"SporeBomb+1","floor":23.0},{"not_picked":["MaximisePower","IllusionStar"],"picked":"AlicesGift+1","floor":24.0},{"not_picked":["ChargeUpSpray+1","DC+1","IllusionStar"],"picked":"SKIP","floor":25.0},{"not_picked":["Acceleration","MilkyWay"],"picked":"OortCloud","floor":28.0},{"not_picked":["CollectingQuirk+1","MeteoricShower+1"],"picked":"MysteriousBeam+1","floor":29.0},{"not_picked":["OpenUniverse","IllusionStar+1"],"picked":"ChargingUp","floor":30.0},{"not_picked":["infinitespire:SevenWalls","hubris:Rewind"],"picked":"infinitespire:NeuralNetwork","floor":31.0},{"not_picked":["GrandCross+1","SatelliteIllusion","Robbery+1"],"picked":"SKIP","floor":31.0},{"not_picked":["ManaRampage","TreasureHunter+1"],"picked":"FinalSpark+1","floor":33.0},{"not_picked":["beaked:TuckingFeathers+1"],"picked":"beaked:VigorBurst+1","floor":35.0},{"not_picked":["beaked:WindBringer+1","IllusionStar"],"picked":"SKIP","floor":36.0},{"not_picked":["GalacticHalo+1","beaked:Redirect+1"],"picked":"SKIP","floor":37.0},{"not_picked":["beaked:Evade","beaked:DigDeep"],"picked":"SKIP","floor":40.0},{"not_picked":["SuperPerseids","StarDustReverie"],"picked":"SKIP","floor":45.0},{"not_picked":["beaked:MimicHuntress","beaked:Redirect"],"picked":"SKIP","floor":46.0},{"not_picked":["6A+1"],"picked":"beaked:Ceremony","floor":47.0},{"not_picked":["beaked:Tweet","beaked:RitualOfBody"],"picked":"SKIP","floor":52},{"not_picked":["beaked:Redirect","beaked:SacrificialDive"],"picked":"SKIP","floor":53},{"not_picked":["beaked:FullHouse","MysteriousBeam+1"],"picked":"SKIP","floor":56},{"not_picked":["beaked:Sacrifice+1","AlicesGift+1"],"picked":"SKIP","floor":57},{"not_picked":["OneTimeOff","beaked:TuckingFeathers"],"picked":"SKIP","floor":62},{"not_picked":["Acceleration","beaked:MimicWarrior"],"picked":"SKIP","floor":64},{"not_picked":["DoubleSpark+1","GravityBeat+1"],"picked":"SKIP","floor":65},{"not_picked":["EscapeVelocity"],"picked":"beaked:AwakenedForm","floor":67},{"not_picked":["IllusionStar+1","AsteroidBelt"],"picked":"SKIP","floor":69},{"not_picked":["infinitespire:DeathsTouch","ReplayTheSpireMod:Black Plague"],"picked":"ReplayTheSpireMod:Haul","floor":73},{"not_picked":["ChargeUpSpray+1","beaked:Daydream"],"picked":"SKIP","floor":73},{"not_picked":["beaked:DarkPact","SprinkleStarSeal"],"picked":"SKIP","floor":74},{"not_picked":["NonDirectionalLaser+1","beaked:Tweet+1"],"picked":"SKIP","floor":76},{"not_picked":["beaked:Replenish","SporeBomb"],"picked":"SKIP","floor":79},{"not_picked":["BigCrunch","MagicAbsorber+1"],"picked":"SKIP","floor":80},{"not_picked":["beaked:Brace","SporeBomb+1"],"picked":"SKIP","floor":82},{"not_picked":["beaked:Brace","SporeBomb+1"],"picked":"SKIP","floor":82},{"not_picked":["RefractionSpark+1","beaked:Brace"],"picked":"SKIP","floor":86},{"not_picked":["beaked:SurvivalInstinct+1","beaked:Tweet"],"picked":"SKIP","floor":89},{"not_picked":["beaked:Poke+1","ManaConvection+1"],"picked":"SKIP","floor":90},{"not_picked":["GravityBeat+1","beaked:Negation+1"],"picked":"SKIP","floor":91},{"not_picked":["beaked:RitualOfBody+1","beaked:KnowThyFoe"],"picked":"SKIP","floor":93},{"not_picked":["PropBag","beaked:Negation"],"picked":"SKIP","floor":96},{"not_picked":["beaked:Pecker+1","beaked:Molting+1"],"picked":"SKIP","floor":99},{"not_picked":["beaked:Windmill+1","beaked:Flinch"],"picked":"SKIP","floor":103},{"not_picked":["beaked:DesperateSwing+1","WitchOfGreed"],"picked":"SKIP","floor":107},{"not_picked":["AlicesGift+1","beaked:Mantra+1"],"picked":"SKIP","floor":108},{"not_picked":["DoubleSpark+1","MilkyWay"],"picked":"SKIP","floor":110},{"not_picked":["Orbital","EarthLightRay"],"picked":"SKIP","floor":113},{"not_picked":["beaked:StickSmack+1","beaked:DesperateSwing+1"],"picked":"SKIP","floor":115},{"not_picked":["6A+1","beaked:WarriorEssence+1"],"picked":"SKIP","floor":116},{"not_picked":["UnstableBomb+1","beaked:BraceForImpact"],"picked":"SKIP","floor":120},{"not_picked":["PowerUp","beaked:Tradeoff+1"],"picked":"SKIP","floor":122},{"not_picked":["OpenUniverse","PowerUp"],"picked":"SKIP","floor":125},{"not_picked":["MagicAbsorber+1","beaked:HuntressEssence+1"],"picked":"SKIP","floor":126},{"not_picked":["OrrerysSun","ReplayTheSpireMod:Wings of Steel"],"picked":"SKIP","floor":127},{"not_picked":["beaked:Recite"],"picked":"MachineGunSpark+1","floor":128},{"not_picked":["DoubleSpark+1","DarkSpark+1"],"picked":"SKIP","floor":129},{"not_picked":["beaked:Daydream","beaked:MaddeningMurmurs+1"],"picked":"SKIP","floor":130}],"player_experience":1602467,"relics_obtained":[{"floor":5.0,"key":"halation:Toothbrush"},{"floor":7.0,"key":"ReplayFunnel"},{"floor":9.0,"key":"Blood Vial"},{"floor":11.0,"key":"ReplayTheSpireMod:Ninjato"},{"floor":14.0,"key":"Orichalcum"},{"floor":14.0,"key":"aspiration:EmptySkull"},{"floor":23.0,"key":"Onion Ring"},{"floor":26.0,"key":"hubris:CrystalStatue"},{"floor":28.0,"key":"AmplifyWand"},{"floor":28.0,"key":"aspiration:StickyExplosives"},{"floor":30.0,"key":"MagicBroom"},{"floor":31.0,"key":"Nunchaku"},{"floor":33.0,"key":"Torii"},{"floor":39.0,"key":"WingedGreaves"},{"floor":40.0,"key":"Replay:WaspNest"},{"floor":40.0,"key":"DemoMod:LamentConfigurum"},{"floor":43.0,"key":"Anchor"},{"floor":45.0,"key":"Bottled Lightning"},{"floor":47.0,"key":"Pet Ghost"},{"floor":55,"key":"Happy Flower"},{"floor":60,"key":"Replay:Mystery Machine"},{"floor":64,"key":"DemoMod:ClearGuonStone"},{"floor":74,"key":"MawBank"},{"floor":74,"key":"DemoMod:Junk"},{"floor":76,"key":"infinitespire:Bottled Soul"},{"floor":76,"key":"Tiny Chest"},{"floor":77,"key":"Gremlin Food"},{"floor":77,"key":"hubris:DuctTape"},{"floor":79,"key":"halation:EternalFortune"},{"floor":80,"key":"DemoMod:Junk"},{"floor":80,"key":"DemoMod:Junk"},{"floor":82,"key":"halation:PromiseList"},{"floor":82,"key":"halation:EternalFortune"},{"floor":82,"key":"DemoMod:Junk"},{"floor":91,"key":"DemoMod:Junk"},{"floor":91,"key":"halation:EternalFortune"},{"floor":91,"key":"conspire:InfiniteJournal"},{"floor":93,"key":"Pear"},{"floor":93,"key":"halation:EternalFortune"},{"floor":93,"key":"DemoMod:Junk"},{"floor":94,"key":"aspiration:ChemicalBlood"},{"floor":97,"key":"SproutingBranch"},{"floor":99,"key":"DemoMod:Junk"},{"floor":99,"key":"DemoMod:Junk"},{"floor":101,"key":"DemoMod:Junk"},{"floor":103,"key":"halation:EternalFortune"},{"floor":105,"key":"Replay:Kaleidoscope"},{"floor":108,"key":"Vajra"},{"floor":108,"key":"DemoMod:Junk"},{"floor":111,"key":"TungstenRod"},{"floor":115,"key":"DemoMod:Junk"},{"floor":125,"key":"DemoMod:Junk"},{"floor":128,"key":"Potion Belt"},{"floor":129,"key":"DemoMod:Junk"},{"floor":129,"key":"DemoMod:Junk"},{"floor":130,"key":"halation:EternalFortune"}],"event_choices":[{"damage_healed":0.0,"max_hp_gain":0.0,"max_hp_loss":0.0,"gold_gain":0.0,"event_name":"The Cleric","player_choice":"Leave","floor":4.0,"gold_loss":0.0,"damage_taken":0.0},{"damage_healed":0.0,"max_hp_gain":0.0,"max_hp_loss":0.0,"gold_gain":0.0,"event_name":"Nest","player_choice":"Joined the Cult","floor":22.0,"gold_loss":0.0,"damage_taken":6.0,"cards_obtained":["RitualDagger"]},{"damage_healed":0.0,"max_hp_gain":0.0,"max_hp_loss":0.0,"gold_gain":0.0,"event_name":"SecretPortal","player_choice":"Ignored","floor":48.0,"gold_loss":0.0,"damage_taken":0.0},{"damage_healed":0,"gold_gain":0,"player_choice":"Searched \u00271\u0027 times","damage_taken":0,"max_hp_gain":0,"max_hp_loss":0,"event_name":"Dead Adventurer","floor":55,"gold_loss":0},{"damage_healed":0,"gold_gain":0,"player_choice":"Leave","damage_taken":0,"max_hp_gain":0,"max_hp_loss":0,"event_name":"conspire:Investor","floor":71,"gold_loss":0},{"damage_healed":0,"gold_gain":0,"player_choice":"Inject Mutagens","damage_taken":0,"relics_obtained":["MutagenicStrength"],"max_hp_gain":0,"max_hp_loss":0,"event_name":"Drug Dealer","floor":72,"gold_loss":0},{"damage_healed":0,"gold_gain":0,"player_choice":"Obtained Relic","damage_taken":0,"relics_obtained":["Replay:Multitool"],"max_hp_gain":0,"max_hp_loss":0,"event_name":"Addict","floor":75,"gold_loss":85},{"cards_removed":["Replay:Light Bash"],"damage_healed":0,"gold_gain":0,"player_choice":"Purged","damage_taken":0,"max_hp_gain":0,"max_hp_loss":0,"event_name":"Purifier","floor":109,"gold_loss":0}],"is_beta":false,"boss_relics":[{"not_picked":["Pandora\u0027s Box","aspiration:PoetsPen","halation:Yufonium"]},{"not_picked":["ReplayTheSpireMod:DimensionalGlitch","construct:WeddingRing"],"picked":"Replay:Grab Bag"},{"not_picked":["halation:ForbiddenBikini","Coffee Dripper"],"picked":"Busted Crown"},{"not_picked":["energizedSpire:OgreHead","conspire:SeveredTorchhead"],"picked":"ChewingGum"},{"not_picked":["hubris:BlackHole","halation:PlatinumPhoenix"],"picked":"aspiration:BeakedSkillbook"},{"not_picked":["hubris:Stopwatch","Replay:Drink Me"],"picked":"Tiny House"},{"not_picked":["aspiration:PoetsPen","ReplayTheSpireMod:SealedPack","halation:LoveArrow"]},{"not_picked":["Painkiller Herb","aspiration:FutureDiary"],"picked":"ReplayTheSpireMod:DimensionalGlitch"},{"not_picked":["energizedSpire:NeverEndingSparkler","halation:SmartPhone","Pandora\u0027s Box"]},{"not_picked":["Runic Pyramid","halation:SmartPhone"],"picked":"hubris:CrackedHourglass"}],"items_purged_floors":[54,59,70],"is_endless":true,"potions_floor_spawned":[1,2,16,18,21,25,31,33,37,40,45,46,47,50,52,55,62,67,73,79,80,84,89,91,96,99,108,115,116,118,122,125,129,130],"killed_by":"Snecko","ascension_level":1}}