{"host":"to2s10i0cynxbiqz","time":1613834266,"event":{"mods":["BaseMod","Colored Powertips","Highlight Path","Minty Spire (QoL Compilation)","Quick Restart","StSLib","slay the spire mod where everything is the same but ironclad has a cowboy hat"],"gold_per_floor":[109,109,109,34,48,76,91,91,91,91,106,119,119,145,145,145,145],"floor_reached":16,"language":"ZHS","playtime":517,"items_purged":["Strike_R"],"score":176,"play_id":"ee4238be-8df5-4d9a-8f65-7892a2ea663b","local_time":"20210220231746","is_ascension_mode":true,"campfire_choices":[{"data":"Burning Pact","floor":10,"key":"SMITH"},{"floor":15,"key":"REST"}],"circlet_count":0,"master_deck":["Strike_R","Strike_R+1","Strike_R","Strike_R","Defend_R","Defend_R","Defend_R","Defend_R","Bash","Battle Trance","Burning Pact+1","Power Through","Entrench+1","Body Slam+1","Dark Embrace","True Grit"],"relics":["Burning Blood","NeowsBlessing","Bird Faced Urn","WingedGreaves","The Courier","PreservedInsect"],"acts_visited":["Exordium"],"potions_floor_usage":[14],"damage_taken":[{"damage":0,"enemies":"2 Louse","floor":1,"turns":1},{"damage":0,"enemies":"Cultist","floor":5,"turns":1},{"damage":0,"enemies":"3 Sentries","floor":6,"turns":2},{"damage":2,"enemies":"Jaw Worm","floor":7,"turns":4},{"damage":2,"enemies":"2 Fungi Beasts","floor":11,"turns":6},{"damage":30,"enemies":"Large Slime","floor":12,"turns":7},{"damage":18,"enemies":"Gremlin Nob","floor":14,"turns":4},{"damage":39,"enemies":"Slime Boss","floor":16,"turns":9}],"seed_played":"-6466096288515920474","potions_obtained":[{"floor":1,"key":"Block Potion"},{"floor":5,"key":"FairyPotion"},{"floor":12,"key":"ColorlessPotion"}],"is_trial":false,"path_per_floor":["M","?","?","$","M","E","M","?","T","R","M","M","?","E","R","B"],"character_chosen":"IRONCLAD","items_purchased":[],"campfire_rested":1,"item_purchase_floors":[],"current_hp_per_floor":[78,83,83,83,85,85,85,68,68,68,72,48,48,38,63,26,26],"gold":145,"neow_bonus":"THREE_ENEMY_KILL","is_daily":false,"chose_seed":false,"campfire_upgraded":1,"win_rate":0.0,"timestamp":1613834266,"path_taken":["M","?","?","$","?","E","M","?","T","R","M","M","?","E","R","BOSS"],"items_purchased_type":[],"build_version":"2020-12-22","purchased_purges":1,"victory":false,"max_hp_per_floor":[80,85,85,85,85,85,85,85,85,85,85,85,85,85,85,85,85],"card_choices":[{"not_picked":["Whirlwind","Pummel"],"picked":"Battle Trance","floor":1},{"not_picked":["Fire Breathing","Wild Strike"],"picked":"Burning Pact","floor":5},{"not_picked":["Pommel Strike","Warcry"],"picked":"Power Through","floor":6},{"not_picked":["Iron Wave","Cleave"],"picked":"Entrench","floor":7},{"not_picked":["Anger","Armaments"],"picked":"Body Slam","floor":11},{"not_picked":["Double Tap","Headbutt"],"picked":"Dark Embrace","floor":12},{"not_picked":["Clothesline","Combust"],"picked":"True Grit","floor":14}],"player_experience":268017,"relics_obtained":[{"floor":6,"key":"WingedGreaves"},{"floor":9,"key":"The Courier"},{"floor":14,"key":"PreservedInsect"}],"event_choices":[{"damage_healed":0,"gold_gain":0,"player_choice":"Donut","damage_taken":0,"max_hp_gain":5,"max_hp_loss":0,"event_name":"Big Fish","floor":2,"gold_loss":0},{"damage_healed":0,"gold_gain":0,"player_choice":"Gave Potion","damage_taken":0,"relics_obtained":["Bird Faced Urn"],"max_hp_gain":0,"max_hp_loss":0,"event_name":"WeMeetAgain","floor":3,"gold_loss":0},{"damage_healed":0,"gold_gain":0,"player_choice":"Entered Light","damage_taken":17,"max_hp_gain":0,"max_hp_loss":0,"event_name":"Shining Light","floor":8,"gold_loss":0,"cards_upgraded":["Strike_R","Entrench"]},{"damage_healed":0,"gold_gain":0,"player_choice":"Grow","damage_taken":0,"max_hp_gain":0,"max_hp_loss":0,"event_name":"Living Wall","floor":13,"gold_loss":0,"cards_upgraded":["Body Slam"]}],"is_beta":false,"boss_relics":[],"items_purged_floors":[4],"is_endless":false,"potions_floor_spawned":[1,5,12],"killed_by":"Slime Boss","ascension_level":6}}