{"host":"jngeqill3bw7azzz","time":1613845166,"event":{"mods":["BaseMod","Highlight Path","Minty Spire (QoL Compilation)","Permanent Neow","Relic Stats"],"gold_per_floor":[114,39,55,55,66,92,107,141,141,159,159,177,204,204,204,281,281,300,310,43,43,54,54,54,54],"floor_reached":24,"language":"ENG","playtime":1278,"items_purged":["Shame","Pain"],"score":436,"play_id":"bf6bad7b-7617-48ea-bf3d-c1166469eb3e","local_time":"20210220131926","is_ascension_mode":true,"campfire_choices":[{"data":"Whirlwind","floor":11,"key":"SMITH"},{"data":"Disarm","floor":15,"key":"SMITH"},{"data":"Immolate","floor":23,"key":"SMITH"}],"circlet_count":0,"master_deck":["AscendersBane","Strike_R","Strike_R","Strike_R","Strike_R","Defend_R","Defend_R","Defend_R","Defend_R","Bash","Whirlwind+1","Sword Boomerang+1","Reaper","Flame Barrier","Carnage+1","Pommel Strike","Disarm+1","Pommel Strike","Shrug It Off","Immolate+1","Metallicize+1","Evolve+1"],"relics":["Burning Blood","CaptainsWheel","Whetstone","Pen Nib","Ancient Tea Set","Matryoshka","WarpedTongs","Philosopher\u0027s Stone","Bag of Marbles","Tiny Chest","Ornamental Fan"],"acts_visited":["Exordium","TheCity"],"potions_floor_usage":[6,13,16,22],"damage_taken":[{"damage":2,"enemies":"Jaw Worm","floor":1,"turns":4},{"damage":6,"enemies":"Cultist","floor":3,"turns":3},{"damage":12,"enemies":"Small Slimes","floor":5,"turns":4},{"damage":14,"enemies":"Gremlin Nob","floor":6,"turns":4},{"damage":15,"enemies":"Exordium Wildlife","floor":7,"turns":5},{"damage":25,"enemies":"3 Sentries","floor":8,"turns":5},{"damage":15,"enemies":"Exordium Thugs","floor":10,"turns":4},{"damage":7,"enemies":"Gremlin Gang","floor":12,"turns":4},{"damage":8,"enemies":"Gremlin Nob","floor":13,"turns":3},{"damage":31,"enemies":"The Guardian","floor":16,"turns":11},{"damage":16,"enemies":"3 Byrds","floor":18,"turns":4},{"damage":25,"enemies":"Shell Parasite","floor":19,"turns":5},{"damage":0,"enemies":"Snecko","floor":22,"turns":4},{"damage":21,"enemies":"Gremlin Leader","floor":24,"turns":5}],"seed_played":"-5862552858799492537","potions_obtained":[{"floor":1,"key":"SteroidPotion"},{"floor":3,"key":"LiquidMemories"},{"floor":13,"key":"SneckoOil"},{"floor":18,"key":"Block Potion"}],"is_trial":false,"path_per_floor":["M","$","M","?","M","E","M","E","T","M","R","M","E","?","R","B",null,"M","M","$","T","M","R","E"],"character_chosen":"IRONCLAD","items_purchased":["Bag of Marbles"],"campfire_rested":0,"item_purchase_floors":[20],"current_hp_per_floor":[72,72,72,72,69,67,66,59,59,54,54,69,67,67,67,50,69,59,45,45,45,63,63,66,66],"gold":54,"neow_bonus":"ONE_RARE_RELIC","is_daily":false,"chose_seed":false,"campfire_upgraded":3,"win_rate":0.0,"timestamp":1613845166,"path_taken":["M","$","M","?","?","E","M","E","T","M","R","M","E","?","R","BOSS","M","M","$","?","M","R","E"],"items_purchased_type":["Relic"],"build_version":"2020-12-22","purchased_purges":2,"victory":false,"max_hp_per_floor":[75,75,75,75,75,75,75,75,75,75,75,75,75,75,75,75,75,75,75,75,75,75,75,75,75],"relic_stats":{"counters":[14,65],"Ornamental Fan":[12],"Tiny Chest":0,"Pen Nib":[7],"Whetstone":["Sword Boomerang","Carnage"],"obtain_stats":[{"CaptainsWheel":0,"Matryoshka":13,"Ornamental Fan":21,"Philosopher\u0027s Stone":17,"Tiny Chest":21,"Pen Nib":8,"Bag of Marbles":20,"Whetstone":6,"Ancient Tea Set":9,"Burning Blood":0,"WarpedTongs":14},{"CaptainsWheel":0,"Matryoshka":9,"Ornamental Fan":12,"Philosopher\u0027s Stone":10,"Tiny Chest":12,"Pen Nib":6,"Bag of Marbles":12,"Whetstone":4,"Ancient Tea Set":6,"Burning Blood":0,"WarpedTongs":9},{"CaptainsWheel":0,"Matryoshka":36,"Ornamental Fan":56,"Philosopher\u0027s Stone":47,"Tiny Chest":56,"Pen Nib":25,"Bag of Marbles":56,"Whetstone":15,"Ancient Tea Set":25,"Burning Blood":0,"WarpedTongs":36}],"Burning Blood":78,"WarpedTongs":[28]},"card_choices":[{"not_picked":["Warcry","Metallicize"],"picked":"Whirlwind","floor":1},{"not_picked":["Clash","Havoc"],"picked":"Sword Boomerang","floor":3},{"not_picked":["Thunderclap","Seeing Red"],"picked":"Flame Barrier","floor":5},{"not_picked":["Armaments","Dark Embrace"],"picked":"Carnage","floor":6},{"not_picked":["Warcry","Flex"],"picked":"Pommel Strike","floor":7},{"not_picked":["Seeing Red","Anger"],"picked":"Disarm","floor":8},{"not_picked":["Second Wind","Warcry","Havoc"],"picked":"SKIP","floor":10},{"not_picked":["Twin Strike","Heavy Blade"],"picked":"Pommel Strike","floor":12},{"not_picked":["Uppercut","Thunderclap"],"picked":"Shrug It Off","floor":13},{"not_picked":["Fiend Fire","Bludgeon"],"picked":"Immolate","floor":16},{"not_picked":["Havoc","Heavy Blade"],"picked":"Metallicize+1","floor":18},{"not_picked":["Metallicize","Combust"],"picked":"Evolve+1","floor":19},{"not_picked":["Sentinel","Pommel Strike","True Grit"],"picked":"SKIP","floor":22}],"player_experience":2674060,"relics_obtained":[{"floor":6,"key":"Whetstone"},{"floor":8,"key":"Pen Nib"},{"floor":9,"key":"Ancient Tea Set"},{"floor":13,"key":"Matryoshka"},{"floor":21,"key":"Tiny Chest"},{"floor":21,"key":"Ornamental Fan"}],"event_choices":[{"damage_healed":0,"gold_gain":0,"cards_transformed":["Strike_R"],"player_choice":"Transformed","damage_taken":0,"max_hp_gain":0,"max_hp_loss":0,"event_name":"Transmorgrifier","floor":4,"gold_loss":0,"cards_obtained":["Reaper"]},{"damage_healed":0,"gold_gain":0,"player_choice":"Rummage","damage_taken":0,"relics_obtained":["WarpedTongs"],"max_hp_gain":0,"max_hp_loss":0,"event_name":"Accursed Blacksmith","floor":14,"gold_loss":0,"cards_obtained":["Pain"]}],"is_beta":false,"boss_relics":[{"not_picked":["Pandora\u0027s Box","Mark of Pain"],"picked":"Philosopher\u0027s Stone"}],"items_purged_floors":[2,20],"is_endless":false,"potions_floor_spawned":[1,3,5,13,18],"killed_by":"Gremlin Leader","ascension_level":20}}