{"host":"u7lm8z2rvb4dg2oo","time":1613793897,"event":{"mods":["AchievementEnabler","BaseMod","Bestiary","Block Reminder","Colored Map","Colored Powertips","Curses Come First","DeckTracker","Googly Eyes","Highlight Path","Minty Spire (QoL Compilation)","Quick Restart","StSLib"],"gold_per_floor":[118,136,149,167,167,205,205,249,249,291,300,300,8,30,30,134,161,183,208,20,20,42,67,67,87,112,141,18,0,35,35,35,35,35],"floor_reached":33,"language":"ENG","playtime":16508,"items_purged":["Injury"],"score":527,"play_id":"b3c99bd3-9686-4045-8648-5d95ee0fbb0d","local_time":"20210219230457","is_ascension_mode":true,"campfire_choices":[{"data":"Bane","floor":7.0,"key":"SMITH"},{"floor":12.0,"key":"REST"},{"floor":15.0,"key":"REST"},{"data":"Phantasmal Killer","floor":24.0,"key":"SMITH"},{"floor":32,"key":"REST"}],"circlet_count":0,"master_deck":["AscendersBane","Strike_G","Strike_G","Defend_G","Defend_G","Defend_G","Defend_G","Defend_G","Survivor","Neutralize","Blade Dance","Corpse Explosion","Bouncing Flask+1","Bane+1","Crippling Poison","Deadly Poison","Noxious Fumes","Footwork","Phantasmal Killer+1","Finisher+1","Backflip+1","Wraith Form v2+1","Accuracy","Deadly Poison","Dash","Bane+1","Caltrops","Deadly Poison"],"relics":["Ring of the Snake","CeramicFish","Lantern","Bottled Lightning","Ginger","Bloody Idol","Blood Vial","Astrolabe","MealTicket","Nunchaku","Snake Skull"],"acts_visited":["Exordium","TheCity"],"potions_floor_usage":[],"damage_taken":[{"damage":4.0,"enemies":"Jaw Worm","floor":1.0,"turns":6.0},{"damage":1.0,"enemies":"2 Louse","floor":2.0,"turns":3.0},{"damage":1.0,"enemies":"Small Slimes","floor":3.0,"turns":3.0},{"damage":6.0,"enemies":"Red Slaver","floor":4.0,"turns":4.0},{"damage":18.0,"enemies":"Gremlin Nob","floor":6.0,"turns":3.0},{"damage":15.0,"enemies":"Lagavulin","floor":8.0,"turns":3.0},{"damage":15.0,"enemies":"Gremlin Nob","floor":10.0,"turns":4.0},{"damage":0.0,"enemies":"3 Louse","floor":14.0,"turns":1.0},{"damage":19.0,"enemies":"Hexaghost","floor":16.0,"turns":7.0},{"damage":16.0,"enemies":"2 Thieves","floor":18.0,"turns":3.0},{"damage":13.0,"enemies":"Chosen","floor":19.0,"turns":4.0},{"damage":2.0,"enemies":"Sentry and Sphere","floor":22.0,"turns":4.0},{"damage":28.0,"enemies":"Snake Plant","floor":25.0,"turns":4.0},{"damage":35.0,"enemies":"Shelled Parasite and Fungi","floor":27.0,"turns":5.0},{"damage":21.0,"enemies":"Slavers","floor":30.0,"turns":3.0},{"damage":52,"enemies":"Collector","floor":33,"turns":4}],"seed_played":"8724012162783683756","potions_obtained":[{"floor":1.0,"key":"Block Potion"},{"floor":4.0,"key":"FearPotion"},{"floor":6.0,"key":"DistilledChaos"},{"floor":8.0,"key":"Weak Potion"},{"floor":16.0,"key":"Block Potion"},{"floor":19.0,"key":"Block Potion"}],"is_trial":false,"path_per_floor":["M","M","M","M","?","E","R","E","T","E","?","R","$","M","R","B",null,"M","M","$","?","M","T","R","M","T","M","$","?","E","?","R","B"],"character_chosen":"THE_SILENT","items_purchased":["Blood Vial","Noxious Fumes","Poison Potion","GhostInAJar","Caltrops","Dexterity Potion"],"campfire_rested":3,"item_purchase_floors":[13,13,13,20,28,28],"current_hp_per_floor":[61,60,59,53,53,35,35,20,20,5,5,26,26,28,49,32,62,48,37,37,37,47,52,52,31,36,13,33,33,24,24,45,0,0],"gold":35,"neow_bonus":"TEN_PERCENT_HP_BONUS","is_daily":false,"chose_seed":false,"campfire_upgraded":2,"win_rate":0.0,"timestamp":1613793897,"path_taken":["M","M","M","M","?","E","R","E","T","E","?","R","$","M","R","BOSS","M","M","$","?","M","?","R","M","T","M","$","?","E","?","R","BOSS"],"items_purchased_type":["Relic","Card","Potion","Potion","Card","Potion"],"build_version":"2020-12-22","purchased_purges":1,"victory":false,"max_hp_per_floor":[72,72,72,72,72,72,72,72,72,72,72,72,72,72,72,72,72,72,72,72,72,72,72,72,72,72,72,72,72,72,72,72,72,72],"card_choices":[{"not_picked":["Distraction","Bane"],"picked":"Blade Dance","floor":1.0},{"not_picked":["Sucker Punch","Outmaneuver","Tactician"],"picked":"SKIP","floor":2.0},{"not_picked":["Underhanded Strike","Acrobatics"],"picked":"Corpse Explosion","floor":3.0},{"not_picked":["Dash","Well Laid Plans"],"picked":"Bouncing Flask","floor":4.0},{"not_picked":["Tactician","Acrobatics"],"picked":"Bane","floor":6.0},{"not_picked":["Poisoned Stab","Die Die Die"],"picked":"Crippling Poison","floor":8.0},{"not_picked":["Poisoned Stab","Dodge and Roll"],"picked":"Deadly Poison","floor":10.0},{"not_picked":["Blade Dance","Bouncing Flask"],"picked":"Footwork","floor":14.0},{"not_picked":["Tools of the Trade","Storm of Steel"],"picked":"Phantasmal Killer","floor":16.0},{"not_picked":["PiercingWail","Backstab"],"picked":"Accuracy","floor":18.0},{"not_picked":["Underhanded Strike","Setup"],"picked":"Deadly Poison","floor":19.0},{"not_picked":["Accuracy","Prepared"],"picked":"Dash","floor":22.0},{"not_picked":["Reflex","Outmaneuver","Dagger Throw"],"picked":"SKIP","floor":25.0},{"not_picked":["Deflect","Well Laid Plans"],"picked":"Bane+1","floor":27.0},{"not_picked":["Backflip","Setup+1"],"picked":"Deadly Poison","floor":30.0}],"player_experience":742564,"relics_obtained":[{"floor":6.0,"key":"CeramicFish"},{"floor":8.0,"key":"Lantern"},{"floor":9.0,"key":"Bottled Lightning"},{"floor":10.0,"key":"Ginger"},{"floor":23.0,"key":"MealTicket"},{"floor":26.0,"key":"Nunchaku"},{"floor":30.0,"key":"Snake Skull"}],"event_choices":[{"damage_healed":0.0,"max_hp_gain":0.0,"max_hp_loss":0.0,"gold_gain":0.0,"event_name":"Living Wall","player_choice":"Grow","floor":5.0,"gold_loss":0.0,"damage_taken":0.0,"cards_upgraded":["Bouncing Flask"]},{"damage_healed":0.0,"max_hp_gain":0.0,"max_hp_loss":0.0,"gold_gain":0.0,"event_name":"Golden Idol","player_choice":"Take Wound","floor":11.0,"gold_loss":0.0,"damage_taken":0.0,"relics_obtained":["Golden Idol"],"cards_obtained":["Injury"]},{"damage_healed":0.0,"max_hp_gain":0.0,"max_hp_loss":0.0,"gold_gain":0.0,"event_name":"Forgotten Altar","player_choice":"Gave Idol","floor":21.0,"relics_lost":["Golden Idol"],"gold_loss":0.0,"damage_taken":0.0,"relics_obtained":["Bloody Idol"]},{"damage_healed":0.0,"max_hp_gain":0.0,"max_hp_loss":0.0,"gold_gain":0.0,"event_name":"Masked Bandits","player_choice":"Paid Fearfully","floor":29.0,"gold_loss":18.0,"damage_taken":0.0},{"damage_healed":0.0,"max_hp_gain":0.0,"max_hp_loss":0.0,"gold_gain":0.0,"event_name":"Cursed Tome","player_choice":"Ignored","floor":31.0,"gold_loss":0.0,"damage_taken":0.0}],"is_beta":false,"boss_relics":[{"not_picked":["HoveringKite","Coffee Dripper"],"picked":"Astrolabe"}],"items_purged_floors":[20],"is_endless":false,"potions_floor_spawned":[1,4,6,8,16,19],"killed_by":"Collector","ascension_level":17}}