{"host":"d6oxvn0vsgxeumax","time":1613843100,"event":{"mods":["BaseMod","Better Altar","Better Match","Better Note","Better Sensory Stone","Better Skull","Better Third Choice","BetterRewards","Bossed Relics","Colored Map","Colored Powertips","Defuse TimeMaze Blight","Downfall","Hubris","Infinite Spire","Minty Spire (QoL Compilation)","Relic Sorter","Replay The Spire","Shop Mod","Spicy Shops","Spire Arcade","StSLib","The Bug Knight","Uncapped"],"gold_per_floor":[99,119,119,269,283,283,283,183,39,70,96,96,130,130,157,261,361,261,281,281,281,281],"floor_reached":20,"language":"ENG","playtime":672,"items_purged":[],"score":215,"play_id":"c4df8aa9-ca7b-4eb6-a1c1-4e8f320ab9d0","local_time":"20210220114500","is_ascension_mode":true,"campfire_choices":[{"data":"hexamod:Sear","floor":1.0,"key":"SMITH"},{"data":"hexamod:DynamicBlow","floor":6,"key":"SMITH"},{"floor":8,"key":"RECALL"},{"data":"hexamod:SoulSteal","floor":12,"key":"SMITH"},{"data":"hexamod:VolcanoVisage","floor":18,"key":"SMITH"}],"circlet_count":0,"master_deck":["hexamod:Strike","hexamod:Strike","hexamod:Strike","hexamod:Strike","hexamod:Defend","hexamod:Defend","hexamod:Defend","hexamod:Defend","hexamod:Sear+1","hexamod:DynamicBlow+1","hexamod:Toasty+1","hexamod:FirstSeal","hexamod:SecondSeal","Master of Strategy","ReplayTheSpireMod:Private Reserves","hexamod:SoulSteal+1","hexamod:FlameSwitch","Specialist","hexamod:WildfireWeapon","hexamod:VolcanoVisage+1","hexamod:ExtraCrispy+1"],"relics":["Philosopher\u0027s Stone","downfall:HeartBlessingBlue","ReplayTheSpireMod:ShopPack","Ornamental Fan","Prayer Wheel","Replay:Wanted Poster","downfall:HeartBlessingRed"],"acts_visited":["Exordium","TheCity"],"potions_floor_usage":[9,16],"damage_taken":[{"damage":0.0,"enemies":"Small Slimes","floor":2.0,"turns":3.0},{"damage":2,"enemies":"Jaw Worm","floor":5,"turns":3},{"damage":10,"enemies":"downfall:FleeingMerchant","floor":9,"turns":4},{"damage":0,"enemies":"Lagavulin","floor":10,"turns":3},{"damage":0,"enemies":"2 Louse","floor":11,"turns":2},{"damage":12,"enemies":"Gremlin Nob","floor":13,"turns":3},{"damage":4,"enemies":"2 Fungi Beasts","floor":15,"turns":3},{"damage":23,"enemies":"IC_STATUS_ARCHETYPE","floor":16,"turns":6},{"damage":53,"enemies":"downfall:LooterAlt2","floor":19,"turns":5},{"damage":34,"enemies":"3 Byrds","floor":20,"turns":2}],"seed_played":"7918471549866798185","potions_obtained":[{"floor":5,"key":"ColorlessPotion"},{"floor":13,"key":"EssenceOfSteel"},{"floor":16,"key":"Elixir"}],"is_trial":false,"path_per_floor":["R","M","?","?","M","R","T","R","$","E","M","R","E","?","M","B",null,"R","M","M"],"character_chosen":"THE_SPIRIT","items_purchased":["ReplayTheSpireMod:ShopPack"],"campfire_rested":0,"item_purchase_floors":[9],"current_hp_per_floor":[70,70,70,70,68,68,68,78,75,80,80,80,75,75,78,62,80,80,34,0,0,0],"gold":281,"neow_bonus":"BOSS_RELIC","is_daily":false,"chose_seed":false,"campfire_upgraded":4,"win_rate":0.0,"timestamp":1613843100,"path_taken":["R","M","?","?","M","R","T","R","$","E","?","R","E","?","M","BOSS","R","M","M"],"items_purchased_type":["Relic"],"build_version":"2020-12-22","purchased_purges":0,"victory":false,"max_hp_per_floor":[70,70,70,70,70,70,70,80,80,80,80,80,80,80,80,80,80,80,80,80,80,80],"card_choices":[{"not_picked":["hexamod:Again","hexamod:InspiringFlames"],"picked":"hexamod:DynamicBlow","floor":2.0},{"not_picked":["hexamod:SkipABeat","hexamod:Incineration"],"picked":"hexamod:FirstSeal","floor":5},{"not_picked":["hexamod:HeatMetal","hexamod:ExtraCrispy"],"picked":"hexamod:SecondSeal","floor":9},{"not_picked":["Transmutation","Secret Weapon"],"picked":"Master of Strategy","floor":9},{"not_picked":["Impatience","ReplayTheSpireMod:Necrogeddon"],"picked":"ReplayTheSpireMod:Private Reserves","floor":9},{"not_picked":["hexamod:SkipABeat","hexamod:Again"],"picked":"hexamod:SoulSteal","floor":10},{"not_picked":["hexamod:Haunt","hexamod:SwordOfDarkness","hexamod:RetreatToShadows"],"picked":"SKIP","floor":11},{"not_picked":["hexamod:NightmareStrike","hexamod:SpectersWail"],"picked":"hexamod:FlameSwitch","floor":13},{"not_picked":["Purity","Forethought"],"picked":"Specialist","floor":14},{"not_picked":["hexamod:ThermalTransfer","hexamod:Rewind"],"picked":"hexamod:WildfireWeapon","floor":15},{"not_picked":["hexamod:FlamesFromBeyond","hexamod:NightmareStrike","hexamod:AdvancingGuard"],"picked":"SKIP","floor":15},{"not_picked":["hexamod:ApocalypseNow","hexamod:ForkedFlame"],"picked":"hexamod:VolcanoVisage","floor":16},{"not_picked":["hexamod:PowerFromBeyond","hexamod:BurningTouch"],"picked":"hexamod:ExtraCrispy+1","floor":19},{"not_picked":["hexamod:NecessarySacrifice","hexamod:SpectersWail+1","hexamod:CatchUp"],"picked":"SKIP","floor":19},{"not_picked":["hexamod:NecessarySacrifice","hexamod:SpectersWail+1","hexamod:CatchUp"],"picked":"SKIP","floor":19}],"player_experience":1134696,"relics_obtained":[{"floor":10,"key":"Ornamental Fan"},{"floor":13,"key":"Prayer Wheel"}],"event_choices":[{"damage_healed":0,"gold_gain":1,"player_choice":"1","damage_taken":0,"max_hp_gain":0,"max_hp_loss":0,"event_name":"betterStone:BetterStone","floor":14,"gold_loss":0}],"is_beta":false,"boss_relics":[{"not_picked":["Fusion Hammer","Snecko Heart"],"picked":"Replay:Wanted Poster"}],"items_purged_floors":[],"is_endless":false,"potions_floor_spawned":[5,13,16],"killed_by":"3 Byrds","ascension_level":1}}