{"host":"wrdw6zkxuilnr6rg","time":1613823670,"event":{"mods":["Act Like it!","BaseMod","Colored Powertips","Hallownest","Minty Spire (QoL Compilation)","Relic Stats","StSLib","The Bug Knight"],"gold_per_floor":[119,134,134,134,54,54,89,108,134,134,93,106,134,0,0,101,101,117,136,136,150,610,641,641,658,727,768,150,150,150,168,168,265,265,275,275,288,301,241,241,241,273,273,305,325,342,369,449,449,449,449,449,53,79,79,79],"floor_reached":55,"language":"ENG","playtime":2735,"items_purged":["HollowMod:NailStrikeStart","Hallownest:curseDreamersLament"],"score":944,"play_id":"ceb11ef5-95fa-4ad7-ac2b-b4627e96cc0e","local_time":"20210220152110","is_ascension_mode":true,"campfire_choices":[{"data":"HollowMod:QuirrelsAssistance","floor":6,"key":"SMITH"},{"data":"HollowMod:FastStrike","floor":10,"key":"SMITH"},{"data":"HollowMod:GreatSlash","floor":15,"key":"SMITH"},{"data":"Hallownest:skillLeafShield","floor":24,"key":"SMITH"},{"data":"HollowMod:FocusHealStart","floor":29,"key":"SMITH"},{"data":"HollowMod:DungDefenderAura","floor":32,"key":"SMITH"},{"floor":40,"key":"RECALL"},{"floor":49,"key":"REST"},{"data":"HollowMod:CrystalDash","floor":52,"key":"SMITH"}],"circlet_count":0,"master_deck":["HollowMod:NailStrikeStart","HollowMod:NailStrikeStart","HollowMod:NailStrikeStart","HollowMod:FocusHealStart+1","HollowMod:PogoStrike","HollowMod:RecoilStrike+1","HollowMod:FastStrike+1","Hallownest:skillLeafShield+1","Hallownest:skillLeafShield","Hallownest:skillLeafShield","Hallownest:skillLeafShield","Hallownest:skillLeafShield","HollowMod:QuirrelsAssistance+1","HollowMod:DungDefenderAura+1","HollowMod:GreatSlash+1","HollowMod:CloakDash","HollowMod:ElderbugsWisdom+1","HollowMod:SoulSplash+1","HollowMod:CrystalDash+1","HollowMod:CloakDash","HollowMod:SlysStrikes","HollowMod:HuntersJournal+1","HollowMod:DashSlash+1"],"relics":["HollowMod:VesselMask","NeowsBlessing","Strawberry","Bronze Scales","Happy Flower","Philosopher\u0027s Stone","Ornamental Fan","Singing Bowl","Mummified Hand","Meat on the Bone","Hallownest:WatcherSealRelic","Snecko Eye","Juzu Bracelet","Vajra","Pantograph","HandDrill","Pen Nib","Boot"],"acts_visited":["Exordium","Hallownest:Greenpath","Hallownest:CityofTears","TheEnding"],"potions_floor_usage":[12,33,55,55,55],"damage_taken":[{"damage":0,"enemies":"Hallownest:2_Baldur","floor":1,"turns":1},{"damage":0,"enemies":"Hallownest:monsterHuskGuard","floor":2,"turns":1},{"damage":0,"enemies":"Hallownest:eliteCrystalGuardian","floor":7,"turns":1},{"damage":4,"enemies":"Hallownest:2_Tiktiks_and_1_Crawlid","floor":8,"turns":2},{"damage":12,"enemies":"Hallownest:1_Ooma_and_2_Uuma","floor":12,"turns":4},{"damage":8,"enemies":"Hallownest:eliteVengeflyKing","floor":13,"turns":5},{"damage":26,"enemies":"Hallownest:BossFalseKnight","floor":16,"turns":8},{"damage":0,"enemies":"Hallownest:3_Youths","floor":18,"turns":4},{"damage":0,"enemies":"Hallownest:2_Mistakes","floor":19,"turns":5},{"damage":0,"enemies":"Hallownest:monsterMisterMushroom","floor":21,"turns":6},{"damage":0,"enemies":"Hallownest:Nosk","floor":23,"turns":6},{"damage":37,"enemies":"Hallownest:3_Mistakes","floor":25,"turns":8},{"damage":8,"enemies":"Hallownest:Glutton_and_Coward","floor":27,"turns":3},{"damage":1,"enemies":"Hallownest:monsterShrumalOgre","floor":31,"turns":4},{"damage":8,"enemies":"Hallownest:BossGrimm","floor":33,"turns":7},{"damage":8,"enemies":"Hallownest:3_Siblings","floor":35,"turns":6},{"damage":0,"enemies":"Hallownest:Shield_Heavy","floor":37,"turns":4},{"damage":6,"enemies":"Hallownest:2_Great","floor":38,"turns":4},{"damage":4,"enemies":"Hallownest:eliteHiveKnight","floor":42,"turns":5},{"damage":20,"enemies":"Hallownest:StalkingDevout","floor":44,"turns":6},{"damage":3,"enemies":"Hallownest:2_Soldiers_and_1_Guardian","floor":45,"turns":4},{"damage":29,"enemies":"Hallownest:Slobbering_and_Violent","floor":46,"turns":5},{"damage":24,"enemies":"Hallownest:eliteHiveKnight","floor":47,"turns":6},{"damage":5,"enemies":"Hallownest:eliteHiveKnight","floor":48,"turns":4},{"damage":0,"enemies":"Hallownest:eliteHiveKnight","floor":48,"turns":2},{"damage":48,"enemies":"Hallownest:BossGreyPrinceZote","floor":50,"turns":8},{"damage":38,"enemies":"Shield and Spear","floor":54,"turns":5},{"damage":111,"enemies":"The Heart","floor":55,"turns":6}],"seed_played":"3471653963446917302","potions_obtained":[{"floor":2,"key":"AttackPotion"},{"floor":7,"key":"LiquidBronze"},{"floor":16,"key":"PowerPotion"},{"floor":18,"key":"LiquidBronze"},{"floor":23,"key":"CultistPotion"},{"floor":37,"key":"BlessingOfTheForge"}],"is_trial":false,"path_per_floor":["M","M","?","?","$","R","E","M","T","R","$","M","E","?","R","B",null,"M","M","?","M","?","E","R","M","T","M","$","R","?","M","R","B",null,"M","?","M","M","?","R","$","E","T","E","M","M","E","?","R","B",null,"R","$","E","B"],"character_chosen":"THE_BUGKNIGHT","items_purchased":["HollowMod:QuirrelsAssistance","HollowMod:GreatSlash","Mummified Hand","Meat on the Bone","HollowMod:CloakDash","HandDrill","Pen Nib"],"campfire_rested":1,"item_purchase_floors":[5,11,28,28,28,53,53],"current_hp_per_floor":[75,75,75,75,75,75,82,78,78,78,78,66,68,68,68,48,82,82,82,82,82,82,82,82,51,51,45,45,45,45,56,56,60,86,86,78,84,84,91,91,91,93,93,84,89,72,56,69,100,63,105,105,105,75,0,0],"gold":79,"neow_bonus":"THREE_ENEMY_KILL","is_daily":false,"chose_seed":false,"campfire_upgraded":7,"win_rate":0.0,"timestamp":1613823670,"path_taken":["M","M","?","?","$","R","E","M","T","R","?","M","E","?","R","BOSS","M","M","?","M","?","E","R","M","T","M","$","R","?","?","R","BOSS","M","?","M","?","?","R","$","E","T","E","M","M","E","?","R","BOSS","R","$","E","BOSS"],"items_purchased_type":["Card","Card","Relic","Relic","Card","Relic","Relic"],"build_version":"2020-12-22","purchased_purges":2,"victory":false,"max_hp_per_floor":[75,75,75,75,75,75,82,82,82,82,82,82,82,82,82,82,82,82,82,82,82,82,82,82,82,82,84,84,84,84,86,86,86,86,86,86,86,88,95,95,95,97,97,99,101,103,105,105,105,105,105,105,105,107,107,107],"relic_stats":{"Happy Flower":[38],"Singing Bowl":18,"counters":[28,130],"Pen Nib":[2],"Juzu Bracelet":1,"Boot":[0],"Ornamental Fan":[168],"Mummified Hand":[63],"Bronze Scales":[375],"Pantograph":30,"Snecko Eye":[159,136,139,131],"HandDrill":[6],"obtain_stats":[{"NeowsBlessing":0,"Happy Flower":13,"Singing Bowl":26,"Vajra":44,"HollowMod:VesselMask":0,"Pen Nib":53,"Juzu Bracelet":42,"Boot":54,"Hallownest:WatcherSealRelic":30,"Hallownest:BankAccountRelic":14,"Ornamental Fan":23,"Mummified Hand":28,"Strawberry":7,"Bronze Scales":9,"Pantograph":47,"Snecko Eye":34,"Philosopher\u0027s Stone":17,"HandDrill":53,"Meat on the Bone":28},{"NeowsBlessing":0,"Happy Flower":6,"Singing Bowl":12,"Vajra":20,"HollowMod:VesselMask":0,"Pen Nib":26,"Juzu Bracelet":19,"Boot":27,"Hallownest:WatcherSealRelic":13,"Hallownest:BankAccountRelic":6,"Ornamental Fan":11,"Mummified Hand":13,"Strawberry":3,"Bronze Scales":4,"Pantograph":23,"Snecko Eye":15,"Philosopher\u0027s Stone":7,"HandDrill":26,"Meat on the Bone":13},{"NeowsBlessing":0,"Happy Flower":14,"Singing Bowl":51,"Vajra":90,"HollowMod:VesselMask":0,"Pen Nib":119,"Juzu Bracelet":84,"Boot":124,"Hallownest:WatcherSealRelic":54,"Hallownest:BankAccountRelic":14,"Ornamental Fan":43,"Mummified Hand":54,"Strawberry":3,"Bronze Scales":5,"Pantograph":105,"Snecko Eye":65,"Philosopher\u0027s Stone":22,"HandDrill":119,"Meat on the Bone":54}],"Meat on the Bone":12},"card_choices":[{"not_picked":["HollowMod:CycloneSlash","HollowMod:HeavyBlow"],"picked":"HollowMod:RecoilStrike","floor":1},{"not_picked":["HollowMod:RecoilStrike","HollowMod:InfectedAttack"],"picked":"HollowMod:FastStrike","floor":2},{"not_picked":["HollowMod:ChannelNail","HollowMod:NewJinnsSoul"],"picked":"HollowMod:DungDefenderAura","floor":7},{"not_picked":["HollowMod:SoulStrike","HollowMod:ShadowDash"],"picked":"HollowMod:CloakDash","floor":13},{"not_picked":["HollowMod:HornetsHelp","HollowMod:theNailsmith"],"picked":"HollowMod:ElderbugsWisdom","floor":16},{"not_picked":["HollowMod:DoubleDash","HollowMod:DescendingDark"],"picked":"HollowMod:SoulSplash+1","floor":18},{"not_picked":["HollowMod:SoulEater+1","HollowMod:VoidDash","HollowMod:RecoilStrike+1"],"picked":"SKIP","floor":19},{"not_picked":["HollowMod:CornifersMapStart+1","HollowMod:BrokenVessel","HollowMod:HeavyBlow+1"],"picked":"SKIP","floor":21},{"not_picked":["HollowMod:InfectedCysts","HollowMod:MothsMistake","HollowMod:SoulEater"],"picked":"SKIP","floor":23},{"not_picked":["HollowMod:QuirrelsAssistance","HollowMod:SoulVessel+1"],"picked":"HollowMod:CrystalDash","floor":25},{"not_picked":["HollowMod:WraithStrike+1","HollowMod:DescendingDark","HollowMod:InfectionAssault+1"],"picked":"Singing Bowl","floor":27},{"not_picked":["HollowMod:DoubleDash","HollowMod:WraithStrike+1","HollowMod:SoulStrike"],"picked":"Singing Bowl","floor":31},{"not_picked":["HollowMod:VoidDash","HollowMod:RadiancesLament"],"picked":"HollowMod:SlysStrikes","floor":33},{"not_picked":["HollowMod:SiblingsSouls+1","HollowMod:CycloneSlash+1"],"picked":"HollowMod:HuntersJournal+1","floor":35},{"not_picked":["HollowMod:SharpenedShadows+1","HollowMod:HeavyBlow"],"picked":"HollowMod:DashSlash+1","floor":37},{"not_picked":["HollowMod:HowlingWraiths+1","HollowMod:VengefulVoid","HollowMod:GrimmsGift"],"picked":"Singing Bowl","floor":38},{"not_picked":["HollowMod:DoubleDash","HollowMod:SoulVessel","HollowMod:CycloneSlash+1"],"picked":"Singing Bowl","floor":42},{"not_picked":["HollowMod:LordofShades","HollowMod:VoidDash","HollowMod:NewLittleFool"],"picked":"Singing Bowl","floor":44},{"not_picked":["HollowMod:NewJinnsSoul+1","HollowMod:ShadowDash","HollowMod:SharpenedShadows+1"],"picked":"Singing Bowl","floor":45},{"not_picked":["HollowMod:SoulSplash","HollowMod:BaldurShell+1","HollowMod:NewJinnsSoul+1"],"picked":"Singing Bowl","floor":46},{"not_picked":["HollowMod:HerrahsAnger","HollowMod:LordofShades","HollowMod:LifebloodCocoon"],"picked":"Singing Bowl","floor":47},{"not_picked":["HollowMod:CornifersMapStart","HollowMod:SharpenedNail+1","HollowMod:InfectedCysts+1"],"picked":"Singing Bowl","floor":54}],"player_experience":1628419,"relics_obtained":[{"floor":7,"key":"Strawberry"},{"floor":9,"key":"Bronze Scales"},{"floor":13,"key":"Happy Flower"},{"floor":23,"key":"Ornamental Fan"},{"floor":26,"key":"Singing Bowl"},{"floor":42,"key":"Juzu Bracelet"},{"floor":44,"key":"Vajra"},{"floor":47,"key":"Pantograph"},{"floor":54,"key":"Boot"}],"event_choices":[],"is_beta":false,"boss_relics":[{"not_picked":["Black Star","Pandora\u0027s Box"],"picked":"Philosopher\u0027s Stone"},{"not_picked":["Fusion Hammer","SacredBark"],"picked":"Snecko Eye"}],"items_purged_floors":[28,53],"is_endless":false,"potions_floor_spawned":[2,7,16,18,23,27,31,37,44,45,47,48],"killed_by":"The Heart","ascension_level":1}}