{"host":"bzq0skgbben6khkk","time":1613788792,"event":{"mods":["Act Like it!","BaseMod","Minty Spire (QoL Compilation)","MostiFishMod","StSLib","Swap Starting Deck Mod"],"gold_per_floor":[-1288,-1272,-1272,-1258,-1258,-1224,-1224,-1208,-1208,-1196,19,19,31,59,59,132,132,143,153,170,183,183,183,216,216,216,141,141,171,27,53,53,126,126,141,160,160,160],"floor_reached":39,"language":"ZHS","playtime":1628,"items_purged":[],"score":1521,"play_id":"aac17523-a4e3-4def-a9dd-6766e89d9e39","local_time":"20210220103952","is_ascension_mode":true,"campfire_choices":[{"data":"Terror","floor":7.0,"key":"SMITH"},{"data":"Acrobatics","floor":12.0,"key":"SMITH"},{"data":"Dodge and Roll","floor":15.0,"key":"PURGE"},{"data":"MostiFishMod:Dislodge","floor":23.0,"key":"SMITH"},{"data":"Quick Slash","floor":25.0,"key":"PURGE"},{"data":"MostiFishMod:GrandStart","floor":32,"key":"SMITH"}],"circlet_count":0,"master_deck":["AscendersBane","Quick Slash","Quick Slash","Quick Slash","Quick Slash","Blur","Dodge and Roll","Dodge and Roll","Outmaneuver+1","Terror+1","Tactician+1","Acrobatics+1","Backflip","MostiFishMod:Dislodge+1","Reflex","Acrobatics","MostiFishMod:GrandStart+1"],"relics":["Ring of the Snake","DaveBox","SynthV:MejaisSoulstealer","swapstartingdeckmod:DeadBlossom","SynthV:TestCard","Vajra","Pear","Peace Pipe","SacredBark","Ninja Scroll","Sundial","Molten Egg 2","JellyFishMachine"],"acts_visited":["Exordium","TheCity","TheBeyond"],"potions_floor_usage":[],"damage_taken":[{"damage":0.0,"enemies":"Small Slimes","floor":1.0,"turns":3.0},{"damage":0.0,"enemies":"Jaw Worm","floor":2.0,"turns":2.0},{"damage":0.0,"enemies":"2 Louse","floor":4.0,"turns":2.0},{"damage":0.0,"enemies":"Gremlin Nob","floor":6.0,"turns":3.0},{"damage":1.0,"enemies":"Blue Slaver","floor":8.0,"turns":2.0},{"damage":0.0,"enemies":"2 Fungi Beasts","floor":10.0,"turns":2.0},{"damage":10.0,"enemies":"Exordium Thugs","floor":11.0,"turns":5.0},{"damage":0.0,"enemies":"Red Slaver","floor":13.0,"turns":2.0},{"damage":0.0,"enemies":"Lagavulin","floor":14.0,"turns":3.0},{"damage":0.0,"enemies":"Slime Boss","floor":16.0,"turns":3.0},{"damage":5.0,"enemies":"2 Thieves","floor":18.0,"turns":2.0},{"damage":0.0,"enemies":"3 Byrds","floor":19.0,"turns":4.0},{"damage":0.0,"enemies":"Centurion and Healer","floor":20.0,"turns":3.0},{"damage":0.0,"enemies":"Shelled Parasite and Fungi","floor":21.0,"turns":2.0},{"damage":5.0,"enemies":"Book of Stabbing","floor":24.0,"turns":4.0},{"damage":0.0,"enemies":"Slavers","floor":29.0,"turns":3.0},{"damage":0,"enemies":"Gremlin Leader","floor":31,"turns":1},{"damage":0,"enemies":"Automaton","floor":33,"turns":3},{"damage":0,"enemies":"Orb Walker","floor":35,"turns":1},{"damage":0,"enemies":"3 Darklings","floor":36,"turns":1},{"damage":4,"enemies":"Donu and Deca","floor":38,"turns":3}],"seed_played":"-784827535325039686","potions_obtained":[{"floor":4.0,"key":"CunningPotion"},{"floor":8.0,"key":"ColorlessPotion"},{"floor":10.0,"key":"Swift Potion"},{"floor":16.0,"key":"PowerPotion"}],"is_trial":false,"path_per_floor":["M","M","?","M","?","E","R","M","T","M","M","R","M","E","R","B",null,"M","M","M","M","?","R","E","R","T","?","?","E","$","E","R","B",null,"M","M","?","B",null],"character_chosen":"THE_SILENT","items_purchased":["MostiFishMod:GrandStart"],"campfire_rested":0,"item_purchase_floors":[30],"current_hp_per_floor":[59,59,59,59,59,59,59,58,63,63,53,53,53,53,53,53,62,57,57,57,57,33,33,28,28,28,28,28,28,28,28,28,28,48,48,48,48,44],"gold":160,"neow_bonus":"","is_daily":false,"chose_seed":false,"campfire_upgraded":4,"win_rate":0.0,"timestamp":1613788792,"path_taken":["M","M","?","M","?","E","R","?","T","M","M","R","M","E","R","BOSS","M","M","M","M","?","R","E","R","T","?","?","E","$","E","R","BOSS","M","M","?","BOSS"],"items_purchased_type":["Card"],"build_version":"2020-12-22","purchased_purges":0,"victory":true,"max_hp_per_floor":[66,66,66,66,66,66,66,66,76,76,76,76,76,76,76,76,76,76,76,76,76,81,81,81,81,81,81,81,81,81,81,81,81,81,81,81,81,81],"card_choices":[{"not_picked":["Prepared","Dagger Throw","All Out Attack"],"picked":"SKIP","floor":1.0},{"not_picked":["Sucker Punch","Tactician","Dagger Spray","PiercingWail"],"picked":"Outmaneuver","floor":2.0},{"not_picked":["Blade Dance","Slice","Leg Sweep","MostiFishMod:PerfectParry","Dagger Spray"],"picked":"SKIP","floor":4.0},{"not_picked":["Outmaneuver","Deflect","Corpse Explosion","Flechettes"],"picked":"Terror","floor":6.0},{"not_picked":["Dagger Spray","Choke","Dagger Throw","Noxious Fumes"],"picked":"Tactician","floor":8.0},{"not_picked":["Well Laid Plans","Dagger Throw","MostiFishMod:VineMother","PiercingWail"],"picked":"Acrobatics","floor":10.0},{"not_picked":["Sucker Punch","Cloak And Dagger","MostiFishMod:VineMother","Acrobatics","Catalyst"],"picked":"SKIP","floor":11.0},{"not_picked":["Flying Knee","Bouncing Flask","Tactician","Poisoned Stab","Cloak And Dagger"],"picked":"SKIP","floor":13.0},{"not_picked":["Distraction","Dagger Throw","Bane","Endless Agony"],"picked":"Backflip","floor":14.0},{"not_picked":["Storm of Steel","Tools of the Trade","Die Die Die","Burst"],"picked":"MostiFishMod:Dislodge","floor":16.0},{"not_picked":["Dagger Spray","Catalyst","Backflip","Dodge and Roll"],"picked":"Reflex","floor":18.0},{"not_picked":["Backflip","Sucker Punch","Outmaneuver","Flying Knee"],"picked":"Acrobatics","floor":19.0},{"not_picked":["MostiFishMod:VineMother+1","Footwork","Dagger Throw","Slice","Blur"],"picked":"SKIP","floor":20.0},{"not_picked":["Escape Plan","Cloak And Dagger","Dagger Throw","Blade Dance","Reflex"],"picked":"SKIP","floor":21.0},{"not_picked":["Endless Agony","Wraith Form v2","MostiFishMod:PerfectParry","Blade Dance","Poisoned Stab"],"picked":"SKIP","floor":24.0},{"not_picked":["MostiFishMod:PerfectParry","Underhanded Strike","Sucker Punch+1","Poisoned Stab","Deflect"],"picked":"SKIP","floor":29.0},{"not_picked":["Calculated Gamble","Quick Slash+1","Acrobatics","Outmaneuver+1","Skewer+1"],"picked":"SKIP","floor":31},{"not_picked":["Cloak And Dagger","Accuracy","Dodge and Roll+1","Backflip","Dagger Spray+1"],"picked":"SKIP","floor":35},{"not_picked":["Endless Agony+1","MostiFishMod:PerfectParry","Expertise","Underhanded Strike+1","MostiFishMod:VineMother"],"picked":"SKIP","floor":36}],"player_experience":473582,"relics_obtained":[{"floor":1.0,"key":"SynthV:TestCard"},{"floor":6.0,"key":"Vajra"},{"floor":9.0,"key":"Pear"},{"floor":14.0,"key":"Peace Pipe"},{"floor":24.0,"key":"Ninja Scroll"},{"floor":29.0,"key":"Sundial"},{"floor":31,"key":"Molten Egg 2"}],"event_choices":[{"damage_healed":0.0,"max_hp_gain":0.0,"max_hp_loss":0.0,"gold_gain":0.0,"event_name":"Scrap Ooze","player_choice":"Fled","floor":3.0,"gold_loss":0.0,"damage_taken":0.0},{"damage_healed":0.0,"max_hp_gain":0.0,"max_hp_loss":0.0,"gold_gain":0.0,"event_name":"Living Wall","player_choice":"Grow","floor":5.0,"gold_loss":0.0,"damage_taken":0.0,"cards_upgraded":["Outmaneuver"]},{"damage_healed":0.0,"max_hp_gain":5.0,"max_hp_loss":0.0,"gold_gain":0.0,"event_name":"Forgotten Altar","player_choice":"Shed Blood","floor":22.0,"gold_loss":0.0,"damage_taken":27.0},{"cards_removed":["Dodge and Roll"],"damage_healed":0.0,"max_hp_gain":0.0,"max_hp_loss":0.0,"gold_gain":0.0,"event_name":"Beggar","player_choice":"Gave Gold","floor":27.0,"gold_loss":75.0,"damage_taken":0.0},{"damage_healed":0.0,"max_hp_gain":0.0,"max_hp_loss":0.0,"gold_gain":0.0,"event_name":"Upgrade Shrine","player_choice":"Upgraded","floor":28.0,"gold_loss":0.0,"damage_taken":0.0,"cards_upgraded":["Tactician"]},{"damage_healed":0,"gold_gain":0,"player_choice":"Took Portal","damage_taken":0,"max_hp_gain":0,"max_hp_loss":0,"event_name":"SecretPortal","floor":37,"gold_loss":0}],"is_beta":false,"boss_relics":[{"not_picked":["Busted Crown","Runic Dome"],"picked":"SacredBark"},{"not_picked":["GreenFoldingFan","NightmareShop"],"picked":"JellyFishMachine"}],"items_purged_floors":[],"is_endless":false,"potions_floor_spawned":[4,8,10,14,16,24,29,31,33,36],"ascension_level":15}}