{"host":"tzwikg9s6mkzv6w0","time":1613811313,"event":{"mods":["BaseMod","Good Game Mod","Minty Spire (QoL Compilation)","Spicy Shops","StSLib"],"gold_per_floor":[117,117,141,141,155,195,195,235,235,265,265,265,303,74,74,167,167,190,190,190,115,140,179,179,179,179,217,242,242,275,291,291,367,367,384,27,52,69,86,86,97,97,166,166,182,213,231,106,106,106,106,106,22,55,55],"floor_reached":56,"language":"ZHS","playtime":2230,"items_purged":["Defend_P","Strike_P","Strike_P"],"score":2544,"play_id":"b33917f1-bd28-4b1c-8c52-1a9e48eba4dd","local_time":"20210220165513","is_ascension_mode":true,"campfire_choices":[{"data":"Eruption","floor":7.0,"key":"SMITH"},{"data":"Fasting2","floor":11.0,"key":"SMITH"},{"data":"Seek","floor":15.0,"key":"SMITH"},{"data":"Omniscience","floor":24.0,"key":"SMITH"},{"data":"MentalFortress","floor":32.0,"key":"SMITH"},{"floor":40.0,"key":"RECALL"},{"data":"Adaptation","floor":44.0,"key":"SMITH"},{"data":"Adaptation","floor":49.0,"key":"SMITH"},{"data":"Madness","floor":52.0,"key":"SMITH"}],"circlet_count":0,"master_deck":["AscendersBane","Strike_P","Eruption+1","Vigilance","Seek+1","Fasting2+1","BowlingBash","CutThroughFate+1","TalkToTheHand+1","Omniscience+1","Adaptation+1","EmptyFist+1","Adaptation+1","MentalFortress+1","Indignation+1","FearNoEvil+1","Madness+1","Madness","TalkToTheHand+1"],"relics":["PureWater","REME:ComplimentaryCards","NeowsBlessing","Bloody Idol","Art of War","Pantograph","Mummified Hand","Akabeko","Molten Egg 2","OrangePellets","Runic Pyramid","Ornamental Fan","Thread and Needle","Bronze Scales","Empty Cage","Medical Kit","Lizard Tail","Letter Opener","Question Card","Membership Card","Orichalcum"],"acts_visited":["Exordium","TheCity","TheBeyond","TheEnding"],"potions_floor_usage":[55,55],"damage_taken":[{"damage":0.0,"enemies":"Cultist","floor":1.0,"turns":1.0},{"damage":0.0,"enemies":"Jaw Worm","floor":3.0,"turns":1.0},{"damage":0.0,"enemies":"Small Slimes","floor":5.0,"turns":1.0},{"damage":18.0,"enemies":"Lagavulin","floor":6.0,"turns":7.0},{"damage":20.0,"enemies":"3 Sentries","floor":8.0,"turns":9.0},{"damage":14.0,"enemies":"Lagavulin","floor":13.0,"turns":5.0},{"damage":0.0,"enemies":"Slime Boss","floor":16.0,"turns":3.0},{"damage":0.0,"enemies":"Chosen","floor":18.0,"turns":2.0},{"damage":9.0,"enemies":"2 Thieves","floor":22.0,"turns":2.0},{"damage":0.0,"enemies":"Gremlin Leader","floor":23.0,"turns":3.0},{"damage":0.0,"enemies":"Book of Stabbing","floor":27.0,"turns":3.0},{"damage":0.0,"enemies":"Sentry and Sphere","floor":28.0,"turns":3.0},{"damage":7.0,"enemies":"Slavers","floor":30.0,"turns":5.0},{"damage":0.0,"enemies":"Centurion and Healer","floor":31.0,"turns":4.0},{"damage":34.0,"enemies":"Champ","floor":33.0,"turns":14.0},{"damage":10.0,"enemies":"3 Darklings","floor":35.0,"turns":3.0},{"damage":0.0,"enemies":"Mind Bloom Boss Battle","floor":37.0,"turns":3.0},{"damage":5.0,"enemies":"3 Shapes","floor":38.0,"turns":2.0},{"damage":28.0,"enemies":"Jaw Worm Horde","floor":39.0,"turns":3.0},{"damage":0.0,"enemies":"Sphere and 2 Shapes","floor":41.0,"turns":3.0},{"damage":2.0,"enemies":"Spire Growth","floor":45.0,"turns":4.0},{"damage":0.0,"enemies":"Reptomancer","floor":46.0,"turns":2.0},{"damage":5.0,"enemies":"Jaw Worm Horde","floor":47.0,"turns":3.0},{"damage":0.0,"enemies":"Time Eater","floor":50.0,"turns":4.0},{"damage":0,"enemies":"Shield and Spear","floor":54,"turns":1},{"damage":24,"enemies":"The Heart","floor":55,"turns":5}],"seed_played":"-6033967322984682209","potions_obtained":[{"floor":3.0,"key":"LiquidBronze"},{"floor":6.0,"key":"LiquidBronze"},{"floor":18.0,"key":"Block Potion"},{"floor":31.0,"key":"EntropicBrew"},{"floor":39.0,"key":"Strength Potion"},{"floor":41.0,"key":"Ambrosia"},{"floor":46.0,"key":"PowerPotion"},{"floor":47.0,"key":"SteroidPotion"}],"is_trial":false,"path_per_floor":["M","?","M","?","M","E","R","E","T","?","R","?","E","$","R","B",null,"M","?","?","$","M","E","R","?","T","E","M","?","E","M","R","B",null,"M","$","?","M","M","R","M","?","T","R","M","E","M","$","R","B",null,"R","$","E","B",null],"character_chosen":"WATCHER","items_purchased":["OrangePellets","TalkToTheHand+1","Medical Kit","FearNoEvil+1","Membership Card"],"campfire_rested":0,"item_purchase_floors":[14,14,36,36,53],"current_hp_per_floor":[61,61,61,61,61,43,43,23,23,23,23,16,2,2,2,27,53,53,53,53,53,44,44,44,44,44,44,44,44,42,47,47,33,55,50,50,62,62,39,39,44,33,38,38,41,46,46,46,46,62,62,62,62,62,38],"gold":55,"neow_bonus":"THREE_ENEMY_KILL","is_daily":false,"chose_seed":false,"campfire_upgraded":8,"win_rate":0.0,"timestamp":1613811313,"path_taken":["M","?","M","?","M","E","R","E","T","?","R","?","E","$","R","BOSS","M","?","?","$","?","E","R","?","T","E","M","?","E","M","R","BOSS","M","$","?","M","M","R","M","?","T","R","M","E","M","$","R","BOSS","R","$","E","BOSS"],"items_purchased_type":["Relic","Card","Relic","Card","Relic"],"build_version":"2020-12-22","purchased_purges":3,"victory":true,"max_hp_per_floor":[68,62,62,62,62,62,62,62,62,62,62,62,62,62,62,62,62,62,62,62,62,62,62,62,62,62,62,62,62,62,62,62,62,62,62,62,62,62,62,62,62,62,62,62,62,62,62,62,62,62,62,62,62,62,62],"card_choices":[{"not_picked":["ClearTheMind","CrushJoints","ThirdEye"],"picked":"SKIP","floor":1.0},{"not_picked":["FollowUp","JustLucky"],"picked":"Fasting2","floor":3.0},{"not_picked":["Consecrate","Pray","CrushJoints"],"picked":"SKIP","floor":5.0},{"not_picked":["Wireheading","Evaluate"],"picked":"BowlingBash","floor":6.0},{"not_picked":["Crescendo","PathToVictory","Consecrate"],"picked":"SKIP","floor":8.0},{"not_picked":["Crescendo","PathToVictory","Consecrate"],"picked":"SKIP","floor":8.0},{"not_picked":["JustLucky+1","Nirvana"],"picked":"CutThroughFate+1","floor":13.0},{"not_picked":["DeusExMachina","Alpha"],"picked":"Omniscience","floor":16.0},{"not_picked":["Consecrate+1","EmptyBody"],"picked":"Adaptation","floor":18.0},{"not_picked":["BowlingBash+1","FlyingSleeves+1"],"picked":"Adaptation","floor":22.0},{"not_picked":["SpiritShield","CutThroughFate+1","Fasting2"],"picked":"SKIP","floor":23.0},{"not_picked":["EmptyMind","FollowUp+1","FlurryOfBlows+1"],"picked":"SKIP","floor":27.0},{"not_picked":["CutThroughFate+1","Prostrate","FlurryOfBlows+1"],"picked":"SKIP","floor":28.0},{"not_picked":["SignatureMove+1","Consecrate+1","Prostrate"],"picked":"SKIP","floor":30.0},{"not_picked":["ConjureBlade","Halt"],"picked":"MentalFortress","floor":31.0},{"not_picked":["ThirdEye","Wireheading+1"],"picked":"Indignation+1","floor":35.0},{"not_picked":["Halt","ForeignInfluence","Conclude+1"],"picked":"SKIP","floor":38.0},{"not_picked":["FlyingSleeves+1","PathToVictory","SashWhip+1"],"picked":"SKIP","floor":39.0},{"not_picked":["CarveReality+1","Evaluate","EmptyBody"],"picked":"SKIP","floor":41.0},{"not_picked":["CarveReality+1","SpiritShield","Indignation"],"picked":"SKIP","floor":45.0},{"not_picked":["FollowUp+1","CutThroughFate+1","ForeignInfluence"],"picked":"SKIP","floor":46.0},{"not_picked":["FollowUp+1","CutThroughFate+1","ForeignInfluence"],"picked":"SKIP","floor":46.0},{"not_picked":["EmptyBody","Halt+1","Meditate","Prostrate"],"picked":"SKIP","floor":47.0},{"not_picked":["ThirdEye","LessonLearned+1","CutThroughFate+1"],"picked":"TalkToTheHand+1","floor":54}],"player_experience":167229,"relics_obtained":[{"floor":6.0,"key":"Art of War"},{"floor":8.0,"key":"Pantograph"},{"floor":9.0,"key":"Mummified Hand"},{"floor":13.0,"key":"Molten Egg 2"},{"floor":23.0,"key":"Ornamental Fan"},{"floor":27.0,"key":"Thread and Needle"},{"floor":30.0,"key":"Bronze Scales"},{"floor":37.0,"key":"Lizard Tail"},{"floor":43.0,"key":"Letter Opener"},{"floor":46.0,"key":"Question Card"},{"floor":54,"key":"Orichalcum"}],"event_choices":[{"damage_healed":0.0,"max_hp_gain":0.0,"max_hp_loss":6.0,"gold_gain":0.0,"event_name":"Golden Idol","player_choice":"Lose Max HP","floor":2.0,"gold_loss":0.0,"damage_taken":0.0,"relics_obtained":["Golden Idol"]},{"damage_healed":0.0,"max_hp_gain":0.0,"max_hp_loss":0.0,"gold_gain":0.0,"event_name":"Liars Game","player_choice":"Ignored","floor":4.0,"gold_loss":0.0,"damage_taken":0.0},{"damage_healed":0.0,"max_hp_gain":0.0,"max_hp_loss":0.0,"gold_gain":30.0,"event_name":"Dead Adventurer","player_choice":"Searched \u00272\u0027 times","floor":10.0,"gold_loss":0.0,"damage_taken":0.0,"relics_obtained":["Akabeko"]},{"cards_removed":["Defend_P"],"damage_healed":0.0,"max_hp_gain":0.0,"max_hp_loss":0.0,"gold_gain":0.0,"event_name":"Golden Wing","player_choice":"Card Removal","floor":12.0,"gold_loss":0.0,"damage_taken":7.0},{"damage_healed":0.0,"max_hp_gain":0.0,"max_hp_loss":0.0,"gold_gain":0.0,"event_name":"Vampires","player_choice":"Ignored","floor":19.0,"gold_loss":0.0,"damage_taken":0.0},{"damage_healed":0.0,"max_hp_gain":0.0,"max_hp_loss":0.0,"gold_gain":0.0,"cards_transformed":["Defend_P"],"event_name":"Transmorgrifier","player_choice":"Transformed","floor":20.0,"gold_loss":0.0,"damage_taken":0.0,"cards_obtained":["EmptyFist"]},{"damage_healed":0.0,"max_hp_gain":0.0,"max_hp_loss":0.0,"gold_gain":0.0,"event_name":"The Mausoleum","player_choice":"Ignored","floor":25.0,"gold_loss":0.0,"damage_taken":0.0},{"damage_healed":0.0,"max_hp_gain":0.0,"max_hp_loss":0.0,"gold_gain":0.0,"event_name":"Forgotten Altar","player_choice":"Gave Idol","floor":29.0,"relics_lost":["Golden Idol"],"gold_loss":0.0,"damage_taken":0.0,"relics_obtained":["Bloody Idol"]},{"damage_healed":0.0,"max_hp_gain":0.0,"max_hp_loss":0.0,"gold_gain":0.0,"event_name":"MindBloom","player_choice":"Fight","floor":37.0,"gold_loss":0.0,"damage_taken":0.0},{"damage_healed":0.0,"max_hp_gain":0.0,"max_hp_loss":0.0,"gold_gain":0.0,"event_name":"Winding Halls","player_choice":"Embrace Madness","floor":42.0,"gold_loss":0.0,"damage_taken":11.0,"cards_obtained":["Madness","Madness"]}],"is_beta":false,"boss_relics":[{"not_picked":["Philosopher\u0027s Stone","Velvet Choker"],"picked":"Runic Pyramid"},{"not_picked":["Sozu","Runic Dome"],"picked":"Empty Cage"}],"items_purged_floors":[21,36,48],"is_endless":false,"potions_floor_spawned":[3,6,18,31,33,39,41,46,47,54],"ascension_level":19}}