{"host":"or8fr2mp0k3eluj8","time":1613811965,"event":{"mods":["AchievementEnabler","BaseMod","Colored Map","DeckTracker","Minty Spire (QoL Compilation)","StSLib","SuperFastMode"],"gold_per_floor":[113,124,140,140,206,233,346,359,359,409,409,147,147,166,166,262,262,282,297,373,438,449,449,599,599,599],"floor_reached":25,"language":"KOR","playtime":751,"items_purged":["Strike_B"],"score":226,"play_id":"9b000361-ef51-46ad-8db6-05d09493d5b4","local_time":"20210220180605","is_ascension_mode":true,"campfire_choices":[{"data":"Zap","floor":11,"key":"SMITH"},{"data":"Panacea","floor":13,"key":"SMITH"},{"data":"Dualcast","floor":15,"key":"SMITH"},{"data":"Seek","floor":23,"key":"SMITH"}],"circlet_count":0,"master_deck":["Strike_B","Strike_B","Strike_B","Defend_B","Defend_B","Defend_B","Defend_B","Zap+1","Dualcast+1","Panacea+1","Ball Lightning","Doom and Gloom","BootSequence","Compile Driver","Conserve Battery","Capacitor","Coolheaded","Blind","Cold Snap","Seek+1","Redo","Glacier"],"relics":["Cracked Core","SsserpentHead","Tiny Chest","Darkstone Periapt","Eternal Feather","Blood Vial","Inserter"],"acts_visited":["Exordium","TheCity"],"potions_floor_usage":[6,19,21,25],"damage_taken":[{"damage":5,"enemies":"Small Slimes","floor":1,"turns":3},{"damage":1,"enemies":"Cultist","floor":2,"turns":4},{"damage":0,"enemies":"2 Louse","floor":3,"turns":2},{"damage":10,"enemies":"2 Fungi Beasts","floor":5,"turns":3},{"damage":22,"enemies":"3 Sentries","floor":6,"turns":4},{"damage":20,"enemies":"Gremlin Nob","floor":7,"turns":4},{"damage":2,"enemies":"Exordium Wildlife","floor":8,"turns":3},{"damage":12,"enemies":"Exordium Thugs","floor":14,"turns":4},{"damage":3,"enemies":"The Guardian","floor":16,"turns":13},{"damage":11,"enemies":"Shell Parasite","floor":18,"turns":7},{"damage":18,"enemies":"2 Thieves","floor":19,"turns":4},{"damage":19,"enemies":"Snecko","floor":21,"turns":6},{"damage":10,"enemies":"Chosen and Byrds","floor":22,"turns":6},{"damage":46,"enemies":"Slavers","floor":25,"turns":3}],"seed_played":"4936035527236965615","potions_obtained":[{"floor":1,"key":"GamblersBrew"},{"floor":5,"key":"Weak Potion"},{"floor":6,"key":"SpeedPotion"},{"floor":8,"key":"DistilledChaos"},{"floor":16,"key":"PowerPotion"},{"floor":19,"key":"EssenceOfSteel"}],"is_trial":false,"path_per_floor":["M","M","M","?","M","E","?","M","T","?","R","$","R","M","R","B",null,"M","M","T","M","M","R","?","E"],"character_chosen":"DEFECT","items_purchased":["Blood Vial","Blind"],"campfire_rested":0,"item_purchase_floors":[12,12],"current_hp_per_floor":[70,69,69,69,59,37,17,15,15,20,29,29,38,28,37,36,80,69,53,53,36,28,40,40,0,0],"gold":599,"neow_bonus":"RANDOM_COLORLESS","is_daily":false,"chose_seed":false,"campfire_upgraded":4,"win_rate":0.0,"timestamp":1613811965,"path_taken":["M","M","M","?","?","E","?","M","T","?","R","?","R","M","R","BOSS","M","M","?","?","M","R","?","E"],"items_purchased_type":["Relic","Card"],"build_version":"2020-12-22","purchased_purges":1,"victory":false,"max_hp_per_floor":[75,75,75,75,75,75,75,75,75,80,80,80,80,80,80,80,80,80,80,80,80,80,80,80,80,80],"card_choices":[{"not_picked":["Dark Shackles","Good Instincts"],"picked":"Panacea","floor":0},{"not_picked":["Doom and Gloom","Gash"],"picked":"Ball Lightning","floor":1},{"not_picked":["Gash","Fusion"],"picked":"Doom and Gloom","floor":2},{"not_picked":["Turbo","Undo"],"picked":"BootSequence","floor":3},{"not_picked":["Fusion","Skim"],"picked":"Compile Driver","floor":5},{"not_picked":["Undo","Compile Driver"],"picked":"Conserve Battery","floor":6},{"not_picked":["Stack","Rip and Tear"],"picked":"Capacitor","floor":7},{"not_picked":["Darkness","White Noise"],"picked":"Coolheaded","floor":8},{"not_picked":["Reboot","Ball Lightning"],"picked":"Cold Snap","floor":14},{"not_picked":["Meteor Strike","All For One"],"picked":"Seek","floor":16},{"not_picked":["Stack","Leap"],"picked":"Redo","floor":18},{"not_picked":["Steam","Conserve Battery+1","Chaos"],"picked":"SKIP","floor":19},{"not_picked":["Static Discharge","Heatsinks"],"picked":"Glacier","floor":21},{"not_picked":["Melter","Beam Cell","Barrage"],"picked":"SKIP","floor":22}],"player_experience":388819,"relics_obtained":[{"floor":6,"key":"Tiny Chest"},{"floor":7,"key":"Darkstone Periapt"},{"floor":9,"key":"Eternal Feather"}],"event_choices":[{"damage_healed":0,"gold_gain":0,"player_choice":"Trade","damage_taken":0,"relics_obtained":["SsserpentHead"],"max_hp_gain":0,"max_hp_loss":0,"event_name":"FaceTrader","floor":4,"gold_loss":0},{"damage_healed":0,"gold_gain":0,"player_choice":"Searched \u00271\u0027 times","damage_taken":0,"max_hp_gain":0,"max_hp_loss":0,"event_name":"Dead Adventurer","floor":7,"gold_loss":0},{"damage_healed":0,"gold_gain":0,"player_choice":"Donut","damage_taken":0,"max_hp_gain":5,"max_hp_loss":0,"event_name":"Big Fish","floor":10,"gold_loss":0},{"damage_healed":0,"gold_gain":100,"player_choice":"Pray","damage_taken":0,"max_hp_gain":0,"max_hp_loss":0,"event_name":"Golden Shrine","floor":24,"gold_loss":0}],"is_beta":false,"boss_relics":[{"not_picked":["Runic Dome","Astrolabe"],"picked":"Inserter"}],"items_purged_floors":[12],"is_endless":false,"potions_floor_spawned":[1,5,6,8,14,16,19],"killed_by":"Slavers","ascension_level":2}}