{"host":"ormi09wwzv7sq47a","time":1613855096,"event":{"mods":["2.2 Compatiblity","AchievementEnabler","Act Like it!","BaseMod","Bestiary","Better Altar","Better Note","Better Sensory Stone","Better Silent Start","Better Skull","Better Third Choice","Better Vampires","BetterRewards","Block Reminder","Card Forge","Colored Map","Colored Powertips","Curses Come First","DeckTracker","Downfall","Highlight Path","Minty Spire (QoL Compilation)","Permanent Neow","Quick Restart","Rare Cards Sparkle","Relic Stats","Shop Mod","StSLib","The Jungle"],"gold_per_floor":[114,133,133,147,161,192,192,218,241,241,241,269,283,297,297,297,297],"floor_reached":16,"language":"ENG","playtime":800,"items_purged":["Strike_B"],"score":244,"play_id":"01ca68bb-baca-40cc-9bf1-37979cfc9399","local_time":"20210220190456","is_ascension_mode":true,"campfire_choices":[{"floor":7.0,"key":"REST"},{"floor":10.0,"key":"REST"},{"floor":15,"key":"REST"}],"circlet_count":0,"master_deck":["AscendersBane","Strike_B","Strike_B","Strike_B","Defend_B","Defend_B","Defend_B","Defend_B","Zap","Dualcast","Beam Cell","Turbo","Ball Lightning","Conserve Battery","Steam Power","Double Energy","Tempest","Reinforced Body"],"relics":["Cracked Core","Hammer of Thor","Seething Fire","Anvil of the Gods","Incense Burner","Akabeko","Unceasing Top","Pantograph","Smiling Mask","Vajra","Ancient Tea Set","Girya"],"acts_visited":["Exordium"],"potions_floor_usage":[],"damage_taken":[{"damage":0.0,"enemies":"Cultist","floor":1.0,"turns":2.0},{"damage":0.0,"enemies":"Jaw Worm","floor":2.0,"turns":1.0},{"damage":3.0,"enemies":"Small Slimes","floor":4.0,"turns":2.0},{"damage":0.0,"enemies":"2 Fungi Beasts","floor":5.0,"turns":3.0},{"damage":11.0,"enemies":"Lagavulin","floor":6.0,"turns":6.0},{"damage":29.0,"enemies":"3 Sentries","floor":8.0,"turns":10.0},{"damage":4.0,"enemies":"Gremlin Nob","floor":12.0,"turns":3.0},{"damage":7.0,"enemies":"Red Slaver","floor":13.0,"turns":3.0},{"damage":15,"enemies":"Exordium Wildlife","floor":14,"turns":2},{"damage":56,"enemies":"Slime Boss","floor":16,"turns":9}],"seed_played":"1161953906627667063","potions_obtained":[{"floor":1.0,"key":"FocusPotion"},{"floor":8.0,"key":"FocusPotion"},{"floor":12.0,"key":"CultistPotion"}],"is_trial":false,"path_per_floor":["M","M","?","M","M","E","R","E","T","R","?","E","M","M","R","B"],"character_chosen":"DEFECT","items_purchased":["Beam Cell","FTL","Incense Burner","Akabeko"],"campfire_rested":3,"item_purchase_floors":[0,0,0,0],"current_hp_per_floor":[32,32,32,29,29,18,39,10,10,31,31,27,20,5,26,0,0],"gold":297,"neow_bonus":"","is_daily":false,"chose_seed":false,"campfire_upgraded":0,"win_rate":0.0,"timestamp":1613855096,"path_taken":["M","M","?","M","M","E","R","E","T","R","?","E","M","M","R","BOSS"],"items_purchased_type":["Card","Card","Relic","Relic"],"build_version":"2020-12-22","purchased_purges":1,"victory":false,"max_hp_per_floor":[71,71,71,71,71,71,71,71,71,71,71,71,71,71,71,71,71],"relic_stats":{"counters":[84,281],"Pantograph":25,"Smiling Mask":0,"obtain_stats":[{"Calipers":0,"Gremlin Horn":23,"Nilry\u0027s Codex":19,"Vajra":9,"Hammer of Thor":0,"Whetstone":21,"Ginger":36,"Boot":25,"FrozenCore":17,"Prayer Wheel":0,"Philosopher\u0027s Stone":17,"Kunai":41,"Girya":12,"Pear":9,"Oddly Smooth Stone":9,"Guardian:PocketSentry":0,"Letter Opener":11,"War Paint":39,"Akabeko":0,"Anvil of the Gods":0,"MutagenicStrength":20,"Bronze Scales":26,"Pandora\u0027s Box":17,"Slimebound:PreparedRelic":26,"Unceasing Top":0,"Pocketwatch":0,"Regal Pillow":21,"Incense Burner":0,"Cursed Key":34,"Ancient Tea Set":26,"Smiling Mask":8,"Dream Catcher":7,"Matryoshka":9,"Slimebound:StickyStick":42,"Pantograph":6,"Cracked Core":0,"InkBottle":30,"bronze:DonusWashers":21,"hexamod:CandleOfCauterizing":2,"Guardian:GemstoneGun":0,"Thread and Needle":0,"champ:DeflectingBracers":23,"The Courier":24,"PreservedInsect":0,"Seething Fire":0,"Mercury Hourglass":14,"Busted Crown":34,"Bag of Marbles":28,"hexamod:BolsterEngine":53,"FossilizedHelix":0,"Toy Ornithopter":40},{"Calipers":29,"Gremlin Horn":68,"Nilry\u0027s Codex":39,"Vajra":80,"Hammer of Thor":0,"Whetstone":11,"Ginger":21,"Boot":69,"FrozenCore":38,"Prayer Wheel":0,"Philosopher\u0027s Stone":64,"Kunai":24,"Girya":81,"Pear":6,"Oddly Smooth Stone":33,"Guardian:PocketSentry":29,"Letter Opener":61,"War Paint":48,"Akabeko":74,"Anvil of the Gods":0,"MutagenicStrength":39,"Bronze Scales":42,"Pandora\u0027s Box":10,"Slimebound:PreparedRelic":14,"Unceasing Top":74,"Pocketwatch":56,"Regal Pillow":11,"Incense Burner":74,"Cursed Key":19,"Ancient Tea Set":69,"Smiling Mask":80,"Dream Catcher":33,"Matryoshka":60,"Slimebound:StickyStick":50,"Pantograph":79,"Cracked Core":0,"InkBottle":17,"bronze:DonusWashers":11,"hexamod:CandleOfCauterizing":57,"Guardian:GemstoneGun":56,"Thread and Needle":29,"champ:DeflectingBracers":13,"The Courier":42,"PreservedInsect":56,"Seething Fire":0,"Mercury Hourglass":63,"Busted Crown":45,"Bag of Marbles":43,"hexamod:BolsterEngine":55,"FossilizedHelix":0,"Toy Ornithopter":49},{"Calipers":84,"Gremlin Horn":217,"Nilry\u0027s Codex":113,"Vajra":264,"Hammer of Thor":0,"Whetstone":29,"Ginger":56,"Boot":221,"FrozenCore":109,"Prayer Wheel":0,"Philosopher\u0027s Stone":206,"Kunai":70,"Girya":267,"Pear":14,"Oddly Smooth Stone":91,"Guardian:PocketSentry":84,"Letter Opener":193,"War Paint":148,"Akabeko":240,"Anvil of the Gods":0,"MutagenicStrength":113,"Bronze Scales":122,"Pandora\u0027s Box":26,"Slimebound:PreparedRelic":38,"Unceasing Top":240,"Pocketwatch":180,"Regal Pillow":29,"Incense Burner":240,"Cursed Key":51,"Ancient Tea Set":221,"Smiling Mask":264,"Dream Catcher":91,"Matryoshka":190,"Slimebound:StickyStick":160,"Pantograph":254,"Cracked Core":0,"InkBottle":44,"bronze:DonusWashers":29,"hexamod:CandleOfCauterizing":183,"Guardian:GemstoneGun":180,"Thread and Needle":84,"champ:DeflectingBracers":35,"The Courier":122,"PreservedInsect":180,"Seething Fire":0,"Mercury Hourglass":200,"Busted Crown":139,"Bag of Marbles":127,"hexamod:BolsterEngine":177,"FossilizedHelix":0,"Toy Ornithopter":153}],"Unceasing Top":[3]},"card_choices":[{"not_picked":["Compile Driver","Leap"],"picked":"Turbo","floor":1.0},{"not_picked":["Reprogram","Rebound"],"picked":"Ball Lightning","floor":2.0},{"not_picked":["Tempest","Storm"],"picked":"Conserve Battery","floor":4.0},{"not_picked":["Heatsinks","Skim"],"picked":"Steam Power","floor":5.0},{"not_picked":["Fusion","Rebound","Stack"],"picked":"SKIP","floor":6.0},{"not_picked":["Redo","Aggregate"],"picked":"Double Energy","floor":8.0},{"not_picked":["Defragment","Consume"],"picked":"Tempest","floor":12.0},{"not_picked":["Barrage","Rebound","Ball Lightning"],"picked":"SKIP","floor":13.0},{"not_picked":["Streamline","Compile Driver"],"picked":"Reinforced Body","floor":14}],"player_experience":1126746,"relics_obtained":[{"floor":6.0,"key":"Pantograph"},{"floor":8.0,"key":"Smiling Mask"},{"floor":9.0,"key":"Vajra"},{"floor":12.0,"key":"Girya"}],"event_choices":[{"damage_healed":0.0,"max_hp_gain":0.0,"max_hp_loss":0.0,"gold_gain":0.0,"event_name":"betterThird:BetterSerpent","player_choice":"Ignored","floor":3.0,"gold_loss":0.0,"damage_taken":133.0},{"cards_removed":["FTL"],"damage_healed":0.0,"max_hp_gain":0.0,"max_hp_loss":0.0,"gold_gain":0.0,"event_name":"WeMeetAgain","player_choice":"Gave Card","floor":11.0,"gold_loss":0.0,"damage_taken":0.0,"relics_obtained":["Ancient Tea Set"]}],"is_beta":false,"boss_relics":[],"items_purged_floors":[0],"is_endless":false,"potions_floor_spawned":[1,8,12],"killed_by":"Slime Boss","ascension_level":20}}