{"host":"x7btokbb0w2jhl7e","time":1613818508,"event":{"mods":["Act Like it!","BaseMod","Gensokyo","Marisa£®ÏF”Í°°ƒß¿Ì…≥£©","Minty Spire (QoL Compilation)","Quick Restart","StSLib","°æ“≈ŒÔø®≈∆°øREMEMod"],"gold_per_floor":[119,119,28,28,48,48,383,395,474,952,962,962,997,1008,1008,1008,1008],"floor_reached":16,"language":"ZHS","playtime":420,"items_purged":[],"score":279,"play_id":"1466c911-5b30-4070-980c-33f3a63069f3","local_time":"20210220185508","is_ascension_mode":true,"campfire_choices":[{"floor":6.0,"key":"RECALL"},{"data":"Bludgeon","floor":12.0,"key":"SMITH"},{"data":"Shockwave","floor":15.0,"key":"SMITH"}],"circlet_count":0,"master_deck":["AscendersBane","Strike_R","Strike_R","Strike_R","Strike_R","Strike_R","Defend_R","Defend_R","Defend_R","Defend_R","Bash","Second Wind","Shockwave+1","Bludgeon+1","Pommel Strike","Evolve+1"],"relics":["Burning Blood","REME_ComplimentaryCards","NeowsBlessing","Gensokyo:OccultBall","Meat on the Bone","Frozen Egg 2","Regal Pillow","Nunchaku"],"acts_visited":["Gensokyo:Gensokyo"],"potions_floor_usage":[],"damage_taken":[{"damage":0.0,"enemies":"Gensokyo:Gryphon","floor":1.0,"turns":1.0},{"damage":28.0,"enemies":"Gensokyo:3_Fairies","floor":5.0,"turns":3.0},{"damage":0.0,"enemies":"Gensokyo:Aya","floor":7.0,"turns":2.0},{"damage":24.0,"enemies":"Gensokyo:2_Kodama","floor":8.0,"turns":4.0},{"damage":35.0,"enemies":"Gensokyo:VengefulSpirit","floor":10.0,"turns":5.0},{"damage":0.0,"enemies":"Gensokyo:Kitsune","floor":11.0,"turns":3.0},{"damage":10.0,"enemies":"Gensokyo:Mamizou","floor":13.0,"turns":5.0},{"damage":6.0,"enemies":"Gensokyo:Python_and_Kodama","floor":14.0,"turns":3.0},{"damage":42,"enemies":"Gensokyo:Kokoro","floor":16,"turns":9}],"seed_played":"6534101121315593612","potions_obtained":[{"floor":1.0,"key":"Strength Potion"},{"floor":7.0,"key":"SkillPotion"}],"is_trial":false,"path_per_floor":["M","?","COS","$","M","R","E","M","T","M","M","R","E","M","R","B"],"character_chosen":"IRONCLAD","items_purchased":[],"campfire_rested":0,"item_purchase_floors":[],"current_hp_per_floor":[74,74,74,74,52,52,58,52,52,35,53,53,49,49,49,7,7],"gold":1008,"neow_bonus":"THREE_ENEMY_KILL","is_daily":false,"chose_seed":false,"campfire_upgraded":2,"win_rate":0.0,"timestamp":1613818508,"path_taken":["M","?","COS","?","M","R","E","?","T","M","M","R","E","M","R","BOSS"],"items_purchased_type":[],"build_version":"2020-12-22","purchased_purges":0,"victory":false,"max_hp_per_floor":[75,75,75,75,75,75,75,75,75,75,75,75,75,75,75,75,75],"card_choices":[{"not_picked":["Headbutt","Armaments"],"picked":"Fire Breathing","floor":1.0},{"not_picked":["Flex","Perfected Strike","Anger"],"picked":"SKIP","floor":5.0},{"not_picked":["Twin Strike","Wild Strike"],"picked":"Shockwave","floor":7.0},{"not_picked":["Disarm","Heavy Blade"],"picked":"Bludgeon","floor":8.0},{"not_picked":["Uppercut","Sentinel","REME_SingleHolding"],"picked":"SKIP","floor":10.0},{"not_picked":["Uppercut","Sentinel","REME_SingleHolding"],"picked":"SKIP","floor":10.0},{"not_picked":["Heavy Blade","Perfected Strike","Thunderclap"],"picked":"SKIP","floor":11.0},{"not_picked":["Twin Strike","Headbutt"],"picked":"Pommel Strike","floor":13.0},{"not_picked":["Hemokinesis","Dark Embrace+1"],"picked":"Evolve+1","floor":14.0}],"player_experience":303522,"relics_obtained":[{"floor":7.0,"key":"Gensokyo:OccultBall"},{"floor":7.0,"key":"Meat on the Bone"},{"floor":9.0,"key":"Frozen Egg 2"},{"floor":13.0,"key":"Nunchaku"}],"event_choices":[],"is_beta":false,"boss_relics":[],"items_purged_floors":[],"is_endless":false,"potions_floor_spawned":[1,7,11,13,14],"killed_by":"Gensokyo:Kokoro","ascension_level":20}}