{"host":"hahe3lxotqh08ugn","time":1613862321,"event":{"mods":["AchievementEnabler","BaseMod","Googly Eyes","Hermit","Minty Spire (QoL Compilation)","Quick Restart","StSLib","The Cursed","The Hierophant"],"gold_per_floor":[110,23,198,148,223,223,10,10,10,10,29,40,58,74,74,176,176,196,196,211,211,29,61,8,8,8,8,28,43,70,70,70,165,165,185,185,185,185],"floor_reached":37,"language":"ENG","playtime":2532,"items_purged":["Shame"],"score":533,"play_id":"3f78078a-43ec-46db-8ed7-7302364e6620","local_time":"20210220180521","is_ascension_mode":true,"campfire_choices":[{"floor":6,"key":"REST"},{"data":"Blur","floor":10,"key":"SMITH"},{"data":"Noxious Fumes","floor":15,"key":"SMITH"},{"data":"Infinite Blades","floor":25,"key":"SMITH"},{"data":"Accuracy","floor":27,"key":"SMITH"},{"data":"Blur","floor":32,"key":"SMITH"}],"circlet_count":0,"master_deck":["Strike_G","Strike_G","Strike_G","Strike_G","Strike_G","Defend_G+1","Defend_G","Defend_G+1","Defend_G","Defend_G","Survivor","Neutralize+1","PiercingWail","Blur+1","Deadly Poison","Infinite Blades+1","Cloak And Dagger","Blur+1","Noxious Fumes+1","Adrenaline","Accuracy+1","Blade Dance","Cloak And Dagger","Venomology"],"relics":["Ring of the Snake","War Paint","Vajra","Eternal Feather","Coffee Dripper","Kunai","PreservedInsect","Sundial","Darkstone Periapt","Art of War","SacredBark"],"acts_visited":["Exordium","TheCity","TheBeyond"],"potions_floor_usage":[16,18,18,20,33,37,37],"damage_taken":[{"damage":0,"enemies":"Small Slimes","floor":1,"turns":4},{"damage":1,"enemies":"Jaw Worm","floor":11,"turns":4},{"damage":0,"enemies":"2 Louse","floor":12,"turns":3},{"damage":0,"enemies":"Blue Slaver","floor":13,"turns":3},{"damage":6,"enemies":"2 Fungi Beasts","floor":14,"turns":4},{"damage":9,"enemies":"The Guardian","floor":16,"turns":10},{"damage":14,"enemies":"Chosen","floor":18,"turns":7},{"damage":19,"enemies":"2 Thieves","floor":20,"turns":5},{"damage":1,"enemies":"Gremlin Leader","floor":23,"turns":6},{"damage":1,"enemies":"Centurion and Healer","floor":28,"turns":6},{"damage":6,"enemies":"3 Cultists","floor":29,"turns":5},{"damage":15,"enemies":"Slavers","floor":30,"turns":6},{"damage":22,"enemies":"Collector","floor":33,"turns":9},{"damage":11,"enemies":"3 Shapes","floor":35,"turns":5},{"damage":60,"enemies":"Time Eater","floor":37,"turns":6}],"seed_played":"2609429544149241090","potions_obtained":[{"floor":12,"key":"Fire Potion"},{"floor":13,"key":"SpeedPotion"},{"floor":16,"key":"SpeedPotion"},{"floor":18,"key":"Regen Potion"},{"floor":29,"key":"Poison Potion"}],"is_trial":false,"path_per_floor":["M","$","?","?","?","R","$","?","T","R","M","M","M","M","R","B",null,"M","?","M","T","$","E","$","R","T","R","M","M","E","$","R","B",null,"M","?","B"],"character_chosen":"THE_SILENT","items_purchased":["Blur","Deadly Poison","Infinite Blades","Vajra","Accuracy","Blade Dance","Cloak And Dagger"],"campfire_rested":1,"item_purchase_floors":[2,2,7,7,22,22,24],"current_hp_per_floor":[63,63,63,63,52,70,70,70,70,70,69,69,69,63,70,61,68,54,54,47,47,47,46,46,58,58,70,69,63,48,48,60,38,62,51,51,0,0],"gold":185,"neow_bonus":"RANDOM_COMMON_RELIC","is_daily":false,"chose_seed":false,"campfire_upgraded":5,"win_rate":0.0,"timestamp":1613862321,"path_taken":["M","$","?","?","?","R","?","?","T","R","?","M","M","M","R","BOSS","M","?","M","?","$","E","?","R","T","R","?","M","E","$","R","BOSS","M","?","BOSS"],"items_purchased_type":["Card","Card","Card","Relic","Card","Card","Card"],"build_version":"2020-12-22","purchased_purges":1,"victory":false,"max_hp_per_floor":[70,70,70,70,70,70,70,70,70,70,70,70,70,70,70,70,70,70,70,70,70,70,70,70,70,70,70,70,70,70,70,70,70,70,70,70,70,70],"card_choices":[{"not_picked":["Flying Knee","Prepared"],"picked":"PiercingWail","floor":1},{"not_picked":["Sucker Punch","Dash"],"picked":"Cloak And Dagger","floor":11},{"not_picked":["Dagger Throw","Backflip"],"picked":"Blur","floor":12},{"not_picked":["Sucker Punch","Venomology"],"picked":"Noxious Fumes","floor":13},{"not_picked":["Acrobatics","Dagger Spray","Sucker Punch"],"picked":"SKIP","floor":14},{"not_picked":["Unload","Doppelganger"],"picked":"Adrenaline","floor":16},{"not_picked":["Heel Hook","Cloak And Dagger","Endless Agony+1"],"picked":"SKIP","floor":18},{"not_picked":["Underhanded Strike+1","Sucker Punch+1","Dagger Throw"],"picked":"SKIP","floor":20},{"not_picked":["Bullet Time","Setup+1","Dagger Throw"],"picked":"SKIP","floor":23},{"not_picked":["Acrobatics","Deflect","Dagger Spray"],"picked":"SKIP","floor":28},{"not_picked":["Concentrate","Deadly Poison","Dodge and Roll"],"picked":"SKIP","floor":29},{"not_picked":["Poisoned Stab","Tactician","Choke"],"picked":"SKIP","floor":30},{"not_picked":["Burst","Tools of the Trade"],"picked":"Venomology","floor":33},{"not_picked":["Underhanded Strike+1","Flying Knee+1","Dodge and Roll+1"],"picked":"SKIP","floor":35}],"player_experience":293511,"relics_obtained":[{"floor":9,"key":"Eternal Feather"},{"floor":21,"key":"PreservedInsect"},{"floor":23,"key":"Sundial"},{"floor":26,"key":"Darkstone Periapt"},{"floor":30,"key":"Art of War"}],"event_choices":[{"damage_healed":0,"gold_gain":175,"player_choice":"AGREE","damage_taken":0,"max_hp_gain":0,"max_hp_loss":0,"event_name":"Liars Game","floor":3,"gold_loss":0,"cards_obtained":["Doubt"]},{"cards_removed":["Doubt"],"damage_healed":0,"gold_gain":0,"player_choice":"Card Removal","damage_taken":0,"max_hp_gain":0,"max_hp_loss":0,"event_name":"The Cleric","floor":4,"gold_loss":50},{"damage_healed":0,"gold_gain":75,"player_choice":"Gather Gold","damage_taken":11,"max_hp_gain":0,"max_hp_loss":0,"event_name":"World of Goop","floor":5,"gold_loss":0},{"damage_healed":0,"gold_gain":0,"player_choice":"Forge","damage_taken":0,"max_hp_gain":0,"max_hp_loss":0,"event_name":"Accursed Blacksmith","floor":8,"gold_loss":0,"cards_upgraded":["Neutralize"]},{"damage_healed":0,"gold_gain":0,"player_choice":"Stole Relic","damage_taken":0,"relics_obtained":["Kunai"],"max_hp_gain":0,"max_hp_loss":0,"event_name":"Addict","floor":19,"gold_loss":0,"cards_obtained":["Shame"]},{"damage_healed":0,"gold_gain":0,"player_choice":"Took Portal","damage_taken":0,"max_hp_gain":0,"max_hp_loss":0,"event_name":"SecretPortal","floor":36,"gold_loss":0}],"is_beta":false,"boss_relics":[{"not_picked":["Pandora\u0027s Box","SlaversCollar"],"picked":"Coffee Dripper"},{"not_picked":["Snecko Eye","Sozu"],"picked":"SacredBark"}],"items_purged_floors":[22],"is_endless":false,"potions_floor_spawned":[12,13,16,18,29],"killed_by":"Time Eater","ascension_level":7}}