{"host":"9zznonz1olisd4fd","time":1613834896,"event":{"mods":["BaseMod","Keyboard Shortcuts","Minty Spire (QoL Compilation)","StSLib","SuperFastMode"],"gold_per_floor":[114,114,133,133,8,8,49,65,65,106,106,120,120,136,136,229,229,214,237,137,161,180,180,180],"floor_reached":23,"language":"KOR","playtime":792,"items_purged":["Strike_B","Strike_B"],"score":388,"play_id":"06ec08f9-6555-460e-9871-b885646d8aa4","local_time":"20210221002816","is_ascension_mode":true,"campfire_choices":[{"data":"Defragment","floor":6,"key":"SMITH"},{"data":"Reboot","floor":13,"key":"SMITH"},{"data":"Reinforced Body","floor":15,"key":"SMITH"}],"circlet_count":0,"master_deck":["AscendersBane","Strike_B","Defend_B","Defend_B","Defend_B","Defend_B","Zap","Dualcast+1","Defragment+1","Coolheaded","Reinforced Body+1","Streamline","Reboot+1","Buffer","Genetic Algorithm+1"],"relics":["Cracked Core","NeowsBlessing","Golden Idol","Letter Opener","Darkstone Periapt","Nunchaku","Sozu"],"acts_visited":["Exordium","TheCity"],"potions_floor_usage":[3,14,16],"damage_taken":[{"damage":0,"enemies":"Jaw Worm","floor":1,"turns":1},{"damage":0,"enemies":"2 Louse","floor":3,"turns":1},{"damage":0,"enemies":"Lagavulin","floor":7,"turns":1},{"damage":0,"enemies":"Cultist","floor":8,"turns":4},{"damage":17,"enemies":"3 Sentries","floor":10,"turns":9},{"damage":4,"enemies":"Looter","floor":12,"turns":3},{"damage":10,"enemies":"Gremlin Gang","floor":14,"turns":3},{"damage":27,"enemies":"Slime Boss","floor":16,"turns":11},{"damage":21,"enemies":"2 Thieves","floor":18,"turns":5},{"damage":4,"enemies":"Shell Parasite","floor":19,"turns":7},{"damage":6,"enemies":"Sentry and Sphere","floor":21,"turns":6},{"damage":22,"enemies":"Snake Plant","floor":22,"turns":6},{"damage":18,"enemies":"Gremlin Leader","floor":23,"turns":6}],"seed_played":"-5345448316315559138","potions_obtained":[{"floor":3,"key":"Fruit Juice"},{"floor":10,"key":"SkillPotion"},{"floor":12,"key":"Energy Potion"}],"is_trial":false,"path_per_floor":["M","?","M","?","$","R","E","M","T","E","?","M","R","M","R","B",null,"M","M","$","M","M","E"],"character_chosen":"DEFECT","items_purchased":["Coolheaded"],"campfire_rested":0,"item_purchase_floors":[5],"current_hp_per_floor":[64,64,69,69,69,69,69,69,69,52,52,48,48,38,38,11,56,35,31,31,25,3,0,0],"gold":180,"neow_bonus":"THREE_ENEMY_KILL","is_daily":false,"chose_seed":false,"campfire_upgraded":3,"win_rate":0.0,"timestamp":1613834896,"path_taken":["M","?","M","?","$","R","E","?","T","E","?","M","R","M","R","BOSS","M","M","$","M","?","E"],"items_purchased_type":["Card"],"build_version":"2020-12-22","purchased_purges":2,"victory":false,"max_hp_per_floor":[71,66,71,71,71,71,71,71,71,71,71,71,71,71,71,71,71,71,71,71,71,71,71,71],"card_choices":[{"not_picked":["Gash","Turbo","Heatsinks"],"picked":"SKIP","floor":1},{"not_picked":["Sweeping Beam","Sunder"],"picked":"Defragment","floor":3},{"not_picked":["BootSequence","Heatsinks"],"picked":"Reinforced Body","floor":7},{"not_picked":["White Noise","Hologram"],"picked":"Streamline","floor":8},{"not_picked":["Turbo","Redo","Streamline"],"picked":"SKIP","floor":10},{"not_picked":["Consume","Streamline","Compile Driver"],"picked":"SKIP","floor":12},{"not_picked":["Steam","Lockon","Leap"],"picked":"SKIP","floor":14},{"not_picked":["Thunder Strike","Meteor Strike"],"picked":"Buffer","floor":16},{"not_picked":["White Noise","FTL+1","Rip and Tear"],"picked":"SKIP","floor":18},{"not_picked":["Aggregate","Go for the Eyes","Streamline"],"picked":"SKIP","floor":19},{"not_picked":["Barrage","Lockon+1"],"picked":"Genetic Algorithm+1","floor":21},{"not_picked":["Compile Driver","Barrage","Echo Form"],"picked":"SKIP","floor":22}],"player_experience":561426,"relics_obtained":[{"floor":7,"key":"Letter Opener"},{"floor":9,"key":"Darkstone Periapt"},{"floor":10,"key":"Nunchaku"}],"event_choices":[{"damage_healed":0,"gold_gain":0,"player_choice":"Lose Max HP","damage_taken":0,"relics_obtained":["Golden Idol"],"max_hp_gain":0,"max_hp_loss":5,"event_name":"Golden Idol","floor":2,"gold_loss":0},{"damage_healed":0,"gold_gain":0,"player_choice":"Upgraded","damage_taken":0,"max_hp_gain":0,"max_hp_loss":0,"event_name":"Upgrade Shrine","floor":4,"gold_loss":0,"cards_upgraded":["Dualcast"]},{"damage_healed":0,"gold_gain":0,"cards_transformed":["Strike_B"],"player_choice":"Transformed","damage_taken":0,"max_hp_gain":0,"max_hp_loss":0,"event_name":"Transmorgrifier","floor":11,"gold_loss":0,"cards_obtained":["Reboot"]}],"is_beta":false,"boss_relics":[{"not_picked":["Fusion Hammer","Velvet Choker"],"picked":"Sozu"}],"items_purged_floors":[5,20],"is_endless":false,"potions_floor_spawned":[3,10,12,18,21],"killed_by":"Gremlin Leader","ascension_level":14}}