{"host":"4alny9vn3yiush4b","time":1613794547,"event":{"mods":["BaseMod","Downfall","Minty Spire (QoL Compilation)","StSLib"],"gold_per_floor":[99,113,113,126,145,9,9,9,24,24,35,51,62,90,107,207,207,207,223,223,223,223,223,249,269,269,269,269],"floor_reached":26,"language":"ENG","playtime":1625,"items_purged":["Regret"],"score":235,"play_id":"08de431b-7201-4d93-8128-4db5640ef289","local_time":"20210219231547","is_ascension_mode":false,"campfire_choices":[{"data":"Slimebound:Split","floor":1.0,"key":"SMITH"},{"data":"Slimebound:MassRepurpose","floor":18.0,"key":"SMITH"}],"circlet_count":0,"master_deck":["Slimebound:Strike_Slimebound","Slimebound:Strike_Slimebound","Slimebound:Tackle","Slimebound:Defend_Slimebound","Slimebound:Defend_Slimebound","Slimebound:Defend_Slimebound","Slimebound:Defend_Slimebound","Slimebound:Split+1","Slimebound:CorrosiveSpit","Slimebound:LeechEnergy","Slimebound:SpikyOuterGoop","Slimebound:SplitMire","Slimebound:Schlurp","Slimebound:RallyTheTroops","Slimebound:AcidTongue","Slimebound:MassRepurpose+1","Slimebound:Repurpose"],"relics":["Slimebound:AbsorbEndCombat","Meat on the Bone","Pear","Sundial","SlaversCollar","Nilry\u0027s Codex","PreservedInsect"],"acts_visited":["Exordium","TheCity"],"potions_floor_usage":[],"damage_taken":[{"damage":0.0,"enemies":"Small Slimes","floor":2.0,"turns":3.0},{"damage":8.0,"enemies":"Jaw Worm","floor":4.0,"turns":4.0},{"damage":2.0,"enemies":"Cultist","floor":5.0,"turns":4.0},{"damage":4.0,"enemies":"downfall:FleeingMerchant","floor":6.0,"turns":4.0},{"damage":7.0,"enemies":"downfall:LooterAlt","floor":9.0,"turns":4.0},{"damage":5.0,"enemies":"Large Slime","floor":11.0,"turns":5.0},{"damage":1.0,"enemies":"Exordium Wildlife","floor":12.0,"turns":5.0},{"damage":18.0,"enemies":"3 Louse","floor":13.0,"turns":3.0},{"damage":6.0,"enemies":"Lagavulin","floor":14.0,"turns":6.0},{"damage":11.0,"enemies":"2 Fungi Beasts","floor":15.0,"turns":3.0},{"damage":38.0,"enemies":"WA_ARCHETYPE_RETAIN","floor":16.0,"turns":9.0},{"damage":16.0,"enemies":"Shell Parasite","floor":19.0,"turns":4.0},{"damage":36.0,"enemies":"3 Byrds","floor":25.0,"turns":6.0},{"damage":0,"enemies":"downfall:FleeingMerchant","floor":26,"turns":1}],"seed_played":"-2656970286218211427","potions_obtained":[{"floor":2.0,"key":"Ancient Potion"},{"floor":9.0,"key":"Dexterity Potion"},{"floor":14.0,"key":"ColorlessPotion"},{"floor":25.0,"key":"CultistPotion"}],"is_trial":false,"path_per_floor":["R","M","?","M","M","$","T","?","M","?","M","M","M","E","M","B",null,"R","M","?","?","?","?","T","M","$"],"character_chosen":"SLIMEBOUND","items_purchased":["Slimebound:Schlurp"],"campfire_rested":0,"item_purchase_floors":[6],"current_hp_per_floor":[71,71,71,69,71,69,79,71,70,70,73,78,64,62,55,37,81,81,67,67,67,67,51,51,31,31,31,31],"gold":269,"neow_bonus":"TEN_PERCENT_HP_BONUS","is_daily":false,"chose_seed":false,"campfire_upgraded":2,"win_rate":0.0,"timestamp":1613794547,"path_taken":["R","M","?","M","M","$","T","?","?","?","M","M","M","E","M","BOSS","R","M","?","?","?","?","T","M","$"],"items_purchased_type":["Card"],"build_version":"2020-12-22","purchased_purges":1,"victory":false,"max_hp_per_floor":[71,71,71,71,71,71,81,81,81,81,81,81,81,81,81,81,81,81,81,81,81,81,81,81,81,81,81,81],"card_choices":[{"not_picked":["Slimebound:Grow","Slimebound:RollThrough","Slimebound:HauntingLick"],"picked":"SKIP","floor":2.0},{"not_picked":["Slimebound:FormOfPuddle","Slimebound:RejuvenatingLick"],"picked":"Slimebound:LeechEnergy","floor":4.0},{"not_picked":["Slimebound:GoopTackle","Slimebound:LeechEnergy"],"picked":"Slimebound:SpikyOuterGoop","floor":5.0},{"not_picked":["Slimebound:SplitLeeching","Slimebound:SlimeTap"],"picked":"Slimebound:SplitMire","floor":6.0},{"not_picked":["Slimebound:LeechEnergy","Slimebound:TongueLash"],"picked":"Slimebound:RallyTheTroops","floor":9.0},{"not_picked":["Slimebound:SlimeSpikes","Slimebound:SplitAcid"],"picked":"Slimebound:AcidTongue","floor":11.0},{"not_picked":["Slimebound:SplitBruiser","Slimebound:Prepare","Slimebound:Schlurp"],"picked":"SKIP","floor":12.0},{"not_picked":["Slimebound:HauntingLick","Slimebound:AcidTongue","Slimebound:PressTheAttack"],"picked":"SKIP","floor":13.0},{"not_picked":["Slimebound:SlimeTap","Slimebound:ProtectTheBoss","Slimebound:PressTheAttack"],"picked":"SKIP","floor":14.0},{"not_picked":["Slimebound:Nibble","Slimebound:GoopSpray","Slimebound:SplitLeeching"],"picked":"SKIP","floor":15.0},{"not_picked":["Slimebound:Overexert","Slimebound:DuplicatedForm"],"picked":"Slimebound:MassRepurpose","floor":16.0},{"not_picked":["Slimebound:AcidTongue","Slimebound:GoopTackle","Slimebound:ComboTackle"],"picked":"SKIP","floor":19.0},{"not_picked":["Slimebound:ComboTackle+1","Slimebound:SplitAcid"],"picked":"Slimebound:Repurpose","floor":25.0}],"player_experience":364705,"relics_obtained":[{"floor":7.0,"key":"Pear"},{"floor":14.0,"key":"Sundial"},{"floor":23.0,"key":"Nilry\u0027s Codex"},{"floor":24.0,"key":"PreservedInsect"}],"event_choices":[{"damage_healed":0.0,"max_hp_gain":0.0,"max_hp_loss":0.0,"gold_gain":0.0,"event_name":"Big Fish","player_choice":"Box","floor":3.0,"gold_loss":0.0,"damage_taken":0.0,"relics_obtained":["Meat on the Bone"],"cards_obtained":["Regret"]},{"damage_healed":0.0,"max_hp_gain":0.0,"max_hp_loss":0.0,"gold_gain":0.0,"event_name":"Wheel of Change","player_choice":"Damaged","floor":8.0,"gold_loss":0.0,"damage_taken":8.0},{"damage_healed":0.0,"max_hp_gain":0.0,"max_hp_loss":0.0,"gold_gain":0.0,"event_name":"Vampires","player_choice":"Ignored","floor":20.0,"gold_loss":0.0,"damage_taken":0.0}],"is_beta":false,"boss_relics":[{"not_picked":["Slimebound:TarBlob","Philosopher\u0027s Stone"],"picked":"SlaversCollar"}],"items_purged_floors":[6],"is_endless":false,"potions_floor_spawned":[2,9,14,15,25],"killed_by":"downfall:FleeingMerchant","ascension_level":0}}