{"host":"0g75o2kccvalhtva","time":1613855844,"event":{"mods":["BaseMod","BetterRewards","Downfall","GungeonMod","Hubris","Infinite Spire","Minty Spire (QoL Compilation)","Replay The Spire","StSLib","SuperFastMode"],"gold_per_floor":[118,118,118,128,171,200,200,125,125,143,175,189,205,225,225,321,321,338,238,254,254,254,280,280,300,300,300,319,334,348,362,373,373,373,373],"floor_reached":34,"language":"ENG","playtime":1557,"items_purged":["Pain","DemoMod:Strike_Huntress"],"score":290,"play_id":"b88b2a89-8bef-4243-990b-60190e32f9e8","local_time":"20210220221724","is_ascension_mode":false,"campfire_choices":[{"floor":15,"key":"REST"},{"floor":24,"key":"REST"},{"data":"DemoMod:PotionOfGunFriendShip","floor":27,"key":"SMITH"},{"floor":33,"key":"REST"}],"circlet_count":0,"master_deck":["DemoMod:Strike_Huntress+1","DemoMod:Strike_Huntress+1","DemoMod:Defend_Huntress","DemoMod:Defend_Huntress","DemoMod:Defend_Huntress","DemoMod:Defend_Huntress","DemoMod:Roll","DemoMod:ManualReload","DemoMod:RustySidearm","DemoMod:CrossBow+1","DemoMod:HungryBullets","DemoMod:MegaHand","DemoMod:PotionOfGunFriendShip+1","DemoMod:SniperShot","DemoMod:DoubleSwitch","DemoMod:FullFirepower","DemoMod:TeaPot","DemoMod:Polaris+1","DemoMod:SniperShot+1"],"relics":["DemoMod:Dog","DemoMod:Plus1Bullets","DemoMod:HoleyGrail","hubris:Towel","WingedGreaves","WarpedTongs","hubris:MysteriousPyramids","StoneCalendar","Potion Belt","Busted Crown","Whetstone"],"acts_visited":["Exordium","TheCity","TheCity"],"potions_floor_usage":[6,20,23,23,31,34,34,34],"damage_taken":[{"damage":4,"enemies":"Jaw Worm","floor":1,"turns":3},{"damage":0,"enemies":"2 Louse","floor":4,"turns":3},{"damage":3,"enemies":"Cultist","floor":5,"turns":4},{"damage":11,"enemies":"Gremlin Nob","floor":6,"turns":4},{"damage":12,"enemies":"Lots of Slimes","floor":10,"turns":3},{"damage":11,"enemies":"Lagavulin","floor":11,"turns":5},{"damage":0,"enemies":"Large Slime","floor":12,"turns":3},{"damage":0,"enemies":"Exordium Wildlife","floor":13,"turns":2},{"damage":0,"enemies":"2 Fungi Beasts","floor":14,"turns":2},{"damage":24,"enemies":"Hexaghost","floor":16,"turns":7},{"damage":26,"enemies":"Shell Parasite","floor":18,"turns":4},{"damage":5,"enemies":"3 Byrds","floor":20,"turns":3},{"damage":32,"enemies":"Book of Stabbing","floor":23,"turns":6},{"damage":3,"enemies":"Shelled Parasite and Fungi","floor":25,"turns":3},{"damage":10,"enemies":"DemoMod:Veteran_shot_gun_kin_and_bullet_kin","floor":28,"turns":2},{"damage":9,"enemies":"DemoMod:Red_and_blue_shotgun_kin","floor":29,"turns":2},{"damage":9,"enemies":"DemoMod:2_Mousers","floor":30,"turns":5},{"damage":18,"enemies":"DemoMod:Veteran_shot_gun_kin_and_blue_shotgun_kin_with_gunsinger","floor":31,"turns":4},{"damage":7,"enemies":"DemoMod:Red_and_blue_shotgun_kin_with_gunsinger","floor":32,"turns":2},{"damage":45,"enemies":"DemoMod:ResourcefulRat","floor":34,"turns":4}],"seed_played":"6869471397518903209","potions_obtained":[{"floor":5,"key":"LifebloodPotion"},{"floor":6,"key":"sneckomod:MuddlingPotion"},{"floor":12,"key":"Languid Potion"},{"floor":14,"key":"sneckomod:MuddlingPotion"},{"floor":18,"key":"Fire Potion"},{"floor":25,"key":"hexamod:SoulburnPotion"},{"floor":29,"key":"Languid Potion"},{"floor":32,"key":"AttackPotion"}],"is_trial":false,"path_per_floor":["M","?","?","M","M","E","?","$","T","M","E","M","M","M","R","B",null,"M","$","M","AVR","T","E","R","M","T","R","M","M","M","M","M","R","B"],"character_chosen":"HUNTRESS","items_purchased":["DemoMod:GnawedKey","DemoMod:Plus1Bullets","DemoMod:HoleyGrail"],"campfire_rested":3,"item_purchase_floors":[0,0,0],"current_hp_per_floor":[66,66,66,66,63,52,52,52,52,40,29,29,29,29,50,26,70,44,44,39,39,39,7,28,25,70,70,60,51,42,24,17,38,0,0],"gold":373,"neow_bonus":"","is_daily":false,"chose_seed":false,"campfire_upgraded":1,"win_rate":0.0,"timestamp":1613855844,"path_taken":["M","?","?","M","M","E","?","$","T","M","E","M","M","M","R","BOSS","M","$","M","AVR","?","E","R","M","T","R","M","M","M","M","M","R","BOSS"],"items_purchased_type":["Relic","Relic","Relic"],"build_version":"2020-12-22","purchased_purges":2,"victory":false,"max_hp_per_floor":[70,70,70,70,70,70,70,70,70,70,70,70,70,70,70,70,70,70,70,70,70,70,70,70,70,70,70,70,70,70,70,70,70,70,70],"card_choices":[{"not_picked":["DemoMod:LifeOrb","DemoMod:AbyssalTentacle"],"picked":"DemoMod:HungryBullets","floor":1},{"not_picked":["DemoMod:AC15","DemoMod:StickyCrossBow"],"picked":"DemoMod:MegaHand","floor":4},{"not_picked":["DemoMod:ConditionalReflex","DemoMod:BoxingGlove","DemoMod:StickyCrossBow"],"picked":"SKIP","floor":4},{"not_picked":["DemoMod:AbyssalTentacle","DemoMod:AC15","DemoMod:JK47"],"picked":"SKIP","floor":5},{"not_picked":["DemoMod:DoubleSwitch","DemoMod:RadGun","DemoMod:FastSwitch"],"picked":"SKIP","floor":6},{"not_picked":["DemoMod:TeaPot","DemoMod:JK47"],"picked":"DemoMod:PotionOfGunFriendShip","floor":10},{"not_picked":["DemoMod:ProbeStrike","DemoMod:MachoBrace"],"picked":"DemoMod:SniperShot","floor":11},{"not_picked":["DemoMod:SniperShot","DemoMod:MachoBrace","DemoMod:ZorGun"],"picked":"SKIP","floor":12},{"not_picked":["DemoMod:FeignSurrender","DemoMod:Purify"],"picked":"DemoMod:DoubleSwitch","floor":13},{"not_picked":["DemoMod:HungryBullets","DemoMod:BattleInHaste","DemoMod:DoubleSwitch"],"picked":"SKIP","floor":14},{"not_picked":["DemoMod:FightSabre","DemoMod:BSG"],"picked":"DemoMod:FullFirepower","floor":16},{"not_picked":["DemoMod:HuntsMan"],"picked":"SKIP","floor":18},{"not_picked":["DemoMod:BattleInHaste+1"],"picked":"SKIP","floor":20},{"not_picked":["DemoMod:BulletBore"],"picked":"SKIP","floor":23},{"not_picked":[],"picked":"DemoMod:TeaPot","floor":25},{"not_picked":["DemoMod:MegaHand"],"picked":"SKIP","floor":28},{"not_picked":["DemoMod:JK47"],"picked":"SKIP","floor":29},{"not_picked":["DemoMod:TableSutra+1"],"picked":"SKIP","floor":30},{"not_picked":[],"picked":"DemoMod:Polaris+1","floor":31},{"not_picked":[],"picked":"DemoMod:SniperShot+1","floor":32}],"player_experience":14663,"relics_obtained":[{"floor":6,"key":"WingedGreaves"},{"floor":9,"key":"hubris:MysteriousPyramids"},{"floor":11,"key":"StoneCalendar"},{"floor":14,"key":"Potion Belt"},{"floor":22,"key":"Whetstone"}],"event_choices":[{"damage_healed":0,"gold_gain":0,"player_choice":"Rummage","damage_taken":0,"relics_obtained":["WarpedTongs"],"max_hp_gain":0,"max_hp_loss":0,"event_name":"Accursed Blacksmith","floor":7,"gold_loss":0,"cards_obtained":["Pain"]}],"is_beta":false,"boss_relics":[{"not_picked":["hubris:GrandSneckoEye","Philosopher\u0027s Stone"],"picked":"Busted Crown"}],"items_purged_floors":[8,19],"is_endless":false,"potions_floor_spawned":[5,6,12,14,18,25,29,32],"killed_by":"DemoMod:ResourcefulRat","ascension_level":0}}