{"host":"36zn1fhase90d3ns","time":1613818369,"event":{"mods":["100% Spire Juice","2.2 Compatiblity","AchievementEnabler","Act Like it!","Aspiration","BaseMod","BetterRewards","Block Reminder","Colored Map","Colored Powertips","Conspire","Curses Come First","Custom Start","Dark Map","Energized Spire","Friendly Minions","Halation","Hermit","Hubris","Lobotomy","Minty Spire (QoL Compilation)","Prisma Mod","Quick Restart","Reimu??????","Relic Sorter","Reliquary","Remilia??????","Replay The Spire","Spicy Shops","StSLib","The Necromancer","Unceasing Turn Reminder","Yohane!","??????REMEMod"],"gold_per_floor":[110,210,223,233,245,274,293,321,321,331,358,369,369,386,386,485,485,501,501,518,568,147,147,175,175,175,11,42,52,84,97,97,199,199,210,68,85,85,85,110,110,120,120,120,149,169,169,188,188,188],"floor_reached":51,"language":"ENG","playtime":2815,"items_purged":["OctopathBindingBorder2:ReiMu+1","Strike_W","Strike_W","Strike_W","Defend_W"],"score":1116,"play_id":"48e42af6-997c-4196-84e5-1a5ddaf48277","local_time":"20210220045249","is_ascension_mode":false,"campfire_choices":[{"floor":13,"key":"REST"},{"data":"1","floor":15,"key":"LIFT"},{"data":"2","floor":23,"key":"LIFT"},{"data":"3","floor":25,"key":"LIFT"},{"floor":32,"key":"RECALL"},{"data":"ReplayTheSpireMod:Faulty Equipment","floor":41,"key":"SMITH"},{"data":"hubris:EnhanceAbility","floor":41,"key":"SMITH"},{"data":"Summon_Undead","floor":44,"key":"SMITH"},{"data":"Summon_Undead","floor":44,"key":"SMITH"},{"data":"Siphon_Strength","floor":47,"key":"SMITH"},{"data":"Bone_Prison","floor":47,"key":"SMITH"},{"data":"Blood_Is_Power","floor":49,"key":"SMITH"},{"data":"Bone_Armor","floor":49,"key":"SMITH"}],"circlet_count":0,"master_deck":["OctopathBindingBorder2:ReiMu+1","Defend_W+1","Defend_W","Defend_W","Negative_Energy_Arrows","Bone_Wall","hermit:HeroicBravado","Bone_Armory","Bone_Armor+1","Bone_Armor+1","Summon_Undead+1","Bone_Armor","Siphon_Strength+1","Blood_Is_Power","Bone_Prison+1","Life_Drain","Life_Tap","Blood_Shield","Spectral_Armor+1","Blood_Is_Power+1","hubris:EnhanceAbility+1","Blood_Shield","Blood_Is_Power+1","Grasp_Heart","Summon_Lich","Blood_Shield","Bones_to_Steel+1","Summon_Undead+1","Vampiric_Strike+1","Summon_Undead+1"],"relics":["Vampire_Amulet","REME_ComplimentaryCards","Replay:Arrowhead","Eternal Feather","Girya","halation:PrussianBluePaint","reliquary:Stiletto","reliquary:FingerTrap","Bronze Scales","Replay:Baseball","halation:TwoAmDonut","reliquary:Spinner","aspiration:SeaSaltIceCream","Ring of the Snake","halation:LettersToHer","halation:PinkAlligatorPlush","Lantern","Bird Faced Urn","Quantum Egg","Membership Card","ReplayTheSpireMod:CursedCoin","Blue Doll","Ice Cream","halation:PinkSoulGem","Oddly Smooth Stone"],"acts_visited":["Exordium","TheCity","TheBeyond"],"potions_floor_usage":[16,18,21,37,45,45,50,50],"damage_taken":[{"damage":2.0,"enemies":"Small Slimes","floor":1.0,"turns":3.0},{"damage":0.0,"enemies":"Cultist","floor":3.0,"turns":4.0},{"damage":0.0,"enemies":"2 Louse","floor":4.0,"turns":4.0},{"damage":11.0,"enemies":"Lots of Slimes","floor":5.0,"turns":3.0},{"damage":0.0,"enemies":"3 Sentries","floor":6.0,"turns":7.0},{"damage":1.0,"enemies":"Looter","floor":7.0,"turns":4.0},{"damage":47.0,"enemies":"Gremlin Nob","floor":8.0,"turns":5.0},{"damage":6.0,"enemies":"2 Fungi Beasts","floor":10.0,"turns":3.0},{"damage":11,"enemies":"3 Sentries","floor":11,"turns":6},{"damage":3,"enemies":"3 Louse","floor":12,"turns":3},{"damage":3,"enemies":"Red Slaver","floor":14,"turns":4},{"damage":5,"enemies":"Hexaghost","floor":16,"turns":9},{"damage":13,"enemies":"3 Byrds","floor":18,"turns":4},{"damage":15,"enemies":"Spheric Guardian","floor":20,"turns":5},{"damage":1,"enemies":"Shelled Parasite and Fungi","floor":21,"turns":8},{"damage":1,"enemies":"Gremlin Leader","floor":24,"turns":7},{"damage":0,"enemies":"Book of Stabbing","floor":28,"turns":7},{"damage":0,"enemies":"Snecko","floor":29,"turns":7},{"damage":44,"enemies":"Gremlin Leader","floor":30,"turns":12},{"damage":5,"enemies":"Centurion and Healer","floor":31,"turns":7},{"damage":20,"enemies":"hubris:MusketHawk","floor":33,"turns":10},{"damage":6,"enemies":"Orb Walker","floor":35,"turns":5},{"damage":18,"enemies":"3 Darklings","floor":37,"turns":6},{"damage":56,"enemies":"Nemesis","floor":40,"turns":11},{"damage":4,"enemies":"Spire Growth","floor":42,"turns":6},{"damage":45,"enemies":"Reptomancer","floor":45,"turns":8},{"damage":14,"enemies":"Jaw Worm Horde","floor":46,"turns":5},{"damage":1,"enemies":"Transient","floor":48,"turns":5},{"damage":52,"enemies":"Awakened One","floor":50,"turns":13}],"seed_played":"-9100580953421615950","potions_obtained":[{"floor":4.0,"key":"PowerPotion"},{"floor":5.0,"key":"AttackPotion"},{"floor":11,"key":"Weak Potion"},{"floor":16,"key":"Adrenaline Potion"},{"floor":18,"key":"REME_GoldPotion"},{"floor":20,"key":"Explosive Potion"},{"floor":28,"key":"Elixir"},{"floor":35,"key":"Fire Potion"},{"floor":40,"key":"Adrenaline Potion"},{"floor":46,"key":"Toxic Potion"}],"is_trial":false,"path_per_floor":["M","?","M","M","M","E","M","E","T","M","E","M","R","M","R","B",null,"M","?","M","M","$","R","E","R","T","$","E","M","E","M","R","B",null,"M","$","M","?","?","E","R","M","T","R","E","M","R","M","R","B",null],"character_chosen":"NECROMANCER","items_purchased":["Replay:Arrowhead","Bone_Armory","Eternal Feather","Girya","halation:PrussianBluePaint","reliquary:Stiletto","reliquary:FingerTrap","Bone_Armor+1","Bronze Scales","Replay:Baseball","Lantern","Membership Card","ReplayTheSpireMod:CursedCoin","Blood_Is_Power","hubris:EnhanceAbility","Summon_Lich"],"campfire_rested":1,"item_purchase_floors":[0,0,0,0,0,0,0,0,0,0,22,27,27,27,27,36],"current_hp_per_floor":[30,30,32,36,35,41,42,15,15,13,8,17,51,50,62,69,75,71,71,66,69,69,75,75,75,75,75,75,75,72,75,75,74,75,74,74,63,63,63,23,38,50,50,65,36,40,55,73,75,56],"gold":188,"neow_bonus":"","is_daily":false,"chose_seed":false,"campfire_upgraded":8,"win_rate":0.0,"timestamp":1613818369,"path_taken":["M","?","M","M","M","E","M","E","T","M","E","M","R","?","R","BOSS","M","?","?","M","$","R","E","R","T","$","E","M","E","M","R","BOSS","M","$","M","?","?","E","R","M","T","R","E","M","R","?","R","BOSS"],"items_purchased_type":["Relic","Card","Relic","Relic","Relic","Relic","Relic","Card","Relic","Relic","Card","Relic","Relic","Card","Card","Card"],"build_version":"2020-12-22","purchased_purges":5,"victory":true,"max_hp_per_floor":[75,75,75,75,75,75,75,75,75,75,75,75,75,75,75,75,75,75,75,75,75,75,75,75,75,75,75,75,75,75,75,75,75,75,75,75,75,75,75,75,75,75,75,75,75,75,75,75,75,75],"card_choices":[{"not_picked":["Toxic_Smoke_Screen","Consume_Illness"],"picked":"Bone_Armor","floor":1.0},{"not_picked":["Finger_Of_Death","Consume_Illness","Blood_Whip"],"picked":"SKIP","floor":3.0},{"not_picked":["Toxic_Smoke_Screen","Negative_Energy_Mist"],"picked":"Summon_Undead","floor":4.0},{"not_picked":["Bone_Armory","Grasp_Heart"],"picked":"Bone_Armor","floor":5.0},{"not_picked":["Scare","Consume_Illness","Spectral_Walk"],"picked":"SKIP","floor":6.0},{"not_picked":["Spectral_Armor","Consume_Illness"],"picked":"Siphon_Strength","floor":7.0},{"not_picked":["Scare","Death_March_Dance"],"picked":"Blood_Is_Power","floor":8.0},{"not_picked":["Summon_Undead_Army","Bone_Armor"],"picked":"Bone_Prison","floor":10.0},{"not_picked":["Scare","Exploit"],"picked":"Life_Drain","floor":11},{"not_picked":["Scare","Bone_Shift"],"picked":"Life_Tap","floor":12},{"not_picked":["Bone_Shift","Death_March_Dance","Death_Coil"],"picked":"SKIP","floor":14},{"not_picked":["Bone_Spikes","Blood_Curse+1","Negative_Energy_Sphere"],"picked":"SKIP","floor":18},{"not_picked":["Necromantic_Selection+1","Shackles_Of_Pain"],"picked":"Blood_Shield","floor":20},{"not_picked":["Epidemic","Bone_Spikes","Bone_Shift"],"picked":"SKIP","floor":21},{"not_picked":["Violent_Necrosis","Stop_Heart"],"picked":"Spectral_Armor+1","floor":24},{"not_picked":["Death_Coil","Detonate_Bones","Death_March_Dance"],"picked":"SKIP","floor":28},{"not_picked":["Bone_Shift","Shackles_Of_Pain","Bone_Spikes"],"picked":"SKIP","floor":29},{"not_picked":["Blood_Curse+1","Bone_Spikes"],"picked":"Blood_Shield","floor":30},{"not_picked":["Corrupt","Thousand_Bone_Knives"],"picked":"Blood_Is_Power+1","floor":31},{"not_picked":["Blood_Wake","Cloudkill"],"picked":"Grasp_Heart","floor":33},{"not_picked":["Blood_Curse","Death_Coil+1","Toxic_Smoke_Screen"],"picked":"SKIP","floor":35},{"not_picked":["Negative_Energy_Shield+1","Toxic_Smoke_Screen"],"picked":"Blood_Shield","floor":37},{"not_picked":["Blood_Shield+1","Flesh_Made_Foul+1"],"picked":"Bones_to_Steel+1","floor":40},{"not_picked":["Negative_Energy_Mist+1","Bone_Spikes"],"picked":"Summon_Undead","floor":42},{"not_picked":["Death_March_Dance","Summon_Undead_Army","Bone_Spikes+1"],"picked":"SKIP","floor":45},{"not_picked":["Blood_for_Blood+1","Bones_to_Steel+1"],"picked":"Vampiric_Strike+1","floor":46},{"not_picked":["Blood_Whip+1","Negative_Energy_Bomb"],"picked":"Summon_Undead+1","floor":48}],"player_experience":548715,"relics_obtained":[{"floor":6.0,"key":"halation:TwoAmDonut"},{"floor":8.0,"key":"reliquary:Spinner"},{"floor":9.0,"key":"aspiration:SeaSaltIceCream"},{"floor":11,"key":"halation:LettersToHer"},{"floor":24,"key":"Bird Faced Urn"},{"floor":26,"key":"Quantum Egg"},{"floor":26,"key":"halation:LettersToHer"},{"floor":28,"key":"Blue Doll"},{"floor":30,"key":"Ice Cream"},{"floor":43,"key":"halation:LettersToHer"},{"floor":45,"key":"Oddly Smooth Stone"}],"event_choices":[{"damage_healed":0.0,"max_hp_gain":0.0,"max_hp_loss":0.0,"gold_gain":100.0,"event_name":"Golden Shrine","player_choice":"Pray","floor":2.0,"gold_loss":0.0,"damage_taken":0.0},{"cards_removed":["Strike_W"],"damage_healed":0,"gold_gain":0,"player_choice":"Purged","damage_taken":0,"max_hp_gain":0,"max_hp_loss":0,"event_name":"Purifier","floor":19,"gold_loss":0},{"damage_healed":0,"gold_gain":0,"player_choice":"Ignored","damage_taken":0,"max_hp_gain":0,"max_hp_loss":0,"event_name":"SecretPortal","floor":39,"gold_loss":0}],"is_beta":false,"boss_relics":[{"not_picked":["Calling Bell","energizedSpire:SpiderWeb"],"picked":"halation:PinkAlligatorPlush"},{"not_picked":["energizedSpire:StickyHand","reliquary:Craggleroot","hubris:VirtuousBlindfold"]}],"items_purged_floors":[0,0,22,22,36],"is_endless":false,"potions_floor_spawned":[4,5,11,16,18,20,28,35,40,46],"ascension_level":0}}