{"host":"6q94iy5iz6612v89","time":1613828936,"event":{"mods":["2.2 Compatiblity","AchievementEnabler","BaseMod","Colored Map","DeckTracker","Keyboard Shortcuts","Minty Spire (QoL Compilation)","Permanent Neow","StSLib","SuperFastMode"],"gold_per_floor":[112,112,112,112,130,130,174,174,220,260,28,67,67,86,86,86,86],"floor_reached":16,"language":"KOR","playtime":209,"items_purged":["Strike_G"],"score":282,"play_id":"ef4e5004-dbc8-442e-afda-ef6395e6cb7d","local_time":"20210220224856","is_ascension_mode":true,"campfire_choices":[{"data":"Dagger Spray","floor":6,"key":"SMITH"},{"data":"Bane","floor":8,"key":"SMITH"},{"floor":13,"key":"REST"},{"data":"Noxious Fumes","floor":15,"key":"SMITH"}],"circlet_count":0,"master_deck":["AscendersBane","Strike_G","Strike_G","Strike_G","Strike_G","Defend_G","Defend_G","Defend_G","Defend_G","Defend_G","Survivor","Neutralize","Bane+1","Dagger Spray+1","Terror","Noxious Fumes+1","After Image"],"relics":["Ring of the Snake","NeowsBlessing","Golden Idol","Toy Ornithopter","Regal Pillow","Nunchaku","Oddly Smooth Stone","Boot"],"acts_visited":["Exordium"],"potions_floor_usage":[10,12],"damage_taken":[{"damage":0,"enemies":"Jaw Worm","floor":1,"turns":1},{"damage":0,"enemies":"Small Slimes","floor":5,"turns":1},{"damage":0,"enemies":"Gremlin Nob","floor":7,"turns":1},{"damage":17,"enemies":"Lagavulin","floor":10,"turns":5},{"damage":25,"enemies":"3 Sentries","floor":12,"turns":7},{"damage":0,"enemies":"Cultist","floor":14,"turns":3},{"damage":55,"enemies":"Slime Boss","floor":16,"turns":8}],"seed_played":"-2767450045465759780","potions_obtained":[{"floor":1,"key":"SpeedPotion"},{"floor":5,"key":"SpeedPotion"},{"floor":7,"key":"CunningPotion"}],"is_trial":false,"path_per_floor":["M","?","?","?","M","R","E","R","T","E","$","E","R","M","R","B"],"character_chosen":"THE_SILENT","items_purchased":["Oddly Smooth Stone"],"campfire_rested":1,"item_purchase_floors":[11],"current_hp_per_floor":[59,59,64,40,40,40,40,40,40,28,28,8,44,44,44,0,0],"gold":86,"neow_bonus":"THREE_ENEMY_KILL","is_daily":false,"chose_seed":false,"campfire_upgraded":3,"win_rate":0.0,"timestamp":1613828936,"path_taken":["M","?","?","?","M","R","E","R","T","E","$","E","R","M","R","BOSS"],"items_purchased_type":["Relic"],"build_version":"2020-12-22","purchased_purges":1,"victory":false,"max_hp_per_floor":[66,66,71,71,71,71,71,71,71,71,71,71,71,71,71,71,71],"card_choices":[{"not_picked":["Heel Hook","Expertise"],"picked":"Bane","floor":1},{"not_picked":["Sucker Punch","Bane"],"picked":"Dagger Spray","floor":5},{"not_picked":["Flechettes","PiercingWail"],"picked":"Terror","floor":7},{"not_picked":["Dagger Throw","Outmaneuver"],"picked":"Noxious Fumes","floor":10},{"not_picked":["Deflect","Bane"],"picked":"After Image","floor":12},{"not_picked":["Masterful Stab","Distraction","Concentrate"],"picked":"SKIP","floor":14}],"player_experience":1495498,"relics_obtained":[{"floor":7,"key":"Toy Ornithopter"},{"floor":9,"key":"Regal Pillow"},{"floor":10,"key":"Nunchaku"},{"floor":12,"key":"Boot"}],"event_choices":[{"damage_healed":0,"gold_gain":0,"player_choice":"Ignored","damage_taken":0,"max_hp_gain":0,"max_hp_loss":0,"event_name":"Liars Game","floor":2,"gold_loss":0},{"damage_healed":0,"gold_gain":0,"player_choice":"Donut","damage_taken":0,"max_hp_gain":5,"max_hp_loss":0,"event_name":"Big Fish","floor":3,"gold_loss":0},{"damage_healed":0,"gold_gain":0,"player_choice":"Take Damage","damage_taken":24,"relics_obtained":["Golden Idol"],"max_hp_gain":0,"max_hp_loss":0,"event_name":"Golden Idol","floor":4,"gold_loss":0}],"is_beta":false,"boss_relics":[],"items_purged_floors":[11],"is_endless":false,"potions_floor_spawned":[1,5,7],"killed_by":"Slime Boss","ascension_level":20}}