{"host":"tt3bp6ablwd4jl2y","time":1613847980,"event":{"mods":["BaseMod","Colored Map","Colored Powertips","Highlight Path","Minty Spire (QoL Compilation)","StSLib","Synergy Search","ojb\u0027s Info Mod"],"gold_per_floor":[118,118,135,135,135,162,162,162,189,201,201,218,218,218],"floor_reached":13,"language":"ENG","playtime":878,"items_purged":[],"score":83,"play_id":"4b24304a-0106-4965-be9e-7a79663b46cf","local_time":"20210220140620","is_ascension_mode":false,"campfire_choices":[{"floor":7,"key":"REST"},{"floor":11,"key":"REST"}],"circlet_count":0,"master_deck":["Strike_G","Strike_G","Strike_G","Defend_G","Defend_G","Defend_G","Defend_G","Survivor","Neutralize","Riddle With Holes","PiercingWail","Outmaneuver","Flying Knee","PiercingWail"],"relics":["Ring of the Snake","Strawberry","Bag of Marbles","Blood Vial","Lantern"],"acts_visited":["Exordium"],"potions_floor_usage":[6,13,13],"damage_taken":[{"damage":0,"enemies":"Small Slimes","floor":1,"turns":3},{"damage":5,"enemies":"Jaw Worm","floor":3,"turns":4},{"damage":36,"enemies":"Lagavulin","floor":6,"turns":12},{"damage":0,"enemies":"2 Louse","floor":10,"turns":2},{"damage":7,"enemies":"Large Slime","floor":12,"turns":8},{"damage":49,"enemies":"Gremlin Nob","floor":13,"turns":5}],"seed_played":"1505326450577693434","potions_obtained":[{"floor":3,"key":"BlessingOfTheForge"},{"floor":10,"key":"Strength Potion"},{"floor":12,"key":"Weak Potion"}],"is_trial":false,"path_per_floor":["M","?","M","?","?","E","R","T","T","M","R","M","E"],"character_chosen":"THE_SILENT","items_purchased":[],"campfire_rested":2,"item_purchase_floors":[],"current_hp_per_floor":[49,49,44,37,37,1,24,24,24,26,49,44,0,0],"gold":218,"neow_bonus":"REMOVE_TWO","is_daily":false,"chose_seed":false,"campfire_upgraded":0,"win_rate":0.0,"timestamp":1613847980,"path_taken":["M","?","M","?","?","E","R","?","T","M","R","M","E"],"items_purchased_type":[],"build_version":"2020-12-13","purchased_purges":0,"victory":false,"max_hp_per_floor":[70,77,77,77,77,77,77,77,77,77,77,77,77,77],"card_choices":[{"not_picked":["Deadly Poison","Blade Dance"],"picked":"Riddle With Holes","floor":1},{"not_picked":["Tactician","Underhanded Strike"],"picked":"PiercingWail","floor":3},{"not_picked":["Deadly Poison","Underhanded Strike"],"picked":"Outmaneuver","floor":6},{"not_picked":["Poisoned Stab","Cloak And Dagger"],"picked":"Flying Knee","floor":10},{"not_picked":["Quick Slash","Dodge and Roll"],"picked":"PiercingWail","floor":12}],"player_experience":35611,"relics_obtained":[{"floor":6,"key":"Bag of Marbles"},{"floor":8,"key":"Blood Vial"},{"floor":9,"key":"Lantern"}],"event_choices":[{"damage_healed":0,"gold_gain":0,"player_choice":"Success","damage_taken":7,"relics_obtained":["Strawberry"],"max_hp_gain":0,"max_hp_loss":0,"event_name":"Scrap Ooze","floor":2,"gold_loss":0},{"cards_removed":["Strike_G"],"damage_healed":0,"gold_gain":0,"player_choice":"Card Removal","damage_taken":7,"max_hp_gain":0,"max_hp_loss":0,"event_name":"Golden Wing","floor":4,"gold_loss":0},{"damage_healed":0,"gold_gain":0,"player_choice":"Ignored","damage_taken":0,"max_hp_gain":0,"max_hp_loss":0,"event_name":"Golden Idol","floor":5,"gold_loss":0}],"is_beta":false,"boss_relics":[],"items_purged_floors":[],"is_endless":false,"potions_floor_spawned":[3,10,12],"killed_by":"Gremlin Nob","ascension_level":0}}