{"host":"0g75o2kccvalhtva","time":1613858359,"event":{"mods":["BaseMod","BetterRewards","Downfall","GungeonMod","Hubris","Infinite Spire","Minty Spire (QoL Compilation)","Replay The Spire","StSLib","SuperFastMode"],"gold_per_floor":[112,112,112,137,153,153,185,185,185,205,231,247,279,307,307,423,423,455,455,455,481,481,499,499],"floor_reached":23,"language":"ENG","playtime":671,"items_purged":[],"score":395,"play_id":"33278515-5264-494e-baf8-1f92f8ee2113","local_time":"20210220225919","is_ascension_mode":true,"campfire_choices":[{"data":"Bash","floor":6,"key":"SMITH"},{"data":"Flex","floor":15,"key":"SMITH"}],"circlet_count":0,"master_deck":["Strike_R","Strike_R","Strike_R","Strike_R","Strike_R","Defend_R","Bash+1","Flex+1","Flex","Limit Break","infinitespire:Menacing"],"relics":["Burning Blood","DemoMod:Relodestone","Torii","Iron Hammer","hubris:Icosahedron","Toy Ornithopter","Blood Vial","DemoMod:OrangeGuonStone","King of Hearts","Replay:Bandana","bronze:MakeshiftBattery","hubris:FunFungus","Replay:Blank Codex"],"acts_visited":["Exordium","TheCity"],"potions_floor_usage":[16,23,23,23],"damage_taken":[{"damage":1,"enemies":"Small Slimes","floor":1,"turns":3},{"damage":6,"enemies":"2 Louse","floor":5,"turns":2},{"damage":6,"enemies":"Gremlin Nob","floor":7,"turns":3},{"damage":10,"enemies":"Jaw Worm","floor":10,"turns":2},{"damage":23,"enemies":"Lagavulin","floor":11,"turns":4},{"damage":0,"enemies":"Exordium Wildlife","floor":12,"turns":2},{"damage":20,"enemies":"3 Sentries","floor":13,"turns":6},{"damage":0,"enemies":"Blue Slaver","floor":14,"turns":2},{"damage":0,"enemies":"Fading Forest","floor":16,"turns":11},{"damage":20,"enemies":"2 Thieves","floor":18,"turns":4},{"damage":10,"enemies":"Shell Parasite","floor":21,"turns":3},{"damage":71,"enemies":"Gremlin Leader","floor":23,"turns":5}],"seed_played":"-5288406179944241234","potions_obtained":[{"floor":1,"key":"Elixir"},{"floor":7,"key":"Venom Potion"},{"floor":11,"key":"Elixir"},{"floor":18,"key":"Adrenaline Potion"}],"is_trial":false,"path_per_floor":["M","?","?","T","M","R","E","?","T","M","E","M","E","M","R","B",null,"M","AVR","?","M","?","E"],"character_chosen":"IRONCLAD","items_purchased":["DemoMod:Relodestone","Torii"],"campfire_rested":0,"item_purchase_floors":[0,0],"current_hp_per_floor":[69,62,62,62,62,62,62,62,62,60,45,53,41,49,49,62,80,66,66,66,64,48,0,0],"gold":499,"neow_bonus":"","is_daily":false,"chose_seed":false,"campfire_upgraded":2,"win_rate":0.0,"timestamp":1613858359,"path_taken":["M","?","?","?","?","R","E","?","T","M","E","M","E","M","R","BOSS","M","AVR","?","?","?","E"],"items_purchased_type":["Relic","Relic"],"build_version":"2020-12-22","purchased_purges":0,"victory":false,"max_hp_per_floor":[80,80,80,80,80,80,80,80,80,80,80,80,80,80,80,80,80,80,80,80,80,80,80,80],"card_choices":[{"not_picked":["Havoc","ReplayTheSpireMod:Limb From Limb","DemoMod:BlackBlade"],"picked":"SKIP","floor":1},{"not_picked":["Wild Strike","Sentinel","ReplayTheSpireMod:Strike From Hell"],"picked":"SKIP","floor":5},{"not_picked":["Blood for Blood","Clothesline","Havoc"],"picked":"SKIP","floor":7},{"not_picked":["Replay:Undeath\u0027s Touch","Hemogenesis"],"picked":"Flex","floor":10},{"not_picked":["Headbutt","Inflame","Sentinel"],"picked":"SKIP","floor":11},{"not_picked":["Metallicize","Hemokinesis","Replay:Undeath\u0027s Touch"],"picked":"SKIP","floor":12},{"not_picked":["Run Through","Replay:Undeath\u0027s Touch"],"picked":"Flex","floor":13},{"not_picked":["Feel No Pain","Dropkick","Demonic Infusion"],"picked":"SKIP","floor":14},{"not_picked":["Fiend Fire","Hemogenesis"],"picked":"Limit Break","floor":16},{"not_picked":["True Grit+1","hubris:ReadiedAction","Sword Boomerang"],"picked":"SKIP","floor":18},{"not_picked":["Run Through","Thunderclap","Wild Strike+1"],"picked":"SKIP","floor":21}],"player_experience":17824,"relics_obtained":[{"floor":4,"key":"Toy Ornithopter"},{"floor":7,"key":"Blood Vial"},{"floor":9,"key":"DemoMod:OrangeGuonStone"},{"floor":11,"key":"King of Hearts"},{"floor":13,"key":"Replay:Bandana"},{"floor":22,"key":"Replay:Blank Codex"}],"event_choices":[{"cards_removed":["Defend_R"],"damage_healed":0,"gold_gain":0,"player_choice":"Card Removal","damage_taken":7,"max_hp_gain":0,"max_hp_loss":0,"event_name":"Golden Wing","floor":2,"gold_loss":0},{"cards_removed":["Defend_R"],"damage_healed":0,"gold_gain":0,"player_choice":"Purged","damage_taken":0,"max_hp_gain":0,"max_hp_loss":0,"event_name":"Purifier","floor":20,"gold_loss":0},{"damage_healed":0,"gold_gain":0,"player_choice":"Obtained Book","damage_taken":16,"max_hp_gain":0,"max_hp_loss":0,"event_name":"Cursed Tome","floor":22,"gold_loss":0}],"is_beta":false,"boss_relics":[{"not_picked":["Snecko Eye","Ring of Chaos"],"picked":"bronze:MakeshiftBattery"}],"items_purged_floors":[],"is_endless":false,"potions_floor_spawned":[1,7,11,18],"killed_by":"Gremlin Leader","ascension_level":2}}