{"host":"np4f5reu8f2vit8r","time":1613801715,"event":{"mods":["BaseMod","Bestiary","Curses Come First","Minty Spire (QoL Compilation)","Permanent Neow","Relic Stats","StSLib"],"gold_per_floor":[119,134,4,4,24,24,59,75,100,100,100],"floor_reached":10,"language":"ENG","playtime":311,"items_purged":["Strike_G"],"score":136,"play_id":"6d66a6b1-de07-41c4-a2a3-52d5c3e882ae","local_time":"20210220191515","is_ascension_mode":true,"campfire_choices":[{"data":"Blade Dance","floor":6.0,"key":"SMITH"}],"circlet_count":0,"master_deck":["AscendersBane","Strike_G","Strike_G","Strike_G","Strike_G","Defend_G","Defend_G","Defend_G","Defend_G","Defend_G","Survivor","Neutralize","Blade Dance+1","Footwork","Quick Slash","Endless Agony"],"relics":["Coffee Dripper","Golden Idol","Strawberry","Smiling Mask"],"acts_visited":["Exordium"],"potions_floor_usage":[10],"damage_taken":[{"damage":7.0,"enemies":"Small Slimes","floor":1.0,"turns":3.0},{"damage":7.0,"enemies":"Jaw Worm","floor":2.0,"turns":5.0},{"damage":4.0,"enemies":"2 Louse","floor":5.0,"turns":3.0},{"damage":4.0,"enemies":"Lagavulin","floor":7.0,"turns":6.0},{"damage":15.0,"enemies":"Exordium Wildlife","floor":8.0,"turns":4.0},{"damage":37,"enemies":"Gremlin Nob","floor":10,"turns":4}],"seed_played":"5722389483549572617","potions_obtained":[{"floor":2.0,"key":"PowerPotion"},{"floor":8,"key":"Energy Potion"}],"is_trial":false,"path_per_floor":["M","M","$","?","M","R","E","M","T","E"],"character_chosen":"THE_SILENT","items_purchased":["SteroidPotion"],"campfire_rested":0,"item_purchase_floors":[3],"current_hp_per_floor":[52,45,45,45,41,41,44,29,29,0,0],"gold":100,"neow_bonus":"BOSS_RELIC","is_daily":false,"chose_seed":false,"campfire_upgraded":1,"win_rate":0.0,"timestamp":1613801715,"path_taken":["M","M","$","?","M","R","E","M","T","E"],"items_purchased_type":["Potion"],"build_version":"2020-12-22","purchased_purges":1,"victory":false,"max_hp_per_floor":[66,66,66,60,60,60,67,67,67,67,67],"relic_stats":{"counters":[6,25],"Golden Idol":17,"Smiling Mask":0,"obtain_stats":[{"Golden Idol":4,"Strawberry":7,"Coffee Dripper":0,"Smiling Mask":9,"Ring of the Snake":0},{"Golden Idol":2,"Strawberry":4,"Coffee Dripper":0,"Smiling Mask":5,"Ring of the Snake":0},{"Golden Idol":8,"Strawberry":17,"Coffee Dripper":0,"Smiling Mask":21,"Ring of the Snake":0}]},"card_choices":[{"not_picked":["Finisher","Underhanded Strike"],"picked":"Blade Dance","floor":1.0},{"not_picked":["Noxious Fumes","PiercingWail"],"picked":"Footwork","floor":2.0},{"not_picked":["Bane","Infinite Blades"],"picked":"Quick Slash","floor":5.0},{"not_picked":["Masterful Stab","Deflect"],"picked":"Endless Agony","floor":7.0},{"not_picked":["Backstab","Slice","Quick Slash"],"picked":"SKIP","floor":8},{"not_picked":["Backstab","Slice","Quick Slash"],"picked":"SKIP","floor":8}],"player_experience":959978,"relics_obtained":[{"floor":7.0,"key":"Strawberry"},{"floor":9,"key":"Smiling Mask"}],"event_choices":[{"damage_healed":0.0,"max_hp_gain":0.0,"max_hp_loss":6.0,"gold_gain":0.0,"event_name":"Golden Idol","player_choice":"Lose Max HP","floor":4.0,"gold_loss":0.0,"damage_taken":0.0,"relics_obtained":["Golden Idol"]}],"is_beta":false,"boss_relics":[],"items_purged_floors":[3],"is_endless":false,"potions_floor_spawned":[2,8],"killed_by":"Gremlin Nob","ascension_level":20}}