{"host":"6dypmz777xraikqf","time":1613845917,"event":{"mods":["AchievementEnabler","BaseMod","BetterRewards","Colored Map","Colored Powertips","Downfall","Highlight Path","Hubris","Infinite Spire","Minty Spire (QoL Compilation)","Replay The Spire","StSLib"],"gold_per_floor":[119,131,131,131,406,406,424,453,476,476,476,476,17,29,29,47,47,150,150,169,269,282,207,207,238,238,270,270,286,3,18,43,53,53,158,158,173,183,198,198,198,198],"floor_reached":41,"language":"ENG","playtime":2370,"items_purged":["Regret","Strike_P"],"score":631,"play_id":"91c1a74d-830c-420f-8f7b-8b81eac3145b","local_time":"20210220183157","is_ascension_mode":true,"campfire_choices":[{"data":"FlyingSleeves","floor":6,"key":"SMITH"},{"floor":10,"key":"REST"},{"floor":15,"key":"REST"},{"floor":26,"key":"REST"},{"data":"infinitespire:Execution","floor":34,"key":"SMITH"}],"circlet_count":0,"master_deck":["Strike_P","Strike_P","Defend_P","Defend_P","Defend_P","Defend_P","Eruption+1","Vigilance","Replay:BluntJabs","Wireheading","FlyingSleeves+1","WindmillStrike","Indignation","ClearTheMind","Wireheading+1","Prostrate","MentalFortress","Scrawl","FlurryOfBlows","infinitespire:Collect","infinitespire:Execution+1","Perseverance","Halt+1","TalkToTheHand","SandsOfTime","MentalFortress","Nirvana","Nirvana+1","Sanctity+1","Brilliance","JustLucky+1","WaveOfTheHand","Meditate+1"],"relics":["PureWater","hubris:SlimyHat","Bird Faced Urn","Pet Ghost","InkBottle","Painkiller Herb","infinitespire:FocusingShard","Replay:Wanted Poster","Regal Pillow","Lantern","MealTicket","Shuriken","hubris:EmptyBottle","Mirror","Replay:Bronze Core"],"acts_visited":["Exordium","TheCity","TheBeyond"],"potions_floor_usage":[20,25,25,32,32,32,35,35,38,38,38,41],"damage_taken":[{"damage":0,"enemies":"Small Slimes","floor":1,"turns":4},{"damage":4,"enemies":"Jaw Worm","floor":2,"turns":4},{"damage":0,"enemies":"Cultist","floor":7,"turns":1},{"damage":51,"enemies":"3 Sentries","floor":8,"turns":8},{"damage":18,"enemies":"Red Slaver","floor":14,"turns":5},{"damage":0,"enemies":"Large Slime","floor":16,"turns":4},{"damage":0,"enemies":"Slime Boss","floor":18,"turns":3},{"damage":24,"enemies":"3 Byrds","floor":20,"turns":5},{"damage":0,"enemies":"Spheric Guardian","floor":22,"turns":2},{"damage":40,"enemies":"Slavers","floor":25,"turns":6},{"damage":8,"enemies":"Book of Stabbing","floor":27,"turns":4},{"damage":5,"enemies":"Centurion and Healer","floor":29,"turns":3},{"damage":17,"enemies":"Shelled Parasite and Fungi","floor":31,"turns":4},{"damage":20,"enemies":"Slavers","floor":32,"turns":5},{"damage":4,"enemies":"Snake Plant","floor":33,"turns":5},{"damage":10,"enemies":"Champ","floor":35,"turns":4},{"damage":0,"enemies":"Orb Walker","floor":37,"turns":3},{"damage":2,"enemies":"3 Darklings","floor":38,"turns":4},{"damage":38,"enemies":"Writhing Mass","floor":39,"turns":4},{"damage":68,"enemies":"Jaw Worm Horde","floor":41,"turns":3}],"seed_played":"-4251510437789279953","potions_obtained":[{"floor":8,"key":"Swift Potion"},{"floor":14,"key":"DuplicationPotion"},{"floor":16,"key":"BottledMiracle"},{"floor":18,"key":"Dexterity Potion"},{"floor":25,"key":"DistilledChaos"},{"floor":29,"key":"SteroidPotion"},{"floor":32,"key":"LiquidMemories"},{"floor":33,"key":"PowerPotion"},{"floor":39,"key":"Strength Potion"}],"is_trial":false,"path_per_floor":["M","M","?","?","?","R","M","E","T","R","PTL","PTL","$","M","R","M","R_BF","B",null,"?","AVR","?","?","?","E","T","E","T","?","T","?","E","?","T","B",null,"?","?","?","T","?"],"character_chosen":"WATCHER","items_purchased":["ClearTheMind","Wireheading","InkBottle","MentalFortress","hubris:EmptyBottle","SteroidPotion"],"campfire_rested":3,"item_purchase_floors":[13,13,13,30,30,30],"current_hp_per_floor":[72,68,68,68,68,68,68,17,17,38,38,38,38,24,45,45,66,70,72,50,50,52,52,52,18,54,52,52,53,68,55,45,53,53,59,72,72,72,42,57,0,0],"gold":198,"neow_bonus":"","is_daily":false,"chose_seed":false,"campfire_upgraded":2,"win_rate":0.0,"timestamp":1613845917,"path_taken":["M","M","?","?","?","R","?","E","T","R","PTL","PTL","$","M","R","M","R_BF","BOSS","?","AVR","?","?","?","E","T","E","T","?","?","?","E","?","T","BOSS","?","?","?","T","?"],"items_purchased_type":["Card","Card","Relic","Card","Relic","Potion"],"build_version":"2020-12-22","purchased_purges":2,"victory":false,"max_hp_per_floor":[72,72,72,72,72,72,72,72,72,72,72,72,72,72,72,72,72,72,72,72,72,72,72,72,72,72,72,72,72,72,72,72,72,72,72,72,72,72,72,72,72,72],"card_choices":[{"not_picked":["Halt","Replay:ManipulateFuture"],"picked":"Wireheading","floor":1},{"not_picked":["Replay:AtTheReady","EmptyFist"],"picked":"FlyingSleeves","floor":2},{"not_picked":["Consecrate","EmptyFist"],"picked":"WindmillStrike","floor":7},{"not_picked":["Replay:ManipulateFuture","PathToVictory"],"picked":"Indignation","floor":8},{"not_picked":["Replay:Anticipation","EmptyBody"],"picked":"Prostrate","floor":14},{"not_picked":["Evaluate","LikeWater"],"picked":"MentalFortress","floor":16},{"not_picked":["LessonLearned","Ragnarok"],"picked":"Scrawl","floor":18},{"not_picked":["PathToVictory","Replay:BluntJabs"],"picked":"FlurryOfBlows","floor":20},{"not_picked":["Replay:Anticipation","EmptyFist"],"picked":"Perseverance","floor":22},{"not_picked":["LikeWater","Consecrate"],"picked":"Halt+1","floor":25},{"not_picked":["Replay:DivineShield","Halt"],"picked":"TalkToTheHand","floor":27},{"not_picked":["Replay:ManipulateFuture","Prostrate"],"picked":"SandsOfTime","floor":29},{"not_picked":["FearNoEvil","TalkToTheHand"],"picked":"Nirvana","floor":31},{"not_picked":["Alpha","CrushJoints"],"picked":"Nirvana+1","floor":32},{"not_picked":["EmptyMind","CrushJoints"],"picked":"Sanctity+1","floor":33},{"not_picked":["Ragnarok","Replay:AllIn"],"picked":"Brilliance","floor":35},{"not_picked":["WreathOfFlame","PathToVictory"],"picked":"JustLucky+1","floor":37},{"not_picked":["Crescendo","WheelKick"],"picked":"WaveOfTheHand","floor":38},{"not_picked":["Replay:BluntJabs+1","FlyingSleeves+1"],"picked":"Meditate+1","floor":39}],"player_experience":276401,"relics_obtained":[{"floor":3,"key":"hubris:SlimyHat"},{"floor":8,"key":"Bird Faced Urn"},{"floor":9,"key":"Pet Ghost"},{"floor":24,"key":"Regal Pillow"},{"floor":25,"key":"Lantern"},{"floor":27,"key":"MealTicket"},{"floor":28,"key":"Shuriken"},{"floor":32,"key":"Mirror"}],"event_choices":[{"damage_healed":0,"gold_gain":0,"player_choice":"Grow","damage_taken":0,"max_hp_gain":0,"max_hp_loss":0,"event_name":"Living Wall","floor":4,"gold_loss":0,"cards_upgraded":["Eruption"]},{"damage_healed":0,"gold_gain":275,"player_choice":"Desecrate","damage_taken":0,"max_hp_gain":0,"max_hp_loss":0,"event_name":"Golden Shrine","floor":5,"gold_loss":0,"cards_obtained":["Regret"]},{"cards_removed":["Strike_P"],"damage_healed":0,"gold_gain":0,"player_choice":"Gave Gold","damage_taken":0,"max_hp_gain":0,"max_hp_loss":0,"event_name":"Beggar","floor":23,"gold_loss":75},{"damage_healed":0,"gold_gain":0,"player_choice":"Relic","damage_taken":0,"max_hp_gain":0,"max_hp_loss":0,"event_name":"Wheel of Change","floor":24,"gold_loss":0}],"is_beta":false,"boss_relics":[{"not_picked":["Philosopher\u0027s Stone","Coffee Dripper"],"picked":"Painkiller Herb"},{"not_picked":["Replay:Ancient Bell","Velvet Choker"],"picked":"Replay:Bronze Core"}],"items_purged_floors":[13,21],"is_endless":false,"potions_floor_spawned":[8,14,16,18,25,29,32,33,39],"killed_by":"Jaw Worm Horde","ascension_level":4}}