{"host":"0fm1w3v00gid44jl","time":1613843570,"event":{"mods":["AchievementEnabler","BaseMod","Colored Map","Colored Powertips","Displayed Cursed Tome","Downfall","Googly Eyes","Highlight Path","Minty Spire (QoL Compilation)","Permanent Neow","Relic Stats","StSLib","SuperFastMode","slay the spire mod where everything is the same but ironclad has a cowboy hat"],"gold_per_floor":[99,114,114,23,23,8,33,60,60,79,79,107,7,27,39,143,143,43,61,86,86,99,99,124,124,150,150,175,15,32,42,55,152,152,152,172,189,189,41,67,67,117,146,146,146,46,77,89,106,106,106,145,16,16,16,16,16,16],"floor_reached":56,"language":"ENG","playtime":32948,"items_purged":[],"score":886,"play_id":"816e468c-e799-4a69-a7a9-75882140a6a2","local_time":"20210220115250","daily_mods":["SealedDeck"],"is_ascension_mode":false,"campfire_choices":[{"data":"bronze:ClassDefault","floor":1.0,"key":"SMITH"},{"data":"bronze:Break","floor":9.0,"key":"SMITH"},{"data":"bronze:Terminator","floor":11.0,"key":"SMITH"},{"floor":13.0,"key":"RECALL"},{"data":"bronze:BugBarrage","floor":18,"key":"SMITH"},{"data":"bronze:BugBarrage","floor":23,"key":"SMITH"},{"data":"bronze:Repair","floor":35,"key":"SMITH"},{"data":"bronze:OilSpill","floor":46,"key":"SMITH"},{"data":"bronze:CleanCode","floor":54,"key":"SMITH"}],"circlet_count":0,"master_deck":["bronze:BugBarrage","bronze:Shield","bronze:Terminator+1","bronze:DelayedGuard","bronze:DelayedGuard","bronze:Frontload","bronze:Frontload","bronze:OilSpill","bronze:OilSpill+1","bronze:ClassDefault+1","bronze:ClassDefault","CurseOfTheBell","CurseOfTheBell","bronze:MaxOutput","bronze:Break+1","bronze:OilSpill","bronze:BugBarrage+1","bronze:BugBarrage+1","bronze:Mutator","bronze:WildBeam+1","bronze:Repulsor","bronze:Break+1","bronze:Repair+1","bronze:Flail+1","bronze:ItsAFeature","bronze:CleanCode+1","bronze:DelayedGuard","bronze:DelayedGuard+1","bronze:Iterate+1","bronze:ShipIt+1"],"relics":["bronze:BronzeCore","downfall:ExtraCursedBell","Akabeko","Mercury Hourglass","Lizard Tail","bronze:BottledCode","Pen Nib","Slimebound:PreparedRelic","downfall:HeartBlessingBlue","Philosopher\u0027s Stone","downfall:HeartBlessingRed","Vajra","Boot","Red Mask","MutagenicStrength","Molten Egg 2","Snecko Eye","bronze:BronzeIdol","Singing Bowl","Meat on the Bone","bronze:Mallet","CeramicFish","Bottled Tornado","downfall:HeartBlessingGreen","Gambling Chip","Orichalcum"],"acts_visited":["Exordium","TheCity","TheBeyond","TheEnding"],"potions_floor_usage":[56],"damage_taken":[{"damage":0.0,"enemies":"Small Slimes","floor":2.0,"turns":2.0},{"damage":0.0,"enemies":"downfall:FleeingMerchant","floor":4.0,"turns":4.0},{"damage":0.0,"enemies":"downfall:FleeingMerchant","floor":6.0,"turns":4.0},{"damage":15.0,"enemies":"3 Sentries","floor":8.0,"turns":4.0},{"damage":0.0,"enemies":"Jaw Worm","floor":10.0,"turns":1.0},{"damage":0.0,"enemies":"Lagavulin","floor":12.0,"turns":4.0},{"damage":0.0,"enemies":"2 Louse","floor":14.0,"turns":1.0},{"damage":0.0,"enemies":"Exordium Wildlife","floor":15.0,"turns":2.0},{"damage":20.0,"enemies":"SI_SHIV_ARCHETYPE","floor":16.0,"turns":5.0},{"damage":0,"enemies":"Shell Parasite","floor":19,"turns":1},{"damage":25,"enemies":"downfall:FleeingMerchant","floor":20,"turns":3},{"damage":0,"enemies":"Centurion and Healer","floor":22,"turns":2},{"damage":0,"enemies":"Masked Bandits","floor":26,"turns":2},{"damage":31,"enemies":"Slavers","floor":28,"turns":4},{"damage":0,"enemies":"Chosen and Byrds","floor":30,"turns":2},{"damage":0,"enemies":"Snake Plant","floor":31,"turns":1},{"damage":0,"enemies":"Shelled Parasite and Fungi","floor":32,"turns":1},{"damage":30,"enemies":"IC_MUSHROOM_ARCHETYPE","floor":33,"turns":5},{"damage":5,"enemies":"3 Shapes","floor":36,"turns":3},{"damage":0,"enemies":"Orb Walker","floor":37,"turns":1},{"damage":21,"enemies":"Reptomancer","floor":40,"turns":4},{"damage":22,"enemies":"2 Orb Walkers","floor":42,"turns":4},{"damage":0,"enemies":"Giant Head","floor":43,"turns":5},{"damage":10,"enemies":"Nemesis","floor":47,"turns":5},{"damage":1,"enemies":"Writhing Mass","floor":48,"turns":3},{"damage":6,"enemies":"4 Shapes","floor":49,"turns":1},{"damage":4,"enemies":"DF_ARCHETYPE_ORBS","floor":50,"turns":4},{"damage":43,"enemies":"downfall:CharBossMerchant","floor":52,"turns":5},{"damage":18,"enemies":"downfall:NeowBoss","floor":55,"turns":8},{"damage":120,"enemies":"downfall:NeowBossFinal","floor":56,"turns":5}],"seed_played":"-6402126273319932497","potions_obtained":[{"floor":2.0,"key":"SteroidPotion"},{"floor":8.0,"key":"LiquidMemories"},{"floor":12.0,"key":"GamblersBrew"},{"floor":19,"key":"Strength Potion"}],"is_trial":true,"path_per_floor":["R","M","?","$","?","$","T","E","R","M","R","E","R","M","M","B",null,"R","M","$","?","M","R","T","?","?","?","E","$","M","M","M","B",null,"R","M","M","?","?","E","T","?","E","T","$","R","E","M","M","B",null,"E","$","R","B","B"],"character_chosen":"THE_AUTOMATON","items_purchased":["bronze:MaxOutput","Vajra","bronze:Mutator","bronze:Break+1","bronze:BronzeIdol","bronze:ShipIt+1"],"campfire_rested":0,"item_purchase_floors":[4,20,20,29,39,53],"current_hp_per_floor":[70,70,70,70,60,60,60,45,45,45,45,45,55,55,55,35,70,70,70,45,68,68,68,68,68,68,68,37,37,37,37,37,14,70,70,65,65,65,65,51,51,41,53,53,53,53,57,68,74,78,82,51,51,51,43,0,0,0],"gold":16,"neow_bonus":"","is_daily":false,"chose_seed":false,"campfire_upgraded":8,"win_rate":0.0,"timestamp":1613843570,"path_taken":["R","M","?","$","?","$","T","E","R","M","R","E","R","M","M","BOSS","R","M","$","?","M","R","T","?","?","?","E","$","M","M","M","BOSS","R","M","M","?","?","E","T","?","E","?","$","R","E","M","M","BOSS","E","$","R","BOSS","BOSS"],"items_purchased_type":["Card","Relic","Card","Card","Relic","Card"],"build_version":"2020-12-22","purchased_purges":0,"victory":false,"max_hp_per_floor":[70,70,70,70,60,60,60,60,60,60,60,60,70,70,70,70,70,70,70,70,70,70,70,70,70,70,70,70,70,70,70,70,70,70,70,70,70,70,70,72,72,74,76,76,76,76,78,80,82,82,82,82,82,82,82,82,82,82],"relic_stats":{"Lizard Tail":41,"Singing Bowl":12,"counters":[30,96],"CeramicFish":18,"Gambling Chip":[32],"Snecko Eye":[132,98,122,112],"Pen Nib":[18],"Orichalcum":[18],"Boot":[29],"obtain_stats":[{"bronze:BronzeCore":0,"Singing Bowl":40,"CeramicFish":43,"Vajra":20,"downfall:HeartBlessingGreen":46,"bronze:Mallet":42,"Bottled Tornado":44,"Boot":24,"Lizard Tail":3,"downfall:HeartBlessingBlue":13,"Gambling Chip":47,"Philosopher\u0027s Stone":17,"Red Mask":26,"downfall:ExtraCursedBell":3,"downfall:HeartBlessingRed":18,"Pen Nib":8,"Orichalcum":52,"Akabeko":3,"Mercury Hourglass":3,"bronze:BronzeIdol":39,"bronze:BottledCode":5,"MutagenicStrength":27,"Snecko Eye":34,"Molten Egg 2":28,"Slimebound:PreparedRelic":12,"Meat on the Bone":41},{"bronze:BronzeCore":0,"Singing Bowl":21,"CeramicFish":23,"Vajra":11,"downfall:HeartBlessingGreen":23,"bronze:Mallet":22,"Bottled Tornado":23,"Boot":12,"Lizard Tail":1,"downfall:HeartBlessingBlue":6,"Gambling Chip":24,"Philosopher\u0027s Stone":9,"Red Mask":13,"downfall:ExtraCursedBell":1,"downfall:HeartBlessingRed":9,"Pen Nib":4,"Orichalcum":28,"Akabeko":1,"Mercury Hourglass":1,"bronze:BronzeIdol":20,"bronze:BottledCode":2,"MutagenicStrength":13,"Snecko Eye":18,"Molten Egg 2":14,"Slimebound:PreparedRelic":6,"Meat on the Bone":21},{"bronze:BronzeCore":0,"Singing Bowl":56,"CeramicFish":65,"Vajra":31,"downfall:HeartBlessingGreen":65,"bronze:Mallet":60,"Bottled Tornado":65,"Boot":33,"Lizard Tail":2,"downfall:HeartBlessingBlue":19,"Gambling Chip":70,"Philosopher\u0027s Stone":27,"Red Mask":35,"downfall:ExtraCursedBell":2,"downfall:HeartBlessingRed":27,"Pen Nib":14,"Orichalcum":83,"Akabeko":2,"Mercury Hourglass":2,"bronze:BronzeIdol":52,"bronze:BottledCode":6,"MutagenicStrength":35,"Snecko Eye":48,"Molten Egg 2":39,"Slimebound:PreparedRelic":19,"Meat on the Bone":56}],"Mercury Hourglass":[300],"Meat on the Bone":12},"card_choices":[{"not_picked":["bronze:CloningBeam","bronze:DelayedGuard"],"picked":"bronze:ClassDefault","floor":2.0},{"not_picked":["bronze:NullPointer","bronze:BuggyMess","bronze:Philosophize"],"picked":"SKIP","floor":4.0},{"not_picked":["bronze:FineTuning","bronze:Constructor"],"picked":"bronze:Break","floor":6.0},{"not_picked":["bronze:Shield","bronze:Safeguard"],"picked":"bronze:OilSpill","floor":8.0},{"not_picked":["bronze:Deprecate","bronze:Invalidate","bronze:OilSpill"],"picked":"SKIP","floor":10.0},{"not_picked":["bronze:FollowUp","bronze:Assembly"],"picked":"bronze:InfiniteBeams","floor":12.0},{"not_picked":["bronze:Deprecate","bronze:OilSpill"],"picked":"bronze:BugBarrage","floor":14.0},{"not_picked":["bronze:DelayedGuard","bronze:DarkDash"],"picked":"bronze:BugBarrage","floor":15.0},{"not_picked":["bronze:BitShift","bronze:Refactor","bronze:Turbo"],"picked":"SKIP","floor":19},{"not_picked":["bronze:Shield+1","bronze:CutThrough","bronze:WhirlingStrike"],"picked":"SKIP","floor":20},{"not_picked":["bronze:Invalidate+1","bronze:Shield"],"picked":"bronze:WildBeam+1","floor":22},{"not_picked":["bronze:BronzeArmor","bronze:Separator"],"picked":"bronze:Repulsor","floor":26},{"not_picked":["bronze:WhirlingStrike+1","bronze:ForLoop","bronze:BuggyMess"],"picked":"SKIP","floor":28},{"not_picked":["bronze:Shield","bronze:WhirlingStrike+1"],"picked":"bronze:Repair","floor":30},{"not_picked":["bronze:Separator+1","bronze:DelayedGuard"],"picked":"bronze:Flail+1","floor":31},{"not_picked":["bronze:BugBarrage+1","bronze:Branch+1"],"picked":"bronze:ItsAFeature","floor":32},{"not_picked":["bronze:Mutator","bronze:Break+1"],"picked":"bronze:CleanCode","floor":33},{"not_picked":["bronze:Overheat+1","bronze:CutThrough+1"],"picked":"bronze:DelayedGuard","floor":36},{"not_picked":["bronze:Return","bronze:BitShift+1"],"picked":"bronze:DelayedGuard+1","floor":37},{"not_picked":["bronze:Format","bronze:BitShift+1","bronze:BugBarrage+1"],"picked":"Singing Bowl","floor":40},{"not_picked":["bronze:Shield+1","bronze:Overheat+1","bronze:DelayedGuard"],"picked":"Singing Bowl","floor":42},{"not_picked":["bronze:WhirlingStrike+1","bronze:DarkDash+1","bronze:Separator+1"],"picked":"Singing Bowl","floor":43},{"not_picked":["bronze:Frontload+1","bronze:BugBarrage+1","bronze:ForceShield"],"picked":"Singing Bowl","floor":47},{"not_picked":["bronze:WhirlingStrike+1","bronze:DelayedGuard","bronze:TinkerersToolbox"],"picked":"Singing Bowl","floor":48},{"not_picked":["bronze:Branch+1","bronze:Constructor","bronze:GetLatest"],"picked":"Singing Bowl","floor":49},{"not_picked":["bronze:FineTuning+1","bronze:BitShift+1"],"picked":"bronze:Iterate+1","floor":52}],"player_experience":1606976,"relics_obtained":[{"floor":3.0,"key":"Akabeko"},{"floor":3.0,"key":"Mercury Hourglass"},{"floor":3.0,"key":"Lizard Tail"},{"floor":8.0,"key":"Pen Nib"},{"floor":12.0,"key":"Slimebound:PreparedRelic"},{"floor":24,"key":"Boot"},{"floor":26,"key":"Red Mask"},{"floor":28,"key":"Molten Egg 2"},{"floor":40,"key":"Singing Bowl"},{"floor":41,"key":"Meat on the Bone"},{"floor":42,"key":"bronze:Mallet"},{"floor":43,"key":"CeramicFish"},{"floor":44,"key":"Bottled Tornado"},{"floor":47,"key":"Gambling Chip"},{"floor":52,"key":"Orichalcum"}],"event_choices":[{"damage_healed":23,"gold_gain":0,"player_choice":"Heal","damage_taken":0,"max_hp_gain":0,"max_hp_loss":0,"event_name":"The Library","floor":21,"gold_loss":0},{"damage_healed":0,"gold_gain":0,"player_choice":"Fought Bandits","damage_taken":0,"max_hp_gain":0,"max_hp_loss":0,"event_name":"Masked Bandits","floor":26,"gold_loss":0},{"damage_healed":0,"gold_gain":0,"player_choice":"Inject Mutagens","damage_taken":0,"relics_obtained":["MutagenicStrength"],"max_hp_gain":0,"max_hp_loss":0,"event_name":"Drug Dealer","floor":27,"gold_loss":0},{"cards_removed":["bronze:InfiniteBeams"],"damage_healed":0,"gold_gain":0,"player_choice":"Removed Power","damage_taken":0,"max_hp_gain":0,"max_hp_loss":0,"event_name":"Falling","floor":38,"gold_loss":0},{"damage_healed":0,"gold_gain":0,"player_choice":"Fight","damage_taken":0,"max_hp_gain":0,"max_hp_loss":0,"event_name":"Mysterious Sphere","floor":42,"gold_loss":0}],"is_beta":false,"boss_relics":[{"not_picked":["SacredBark","Astrolabe"],"picked":"Philosopher\u0027s Stone"},{"not_picked":["Runic Pyramid","bronze:MakeshiftBattery"],"picked":"Snecko Eye"}],"items_purged_floors":[],"is_endless":false,"potions_floor_spawned":[2,8,12,14,19,26,28,31,32,40,42,47,49,52],"killed_by":"downfall:NeowBossFinal","ascension_level":0}}