{"host":"uv5ws9rdk87e8i5k","time":1613799379,"event":{"mods":["AchievementEnabler","BaseMod","Colored Map","Minty Spire (QoL Compilation)","Permanent Neow","Quick Restart","StSLib","SuperFastMode","The Necromancer"],"gold_per_floor":[111,36,36,36,56,97,122,169,181,527,552,564,576,576],"floor_reached":13,"language":"ENG","playtime":241,"items_purged":["Shame"],"score":170,"play_id":"d0a4f3bf-5125-493c-9f91-a9ecb3531b39","local_time":"20210219233619","is_ascension_mode":true,"campfire_choices":[],"circlet_count":0,"master_deck":["AscendersBane","Strike_R","Strike_R","Strike_R","Defend_R","Defend_R","Defend_R","Bash","Havoc","Immolate","Infernal Blade","Finesse","Rage","Pommel Strike","Shrug It Off","Shockwave","Combust"],"relics":["Burning Blood","Golden Idol","MawBank","Bird Faced Urn","Darkstone Periapt","Old Coin"],"acts_visited":["Exordium"],"potions_floor_usage":[8,10,13],"damage_taken":[{"damage":7,"enemies":"Jaw Worm","floor":1,"turns":3},{"damage":9,"enemies":"2 Louse","floor":5,"turns":2},{"damage":14,"enemies":"3 Sentries","floor":6,"turns":3},{"damage":4,"enemies":"Cultist","floor":7,"turns":3},{"damage":15,"enemies":"Gremlin Nob","floor":8,"turns":4},{"damage":16,"enemies":"Lagavulin","floor":10,"turns":7},{"damage":16,"enemies":"Large Slime","floor":11,"turns":5},{"damage":9,"enemies":"Gremlin Nob","floor":13,"turns":3}],"seed_played":"-2472076552269363064","potions_obtained":[{"floor":6,"key":"SkillPotion"},{"floor":8,"key":"GamblersBrew"},{"floor":11,"key":"SpeedPotion"}],"is_trial":false,"path_per_floor":["M","$","?","?","M","E","M","E","T","E","M","?","E"],"character_chosen":"IRONCLAD","items_purchased":[],"campfire_rested":0,"item_purchase_floors":[],"current_hp_per_floor":[71,71,51,51,48,40,42,33,33,23,13,13,6,6],"gold":576,"neow_bonus":"TRANSFORM_TWO_CARDS","is_daily":false,"chose_seed":false,"campfire_upgraded":0,"win_rate":0.0,"timestamp":1613799379,"path_taken":["M","$","?","?","M","E","?","E","T","E","M","?","E"],"items_purchased_type":[],"build_version":"2020-12-22","purchased_purges":1,"victory":false,"max_hp_per_floor":[80,80,80,80,80,80,80,80,80,80,80,80,80,80],"card_choices":[{"not_picked":["Combust","Clash"],"picked":"Infernal Blade","floor":1},{"not_picked":["Thunderclap","Power Through"],"picked":"Rage","floor":5},{"not_picked":["Twin Strike","Disarm"],"picked":"Pommel Strike","floor":6},{"not_picked":["Bloodletting","Headbutt"],"picked":"Shrug It Off","floor":7},{"not_picked":["Iron Wave","Rampage"],"picked":"Shockwave","floor":8},{"not_picked":["Warcry","Flex","Wild Strike"],"picked":"SKIP","floor":10},{"not_picked":["Thunderclap","Heavy Blade"],"picked":"Combust","floor":11}],"player_experience":228360,"relics_obtained":[{"floor":6,"key":"MawBank"},{"floor":8,"key":"Bird Faced Urn"},{"floor":9,"key":"Darkstone Periapt"},{"floor":10,"key":"Old Coin"}],"event_choices":[{"damage_healed":0,"gold_gain":0,"player_choice":"Take Damage","damage_taken":20,"relics_obtained":["Golden Idol"],"max_hp_gain":0,"max_hp_loss":0,"event_name":"Golden Idol","floor":3,"gold_loss":0},{"damage_healed":0,"gold_gain":0,"player_choice":"1 cards matched","damage_taken":0,"max_hp_gain":0,"max_hp_loss":0,"event_name":"Match and Keep!","floor":4,"gold_loss":0,"cards_obtained":["Finesse"]},{"cards_removed":["Strike_R"],"damage_healed":0,"gold_gain":0,"player_choice":"Card Removal","damage_taken":0,"max_hp_gain":0,"max_hp_loss":0,"event_name":"Wheel of Change","floor":12,"gold_loss":0}],"is_beta":false,"boss_relics":[],"items_purged_floors":[2],"is_endless":false,"potions_floor_spawned":[6,8,11],"killed_by":"Gremlin Nob","ascension_level":13}}