{"host":"zdahj580pq9zy75i","time":1613835525,"event":{"mods":["BaseMod","Colored Map","Minty Spire (QoL Compilation)","StSLib"],"gold_per_floor":[109,120,120,120,45,45,79,95,95,124,124,124,142,172,172,172,172],"floor_reached":16,"language":"ENG","playtime":529,"items_purged":[],"score":286,"play_id":"2930c037-a9eb-4c32-8470-dc6b14849a79","local_time":"20210220103845","is_ascension_mode":true,"campfire_choices":[{"data":"Dark Embrace","floor":6,"key":"SMITH"},{"data":"Fiend Fire","floor":11,"key":"SMITH"},{"data":"1","floor":15,"key":"LIFT"}],"circlet_count":0,"master_deck":["AscendersBane","Strike_R","Strike_R","Strike_R","Defend_R","Defend_R","Defend_R","Defend_R","Bash","Dark Embrace+1","Sword Boomerang","Fiend Fire+1","True Grit","Twin Strike","Inflame+1"],"relics":["Burning Blood","NeowsBlessing","Juzu Bracelet","Bottled Tornado","CaptainsWheel","Frozen Egg 2","Girya","Dream Catcher"],"acts_visited":["Exordium"],"potions_floor_usage":[16],"damage_taken":[{"damage":0,"enemies":"2 Louse","floor":1,"turns":1},{"damage":0,"enemies":"Jaw Worm","floor":2,"turns":1},{"damage":0,"enemies":"Lagavulin","floor":7,"turns":1},{"damage":2,"enemies":"Cultist","floor":8,"turns":4},{"damage":21,"enemies":"3 Sentries","floor":10,"turns":12},{"damage":16,"enemies":"Large Slime","floor":13,"turns":7},{"damage":15,"enemies":"Lagavulin","floor":14,"turns":6},{"damage":42,"enemies":"Slime Boss","floor":16,"turns":9}],"seed_played":"568384866111844308","potions_obtained":[{"floor":1,"key":"Block Potion"},{"floor":13,"key":"Energy Potion"}],"is_trial":false,"path_per_floor":["M","M","?","T","?","R","E","M","T","E","R","?","M","E","R","B"],"character_chosen":"IRONCLAD","items_purchased":[],"campfire_rested":0,"item_purchase_floors":[],"current_hp_per_floor":[74,75,68,68,68,68,74,75,75,60,60,55,45,36,36,0,0],"gold":172,"neow_bonus":"THREE_ENEMY_KILL","is_daily":false,"chose_seed":false,"campfire_upgraded":2,"win_rate":0.0,"timestamp":1613835525,"path_taken":["M","M","?","?","?","R","E","M","T","E","R","?","M","E","R","BOSS"],"items_purchased_type":[],"build_version":"2020-12-22","purchased_purges":0,"victory":false,"max_hp_per_floor":[75,75,75,75,75,75,75,75,75,75,75,75,75,75,75,75,75],"card_choices":[{"not_picked":["Body Slam","Headbutt"],"picked":"Dark Embrace","floor":1},{"not_picked":["Bloodletting","Dark Embrace"],"picked":"Sword Boomerang","floor":2},{"not_picked":["Wild Strike","Clash"],"picked":"Fiend Fire","floor":7},{"not_picked":["Flex","Iron Wave"],"picked":"True Grit","floor":8},{"not_picked":["Headbutt","Sword Boomerang","True Grit"],"picked":"SKIP","floor":10},{"not_picked":["Headbutt","Warcry"],"picked":"Twin Strike","floor":13},{"not_picked":["Juggernaut+1","Wild Strike"],"picked":"Inflame+1","floor":14}],"player_experience":789074,"relics_obtained":[{"floor":4,"key":"Juzu Bracelet"},{"floor":7,"key":"Bottled Tornado"},{"floor":9,"key":"CaptainsWheel"},{"floor":10,"key":"Frozen Egg 2"},{"floor":14,"key":"Dream Catcher"}],"event_choices":[{"cards_removed":["Strike_R"],"damage_healed":0,"gold_gain":0,"player_choice":"Card Removal","damage_taken":7,"max_hp_gain":0,"max_hp_loss":0,"event_name":"Golden Wing","floor":3,"gold_loss":0},{"cards_removed":["Strike_R"],"damage_healed":0,"gold_gain":0,"player_choice":"Card Removal","damage_taken":0,"max_hp_gain":0,"max_hp_loss":0,"event_name":"The Cleric","floor":5,"gold_loss":75},{"damage_healed":0,"gold_gain":0,"player_choice":"Success","damage_taken":5,"relics_obtained":["Girya"],"max_hp_gain":0,"max_hp_loss":0,"event_name":"Scrap Ooze","floor":12,"gold_loss":0}],"is_beta":false,"boss_relics":[],"items_purged_floors":[],"is_endless":false,"potions_floor_spawned":[1,13,14],"killed_by":"Slime Boss","ascension_level":20}}