{"host":"bsgp9wgausrmthh2","time":1613788528,"event":{"mods":["AchievementEnabler","BaseMod","Colored Map","Downfall","Minty Spire (QoL Compilation)","StSLib"],"gold_per_floor":[115,29,29,4,16,16,35,45,45,45,77,10,10,37,37,136,136,149,164,164,184,202,202,213,232,232,243,243,259,259,184,184,281,281,292,292,148,202,216,216,216,216,241,191,206,217,235,185,185,185,185,185,63,63,63],"floor_reached":54,"language":"ENG","playtime":4582,"items_purged":["Writhe","Doubt","Strike_B","Strike_B"],"score":614,"play_id":"36999f74-b7b1-4194-85d4-3c3c2f718848","local_time":"20210219213528","is_ascension_mode":false,"campfire_choices":[{"floor":6.0,"key":"RECALL"},{"floor":15,"key":"REST"},{"data":"Creative AI","floor":23,"key":"SMITH"},{"floor":28,"key":"REST"},{"floor":32,"key":"REST"},{"floor":40,"key":"REST"},{"data":"Streamline","floor":42,"key":"SMITH"},{"data":"Creative AI","floor":49,"key":"SMITH"},{"data":"Leap","floor":52,"key":"SMITH"}],"circlet_count":0,"master_deck":["Strike_B","Strike_B","Defend_B","Defend_B","Defend_B","Defend_B","Zap","Dualcast","Coolheaded","FTL","Leap","Conserve Battery","Steam","Melter","Turbo","Redo","Core Surge","Double Energy","Creative AI+1","Sweeping Beam","Turbo+1","Stack+1","White Noise+1","Echo Form","Streamline+1","Leap+1","Hologram+1","Creative AI+1","Beam Cell+1","Leap","Sweeping Beam","Glacier","Compile Driver","BootSequence"],"relics":["Cracked Core","NeowsBlessing","Du-Vu Doll","Symbiotic Virus","Odd Mushroom","Sozu","Bird Faced Urn","Juzu Bracelet","bronze:MakeshiftBattery","StoneCalendar","Smiling Mask"],"acts_visited":["Exordium","TheCity","TheBeyond","TheEnding"],"potions_floor_usage":[],"damage_taken":[{"damage":0.0,"enemies":"2 Louse","floor":1.0,"turns":1.0},{"damage":0.0,"enemies":"Small Slimes","floor":5.0,"turns":1.0},{"damage":0.0,"enemies":"Jaw Worm","floor":7.0,"turns":1.0},{"damage":0.0,"enemies":"Looter","floor":8.0,"turns":4.0},{"damage":35.0,"enemies":"Lagavulin","floor":11.0,"turns":8.0},{"damage":10,"enemies":"The Mushroom Lair","floor":14,"turns":3},{"damage":24,"enemies":"Hexaghost","floor":16,"turns":13},{"damage":0,"enemies":"Spheric Guardian","floor":18,"turns":2},{"damage":5,"enemies":"Chosen","floor":19,"turns":4},{"damage":11,"enemies":"Snecko","floor":21,"turns":6},{"damage":14,"enemies":"Centurion and Healer","floor":22,"turns":6},{"damage":24,"enemies":"Chosen and Byrds","floor":24,"turns":7},{"damage":16,"enemies":"Shelled Parasite and Fungi","floor":25,"turns":7},{"damage":14,"enemies":"Centurion and Healer","floor":27,"turns":5},{"damage":47,"enemies":"Snake Plant","floor":29,"turns":5},{"damage":34,"enemies":"Collector","floor":33,"turns":10},{"damage":17,"enemies":"Orb Walker","floor":35,"turns":5},{"damage":53,"enemies":"2 Orb Walkers","floor":38,"turns":6},{"damage":45,"enemies":"3 Darklings","floor":39,"turns":7},{"damage":55,"enemies":"Jaw Worm Horde","floor":45,"turns":5},{"damage":11,"enemies":"Maw","floor":46,"turns":11},{"damage":2,"enemies":"Transient","floor":47,"turns":5},{"damage":85,"enemies":"Awakened One","floor":50,"turns":13},{"damage":97,"enemies":"Shield and Spear","floor":54,"turns":6}],"seed_played":"2235226413439930614","potions_obtained":[{"floor":5.0,"key":"GamblersBrew"},{"floor":7.0,"key":"FairyPotion"},{"floor":8.0,"key":"Ancient Potion"}],"is_trial":false,"path_per_floor":["M","$","?","$","M","R","M","M","T","?","E","$","$","?","R","B",null,"M","M","?","M","M","R","M","M","T","M","R","M","?","?","R","B",null,"M","?","$","?","M","R","?","R","T","$","M","M","M","$","R","B",null,"R","$","E"],"character_chosen":"DEFECT","items_purchased":["FTL","Leap","Conserve Battery","Core Surge","Leap","Sweeping Beam","BootSequence"],"campfire_rested":4,"item_purchase_floors":[2,2,4,12,37,37,53],"current_hp_per_floor":[75,75,68,68,68,68,68,68,68,73,38,38,38,28,52,28,80,80,75,75,64,50,50,26,10,10,12,36,28,28,28,52,42,80,72,80,80,43,14,38,80,80,80,80,37,80,80,80,80,39,80,80,80,0,0],"gold":63,"neow_bonus":"THREE_ENEMY_KILL","is_daily":false,"chose_seed":false,"campfire_upgraded":4,"win_rate":0.0,"timestamp":1613788528,"path_taken":["M","$","?","$","M","R","M","M","T","?","E","$","?","?","R","BOSS","M","M","?","M","M","R","M","M","T","M","R","M","?","?","R","BOSS","M","?","$","?","M","R","?","R","T","$","M","M","M","$","R","BOSS","R","$","E"],"items_purchased_type":["Card","Card","Card","Card","Card","Card","Card"],"build_version":"2020-12-22","purchased_purges":4,"victory":false,"max_hp_per_floor":[75,75,75,75,75,75,75,75,75,80,80,80,80,80,80,80,80,80,80,80,80,80,80,80,80,80,80,80,80,80,80,80,80,80,80,80,80,80,80,80,80,80,80,80,80,80,80,80,80,80,80,80,80,80,80],"card_choices":[{"not_picked":["Go for the Eyes","Stack"],"picked":"Coolheaded","floor":1.0},{"not_picked":["Compile Driver","Darkness"],"picked":"Steam","floor":5.0},{"not_picked":["Conserve Battery","Recycle"],"picked":"Melter","floor":7.0},{"not_picked":["Consume","Stack"],"picked":"Turbo","floor":8.0},{"not_picked":["Undo","Hologram"],"picked":"Redo","floor":11.0},{"not_picked":["Skim","Stack"],"picked":"Double Energy","floor":14},{"not_picked":["Multi-Cast","Buffer"],"picked":"Creative AI","floor":16},{"not_picked":["Chaos+1","Hologram"],"picked":"Sweeping Beam","floor":18},{"not_picked":["Sweeping Beam","Storm"],"picked":"Turbo+1","floor":19},{"not_picked":["Doom and Gloom","Tempest"],"picked":"Stack+1","floor":21},{"not_picked":["Hologram+1","Conserve Battery"],"picked":"White Noise+1","floor":22},{"not_picked":["Barrage+1","Redo"],"picked":"Echo Form","floor":24},{"not_picked":["Heatsinks","Force Field"],"picked":"Streamline","floor":25},{"not_picked":["Barrage+1","Undo"],"picked":"Leap","floor":27},{"not_picked":["Ball Lightning","Leap"],"picked":"Hologram+1","floor":29},{"not_picked":["Core Surge","All For One"],"picked":"Creative AI","floor":33},{"not_picked":["Gash","Hologram"],"picked":"Beam Cell+1","floor":35},{"not_picked":["Rebound+1","Steam+1"],"picked":"Glacier","floor":38},{"not_picked":["Static Discharge+1","Ball Lightning","Gash"],"picked":"SKIP","floor":39},{"not_picked":["Stack","Blizzard"],"picked":"Compile Driver","floor":45},{"not_picked":["Steam+1","Beam Cell","Redo"],"picked":"SKIP","floor":46},{"not_picked":["Streamline","Scrape","Barrage+1"],"picked":"SKIP","floor":47}],"player_experience":322316,"relics_obtained":[{"floor":11.0,"key":"Symbiotic Virus"},{"floor":14,"key":"Odd Mushroom"},{"floor":26,"key":"Bird Faced Urn"},{"floor":38,"key":"StoneCalendar"},{"floor":43,"key":"Smiling Mask"}],"event_choices":[{"damage_healed":0.0,"max_hp_gain":0.0,"max_hp_loss":0.0,"gold_gain":0.0,"event_name":"Scrap Ooze","player_choice":"Success","floor":3.0,"gold_loss":0.0,"damage_taken":7.0,"relics_obtained":["Du-Vu Doll"]},{"damage_healed":0.0,"max_hp_gain":5.0,"max_hp_loss":0.0,"gold_gain":0.0,"event_name":"Big Fish","player_choice":"Donut","floor":10.0,"gold_loss":0.0,"damage_taken":0.0},{"damage_healed":0,"gold_gain":0,"player_choice":"Fought Mushrooms","damage_taken":0,"max_hp_gain":0,"max_hp_loss":0,"event_name":"Mushrooms","floor":14,"gold_loss":0},{"damage_healed":0,"gold_gain":0,"player_choice":"Ignored","damage_taken":0,"max_hp_gain":0,"max_hp_loss":0,"event_name":"Vampires","floor":20,"gold_loss":0},{"damage_healed":0,"gold_gain":0,"player_choice":"Opened","damage_taken":0,"relics_obtained":["Juzu Bracelet"],"max_hp_gain":0,"max_hp_loss":0,"event_name":"The Mausoleum","floor":30,"gold_loss":0,"cards_obtained":["Writhe"]},{"cards_removed":["Writhe"],"damage_healed":0,"gold_gain":0,"player_choice":"Gave Gold","damage_taken":0,"max_hp_gain":0,"max_hp_loss":0,"event_name":"Beggar","floor":31,"gold_loss":75},{"damage_healed":20,"gold_gain":0,"player_choice":"Writhe","damage_taken":0,"max_hp_gain":0,"max_hp_loss":0,"event_name":"Winding Halls","floor":36,"gold_loss":0,"cards_obtained":["Writhe"]},{"damage_healed":0,"gold_gain":0,"player_choice":"Fight","damage_taken":0,"max_hp_gain":0,"max_hp_loss":0,"event_name":"Mysterious Sphere","floor":38,"gold_loss":0},{"damage_healed":42,"gold_gain":0,"player_choice":"Heal","damage_taken":0,"max_hp_gain":0,"max_hp_loss":0,"event_name":"MindBloom","floor":41,"gold_loss":0,"cards_obtained":["Doubt"]}],"is_beta":false,"boss_relics":[{"not_picked":["Runic Dome","Coffee Dripper"],"picked":"Sozu"},{"not_picked":["SacredBark","Astrolabe"],"picked":"bronze:MakeshiftBattery"}],"items_purged_floors":[37,44,48,53],"is_endless":false,"potions_floor_spawned":[5,7,8,21,22,24,25,29,35,46,47],"killed_by":"Shield and Spear","ascension_level":0}}