{"host":"trw84khdytc0ixrp","time":1613844984,"event":{"mods":["BaseMod","Downfall","Hermit","Jorbs\u0027s Wanderer Trilogy","Minty Spire (QoL Compilation)","StSLib","The Cursed","The Disciple"],"gold_per_floor":[113,213,227,227,246,280,280,131,131,131,144,144,164,178,178,274,274,287,287,313,313,332,332,367,367,392,140,140,165,165,165,165,269,269,279,279,279,297,317,317,317,317,317,352,378,378,378,395,395,395,395,395,23,58,58],"floor_reached":56,"language":"ENG","playtime":5921,"items_purged":["TheCursedMod:Strike_TheCursed","TheCursedMod:Defend_TheCursed","downfall:Haunted"],"score":1414,"play_id":"0b19bd5b-6ade-488c-bbdb-ac023182cdd5","local_time":"20210220191624","is_ascension_mode":false,"campfire_choices":[{"data":"TheCursedMod:RavingStaff","floor":7,"key":"SMITH"},{"floor":10,"key":"DIG"},{"floor":15,"key":"DIG"},{"floor":23,"key":"DIG"},{"floor":25,"key":"DIG"},{"data":"TheCursedMod:CursedRelics","floor":28,"key":"SMITH"},{"data":"TheCursedMod:CursedRelics","floor":30,"key":"SMITH"},{"floor":32,"key":"DIG"},{"floor":40,"key":"DIG"},{"floor":42,"key":"RECALL"},{"floor":46,"key":"DIG"},{"floor":47,"key":"DIG"},{"floor":49,"key":"DIG"},{"floor":52,"key":"DIG"}],"circlet_count":0,"master_deck":["TheCursedMod:CursedWand","TheCursedMod:CleanUpWorkshop+1","TheCursedMod:Dregs","TheCursedMod:BloodBarrier","CurseOfTheBell","CurseOfTheBell","TheCursedMod:CursedRelics+1","stsjorbsmod:Withering","Regret","TheCursedMod:SoulReap","TheCursedMod:AbyssShockwave","TheCursedMod:RavingStaff+1","TheCursedMod:HellfireBreathing","TheCursedMod:Neurasthenia","Parasite","TheCursedMod:SmokeScreen+1","TheCursedMod:LuckyCharm","TheCursedMod:HellsGateOpen","Shame","TheCursedMod:Wield","TheCursedMod:WearCloak+1","TheCursedMod:CursedRelics+1","TheCursedMod:CursedRelics","TheCursedMod:HellsGateOpen","TheCursedMod:NeowsMight","TheCursedMod:StingEye","TheCursedMod:CursedRelics","TheCursedMod:RapidMovement","TheCursedMod:RapidMovement+1","TheCursedMod:CursedSpellbook+1","TheCursedMod:SoulReap","TheCursedMod:SpitefulPlan"],"relics":["TheCursedMod:BlackMagic101","NeowsBlessing","downfall:ExtraCursedBell","Nunchaku","Mercury Hourglass","WingedGreaves","Du-Vu Doll","Shovel","Ornamental Fan","Eternal Feather","Philosopher\u0027s Stone","Blue Candle","Red Mask","FaceOfCleric","Strawberry","Vajra","Shuriken","Bronze Scales","DollysMirror","Bag of Preparation","Nilry\u0027s Codex","Blood Vial","Pandora\u0027s Box","Akabeko","Turnip","Toy Ornithopter","MealTicket","Boot","War Paint","Sundial","Mummified Hand","Mango"],"acts_visited":["Exordium","TheCity","TheBeyond","TheEnding"],"potions_floor_usage":[55,55,55],"damage_taken":[{"damage":0,"enemies":"Cultist","floor":1,"turns":1},{"damage":0,"enemies":"2 Louse","floor":3,"turns":1},{"damage":0,"enemies":"Small Slimes","floor":5,"turns":1},{"damage":17,"enemies":"3 Sentries","floor":6,"turns":4},{"damage":2,"enemies":"Blue Slaver","floor":11,"turns":2},{"damage":0,"enemies":"Large Slime","floor":13,"turns":2},{"damage":12,"enemies":"Exordium Thugs","floor":14,"turns":4},{"damage":2,"enemies":"The Guardian","floor":16,"turns":7},{"damage":3,"enemies":"Spheric Guardian","floor":18,"turns":3},{"damage":0,"enemies":"Masked Bandits","floor":20,"turns":2},{"damage":3,"enemies":"2 Thieves","floor":22,"turns":3},{"damage":7,"enemies":"Book of Stabbing","floor":24,"turns":6},{"damage":23,"enemies":"Champ","floor":33,"turns":7},{"damage":6,"enemies":"3 Shapes","floor":35,"turns":1},{"damage":0,"enemies":"Orb Walker","floor":38,"turns":2},{"damage":8,"enemies":"3 Darklings","floor":39,"turns":3},{"damage":7,"enemies":"Reptomancer","floor":44,"turns":3},{"damage":0,"enemies":"Transient","floor":48,"turns":5},{"damage":40,"enemies":"Awakened One","floor":50,"turns":6},{"damage":13,"enemies":"Shield and Spear","floor":54,"turns":3},{"damage":65,"enemies":"The Heart","floor":55,"turns":6}],"seed_played":"7727068311650111750","potions_obtained":[{"floor":5,"key":"Block Potion"},{"floor":6,"key":"Regen Potion"},{"floor":13,"key":"Explosive Potion"},{"floor":16,"key":"LiquidMemories"},{"floor":20,"key":"Strength Potion"}],"is_trial":false,"path_per_floor":["M","?","M","?","M","E","R","$","T","R","M","?","M","M","R","B",null,"M","?","?","?","M","R","E","R","T","$","R","T","R","?","R","B",null,"M","?","?","M","M","R","?","R","T","E","T","R","R","M","R","B",null,"R","$","E","B",null],"character_chosen":"THE_CURSED","items_purchased":["TheCursedMod:HellfireBreathing","DollysMirror","Mummified Hand"],"campfire_rested":0,"item_purchase_floors":[8,27,53],"current_hp_per_floor":[75,80,80,64,64,52,52,52,52,52,50,70,70,61,61,71,80,77,77,77,77,75,88,82,89,89,89,89,89,89,73,89,82,90,85,75,75,92,85,93,93,93,93,93,93,94,94,95,95,72,96,96,96,98,59],"gold":58,"neow_bonus":"THREE_ENEMY_KILL","is_daily":false,"chose_seed":false,"campfire_upgraded":3,"win_rate":0.0,"timestamp":1613844984,"path_taken":["M","?","M","?","M","E","R","$","T","R","M","?","M","M","R","BOSS","M","?","?","?","?","R","E","R","T","$","R","?","R","?","R","BOSS","M","?","?","?","?","R","?","R","T","E","?","R","R","M","R","BOSS","R","$","E","BOSS"],"items_purchased_type":["Card","Relic","Relic"],"build_version":"2020-12-22","purchased_purges":3,"victory":true,"max_hp_per_floor":[75,80,80,80,80,80,80,80,80,80,80,80,80,80,80,80,80,80,80,80,80,81,88,89,89,89,89,89,89,89,89,89,90,90,91,91,91,92,93,93,93,93,93,94,94,94,94,95,95,96,96,96,96,111,112],"card_choices":[{"not_picked":["TheCursedMod:RapidMovement","TheCursedMod:CursedShiv"],"picked":"TheCursedMod:BloodBarrier","floor":1},{"not_picked":["TheCursedMod:CircleOfWindfury","TheCursedMod:CursedBoomerang"],"picked":"TheCursedMod:SoulReap","floor":3},{"not_picked":["TheCursedMod:SurpriseAttack","TheCursedMod:Stretching"],"picked":"TheCursedMod:AbyssShockwave","floor":5},{"not_picked":["TheCursedMod:VitalStrike","TheCursedMod:Stigma"],"picked":"TheCursedMod:RavingStaff","floor":6},{"not_picked":["TheCursedMod:RapidMovement","TheCursedMod:CircleOfFocus"],"picked":"TheCursedMod:Neurasthenia","floor":11},{"not_picked":["TheCursedMod:CursedStaff","TheCursedMod:RapidMovement"],"picked":"TheCursedMod:SmokeScreen","floor":13},{"not_picked":["TheCursedMod:AbyssShockwave","TheCursedMod:SmokeScreen"],"picked":"TheCursedMod:LuckyCharm","floor":14},{"not_picked":["TheCursedMod:DemonSword","TheCursedMod:ForbiddenAlchemy"],"picked":"TheCursedMod:DarkBarrier","floor":16},{"not_picked":["TheCursedMod:SoulCrush+1","TheCursedMod:RapidMovement"],"picked":"TheCursedMod:HellsGateOpen","floor":18},{"not_picked":["TheCursedMod:Obscuration","TheCursedMod:CursedBlade"],"picked":"TheCursedMod:Wield","floor":20},{"not_picked":["TheCursedMod:TroublousMinions","TheCursedMod:CircleOfAmplification"],"picked":"TheCursedMod:WearCloak+1","floor":22},{"not_picked":["TheCursedMod:SpreadPlague","TheCursedMod:VitalStrike","TheCursedMod:OutForBlood"],"picked":"SKIP","floor":24},{"not_picked":["TheCursedMod:AntiAging","TheCursedMod:CircleOfAbyss"],"picked":"TheCursedMod:CursedRelics","floor":33},{"not_picked":["TheCursedMod:CircleOfFlame+1","TheCursedMod:Hemoplague+1"],"picked":"TheCursedMod:RapidMovement+1","floor":35},{"not_picked":["TheCursedMod:Wield+1","TheCursedMod:RavingStaff+1"],"picked":"TheCursedMod:CursedSpellbook+1","floor":38},{"not_picked":["TheCursedMod:FuryStrike","TheCursedMod:CircleOfFlame+1"],"picked":"TheCursedMod:SoulReap","floor":39},{"not_picked":["TheCursedMod:CursedMace+1","TheCursedMod:CursedBlade"],"picked":"TheCursedMod:SpitefulPlan","floor":44},{"not_picked":["TheCursedMod:CursedAmulet+1","TheCursedMod:ParallelWorld","TheCursedMod:ReleasedStrength+1"],"picked":"SKIP","floor":48},{"not_picked":["TheCursedMod:FuryStrike+1","TheCursedMod:Grudge+1","TheCursedMod:PrepareRite+1"],"picked":"SKIP","floor":54}],"player_experience":152494,"relics_obtained":[{"floor":2,"key":"Nunchaku"},{"floor":2,"key":"Mercury Hourglass"},{"floor":2,"key":"WingedGreaves"},{"floor":6,"key":"Du-Vu Doll"},{"floor":9,"key":"Shovel"},{"floor":10,"key":"Ornamental Fan"},{"floor":15,"key":"Eternal Feather"},{"floor":20,"key":"Red Mask"},{"floor":23,"key":"Strawberry"},{"floor":24,"key":"Vajra"},{"floor":25,"key":"Shuriken"},{"floor":26,"key":"Bronze Scales"},{"floor":29,"key":"Bag of Preparation"},{"floor":31,"key":"Nilry\u0027s Codex"},{"floor":32,"key":"Blood Vial"},{"floor":40,"key":"Akabeko"},{"floor":43,"key":"Turnip"},{"floor":44,"key":"Toy Ornithopter"},{"floor":46,"key":"MealTicket"},{"floor":47,"key":"Boot"},{"floor":49,"key":"War Paint"},{"floor":52,"key":"Sundial"},{"floor":54,"key":"Mango"}],"event_choices":[{"damage_healed":0,"gold_gain":0,"player_choice":"Entered Light","damage_taken":16,"max_hp_gain":0,"max_hp_loss":0,"event_name":"Shining Light","floor":4,"gold_loss":0,"cards_upgraded":["TheCursedMod:Strike_TheCursed","TheCursedMod:Defend_TheCursed"]},{"damage_healed":20,"gold_gain":0,"player_choice":"Healed and dodged fight","damage_taken":0,"max_hp_gain":0,"max_hp_loss":0,"event_name":"Mushrooms","floor":12,"gold_loss":0,"cards_obtained":["Parasite"]},{"damage_healed":0,"gold_gain":0,"player_choice":"Stole Relic","damage_taken":0,"relics_obtained":["Blue Candle"],"max_hp_gain":0,"max_hp_loss":0,"event_name":"Addict","floor":19,"gold_loss":0,"cards_obtained":["Shame"]},{"damage_healed":0,"gold_gain":0,"player_choice":"Fought Bandits","damage_taken":0,"max_hp_gain":0,"max_hp_loss":0,"event_name":"Masked Bandits","floor":20,"gold_loss":0},{"damage_healed":0,"gold_gain":0,"player_choice":"Trade","damage_taken":0,"relics_obtained":["FaceOfCleric"],"max_hp_gain":0,"max_hp_loss":0,"event_name":"FaceTrader","floor":21,"gold_loss":0},{"damage_healed":0,"gold_gain":0,"player_choice":"Obtained Book","damage_taken":16,"max_hp_gain":0,"max_hp_loss":0,"event_name":"Cursed Tome","floor":31,"gold_loss":0},{"damage_healed":0,"gold_gain":0,"player_choice":"Memory 3","damage_taken":10,"max_hp_gain":0,"max_hp_loss":0,"event_name":"SensoryStone","floor":36,"gold_loss":0},{"cards_removed":["TheCursedMod:SpitefulStrike"],"damage_healed":0,"gold_gain":0,"player_choice":"Purged","damage_taken":0,"max_hp_gain":0,"max_hp_loss":0,"event_name":"Purifier","floor":37,"gold_loss":0},{"cards_removed":["TheCursedMod:DarkBarrier"],"damage_healed":0,"gold_gain":0,"player_choice":"Removed Skill","damage_taken":0,"max_hp_gain":0,"max_hp_loss":0,"event_name":"Falling","floor":41,"gold_loss":0}],"is_beta":false,"boss_relics":[{"not_picked":["Runic Pyramid","Sozu"],"picked":"Philosopher\u0027s Stone"},{"not_picked":["Empty Cage","TheCursedMod:FourLeafCloverCharm"],"picked":"Pandora\u0027s Box"}],"items_purged_floors":[8,27,53],"is_endless":false,"potions_floor_spawned":[5,6,13,16,20,33,38,44],"ascension_level":0}}