{"host":"1w49m7d9l6qfkfhx","time":1613835575,"event":{"mods":["BaseMod","Colored Map","Conspire","Hermit","Minty Spire (QoL Compilation)","Replay The Spire","StSLib","The Construct","The Cursed","The Disciple","The Servant 0.9.4","egg"],"gold_per_floor":[118,193,193,206,161,161,189,202,202,220,252,252,6,25,25,129,129,140,140,140],"floor_reached":19,"language":"ENG","playtime":1317,"items_purged":[],"score":202,"play_id":"4a68c7f8-c0d6-4e14-982b-08656d68bbce","local_time":"20210220103935","is_ascension_mode":false,"campfire_choices":[{"data":"construct:ModeShift","floor":6,"key":"SMITH"},{"floor":15,"key":"REST"}],"circlet_count":0,"master_deck":["construct:Strike_Gold","construct:Strike_Gold","construct:Strike_Gold","construct:Strike_Gold+1","construct:Strike_Gold","construct:Defend_Gold","construct:Defend_Gold","construct:Defend_Gold","construct:Defend_Gold","construct:Defend_Gold","construct:AttackMode","construct:DefenseMode","construct:ForceCore+1","construct:ModeShift+1","construct:FierceBash","construct:Zapper","construct:Versatility","construct:Construct_Overclock","construct:ScrapCannon","Flash of Steel","construct:ModeShift","construct:HammerDown"],"relics":["construct:Cogwheel","NeowsBlessing","conspire:InfiniteJournal","Shovel","ReplayTheSpireMod:Lightbulb","Membership Card","conspire:RunicOctahedron"],"acts_visited":["Exordium","TheCity"],"potions_floor_usage":[16,16],"damage_taken":[{"damage":0,"enemies":"2 Louse","floor":1,"turns":2},{"damage":0,"enemies":"Cultist","floor":4,"turns":1},{"damage":0,"enemies":"Gremlin Nob","floor":7,"turns":1},{"damage":0,"enemies":"Small Slimes","floor":8,"turns":2},{"damage":28,"enemies":"Exordium Wildlife","floor":10,"turns":5},{"damage":30,"enemies":"Replay:BlueRogue","floor":11,"turns":6},{"damage":7,"enemies":"2 Fungi Beasts","floor":14,"turns":4},{"damage":31,"enemies":"The Guardian","floor":16,"turns":11},{"damage":27,"enemies":"Shell Parasite","floor":18,"turns":7},{"damage":26,"enemies":"3 Byrds","floor":19,"turns":3}],"seed_played":"7680840445766719397","potions_obtained":[{"floor":7,"key":"Energy Potion"},{"floor":8,"key":"Dexterity Potion"},{"floor":11,"key":"GamblersBrew"}],"is_trial":false,"path_per_floor":["M","?","?","M","$","R","E","M","T","M","E","?","$","M","R","B",null,"M","M"],"character_chosen":"THE_CONSTRUCT_MOD","items_purchased":["construct:ModeShift","Membership Card","construct:Construct_Overclock","construct:ScrapCannon","Flash of Steel"],"campfire_rested":1,"item_purchase_floors":[5,13,13,13,13],"current_hp_per_floor":[85,74,74,74,74,74,74,74,74,46,16,16,16,9,34,3,85,58,32,32],"gold":140,"neow_bonus":"THREE_ENEMY_KILL","is_daily":false,"chose_seed":false,"campfire_upgraded":1,"win_rate":0.0,"timestamp":1613835575,"path_taken":["M","?","?","?","$","R","E","M","T","M","E","?","$","M","R","BOSS","M","M"],"items_purchased_type":["Card","Relic","Card","Card","Card"],"build_version":"2020-12-22","purchased_purges":0,"victory":false,"max_hp_per_floor":[85,85,85,85,85,85,85,85,85,85,85,85,85,85,85,85,85,85,85,85],"card_choices":[{"not_picked":["construct:Boost","construct:SaveState"],"picked":"construct:ForceCore","floor":1},{"not_picked":["construct:FocusedBeam","construct:Hazardproof","construct:SaveState"],"picked":"SKIP","floor":4},{"not_picked":["construct:ShiftGuard","construct:VentSteam"],"picked":"construct:FierceBash","floor":7},{"not_picked":["construct:MassProduction","construct:Forcefield"],"picked":"construct:Zapper","floor":8},{"not_picked":["construct:Accumulate","construct:OmegaCannon","construct:CriticalHit"],"picked":"SKIP","floor":10},{"not_picked":["construct:HardReboot","construct:Isolate"],"picked":"construct:Versatility","floor":11},{"not_picked":["construct:Accumulate","construct:Antimatter"],"picked":"construct:ModeShift","floor":14},{"not_picked":["construct:Bunker","construct:LongRangeLance"],"picked":"construct:HammerDown","floor":16},{"not_picked":["construct:Reinforce","construct:Construct_Overclock","construct:CripplingShot+1"],"picked":"SKIP","floor":18}],"player_experience":370572,"relics_obtained":[{"floor":7,"key":"conspire:InfiniteJournal"},{"floor":9,"key":"Shovel"},{"floor":11,"key":"ReplayTheSpireMod:Lightbulb"}],"event_choices":[{"damage_healed":0,"gold_gain":75,"player_choice":"Gather Gold","damage_taken":11,"max_hp_gain":0,"max_hp_loss":0,"event_name":"World of Goop","floor":2,"gold_loss":0},{"damage_healed":0,"gold_gain":0,"player_choice":"Upgraded","damage_taken":0,"max_hp_gain":0,"max_hp_loss":0,"event_name":"Upgrade Shrine","floor":3,"gold_loss":0,"cards_upgraded":["construct:ForceCore"]}],"is_beta":false,"boss_relics":[{"not_picked":["Runic Pyramid","Busted Crown"],"picked":"conspire:RunicOctahedron"}],"items_purged_floors":[],"is_endless":false,"potions_floor_spawned":[7,8,11,14],"killed_by":"3 Byrds","ascension_level":0}}