{"host":"91blwi3hgehj6ch9","time":1613780015,"event":{"mods":["2.2 Compatiblity","AchievementEnabler","BaseMod","Colored Map","DeckTracker","Keyboard Shortcuts","Minty Spire (QoL Compilation)","Permanent Neow","Relic Stats","StSLib","SuperFastMode","everything is the same but u backflip on backflip"],"gold_per_floor":[115,132,132,57,73,73,148,167,167,92,92,49,49,49,49,49,49],"floor_reached":16,"language":"KOR","playtime":313,"items_purged":["Strike_G"],"score":176,"play_id":"013b51c3-87ca-483e-ab6c-e948c1d2e1fb","local_time":"20210220091335","is_ascension_mode":true,"campfire_choices":[{"data":"Choke","floor":6.0,"key":"SMITH"},{"floor":11.0,"key":"REST"},{"data":"Masterful Stab","floor":15,"key":"SMITH"}],"circlet_count":0,"master_deck":["AscendersBane","Strike_G","Strike_G","Defend_G","Defend_G","Defend_G","Defend_G","Survivor","Neutralize","Adrenaline","Flying Knee","Choke+1","All Out Attack","Masterful Stab+1","Tactician"],"relics":["Ring of the Snake","Golden Idol","Eternal Feather","Mummified Hand"],"acts_visited":["Exordium"],"potions_floor_usage":[16],"damage_taken":[{"damage":14.0,"enemies":"Jaw Worm","floor":1.0,"turns":4.0},{"damage":1.0,"enemies":"Small Slimes","floor":2.0,"turns":4.0},{"damage":0.0,"enemies":"2 Louse","floor":5.0,"turns":3.0},{"damage":0.0,"enemies":"Large Slime","floor":8.0,"turns":6.0},{"damage":64,"enemies":"Slime Boss","floor":16,"turns":8}],"seed_played":"3575768142559066210","potions_obtained":[{"floor":1.0,"key":"Fruit Juice"},{"floor":8.0,"key":"Strength Potion"}],"is_trial":false,"path_per_floor":["M","M","?","$","M","R","?","M","T","?","R","$","T","$","R","B"],"character_chosen":"THE_SILENT","items_purchased":["Tactician"],"campfire_rested":1,"item_purchase_floors":[12],"current_hp_per_floor":[45,44,23,23,23,23,12,12,12,12,36,36,36,36,45,0,0],"gold":49,"neow_bonus":"TRANSFORM_TWO_CARDS","is_daily":false,"chose_seed":false,"campfire_upgraded":2,"win_rate":0.0,"timestamp":1613780015,"path_taken":["M","M","?","?","M","R","?","M","T","?","R","$","?","?","R","BOSS"],"items_purchased_type":["Card"],"build_version":"2020-12-22","purchased_purges":1,"victory":false,"max_hp_per_floor":[60,60,60,60,60,60,60,60,60,60,60,60,60,60,60,65,65],"relic_stats":{"counters":[5,25],"Golden Idol":7,"Mummified Hand":[0],"Eternal Feather":15,"obtain_stats":[{"Golden Idol":3,"Mummified Hand":13,"Eternal Feather":9,"Ring of the Snake":0},{"Golden Idol":2,"Mummified Hand":4,"Eternal Feather":4,"Ring of the Snake":0},{"Golden Idol":8,"Mummified Hand":17,"Eternal Feather":17,"Ring of the Snake":0}],"Ring of the Snake":[10]},"card_choices":[{"not_picked":["Footwork","Cloak And Dagger"],"picked":"Choke","floor":1.0},{"not_picked":["Flying Knee","Endless Agony","Poisoned Stab"],"picked":"SKIP","floor":2.0},{"not_picked":["Slice","Flying Knee"],"picked":"All Out Attack","floor":5.0},{"not_picked":["Slice","Bane"],"picked":"Masterful Stab","floor":8.0}],"player_experience":290168,"relics_obtained":[{"floor":9.0,"key":"Eternal Feather"},{"floor":13,"key":"Mummified Hand"}],"event_choices":[{"damage_healed":0.0,"max_hp_gain":0.0,"max_hp_loss":0.0,"gold_gain":0.0,"event_name":"Golden Idol","player_choice":"Take Damage","floor":3.0,"gold_loss":0.0,"damage_taken":21.0,"relics_obtained":["Golden Idol"]},{"damage_healed":0.0,"max_hp_gain":0.0,"max_hp_loss":0.0,"gold_gain":75.0,"event_name":"World of Goop","player_choice":"Gather Gold","floor":7.0,"gold_loss":0.0,"damage_taken":11.0},{"cards_removed":["Strike_G"],"damage_healed":0.0,"max_hp_gain":0.0,"max_hp_loss":0.0,"gold_gain":0.0,"event_name":"The Cleric","player_choice":"Card Removal","floor":10.0,"gold_loss":75.0,"damage_taken":0.0}],"is_beta":false,"boss_relics":[],"items_purged_floors":[4],"is_endless":false,"potions_floor_spawned":[1,8],"killed_by":"Slime Boss","ascension_level":20}}