{"host":"yx5rao87132cy5xq","time":1613786500,"event":{"mods":["2.2 Compatiblity","AchievementEnabler","BaseMod","Bestiary","Colored Map","Colored Powertips","Minty Spire (QoL Compilation)","Quick Restart","Relic Stats","Slay-I","SuperFastMode"],"gold_per_floor":[114,114,114,127,143,177,142,156,201,201,234,247,274,294,294,294,294],"floor_reached":16,"language":"ENG","playtime":4359,"items_purged":[],"score":238,"play_id":"500794a5-0638-4ef5-bd22-fb150160a114","local_time":"20210220030140","is_ascension_mode":true,"campfire_choices":[{"data":"Wild Strike","floor":10,"key":"SMITH"},{"floor":15,"key":"REST"}],"circlet_count":0,"master_deck":["AscendersBane","Strike_R","Strike_R","Strike_R","Strike_R","Strike_R","Defend_R","Defend_R","Defend_R","Defend_R","Bash","Iron Wave","Flex","Wild Strike+1","Power Through","Clothesline","Perfected Strike","Flame Barrier","Burning Pact","Cleave"],"relics":["Burning Blood","Pear","Akabeko","PreservedInsect","CeramicFish"],"acts_visited":["Exordium"],"potions_floor_usage":[6,11,16],"damage_taken":[{"damage":9.0,"enemies":"Jaw Worm","floor":1.0,"turns":4.0},{"damage":9.0,"enemies":"Small Slimes","floor":4.0,"turns":3.0},{"damage":0.0,"enemies":"2 Louse","floor":5.0,"turns":2.0},{"damage":45,"enemies":"3 Sentries","floor":6,"turns":9},{"damage":25,"enemies":"Gremlin Gang","floor":8,"turns":7},{"damage":7,"enemies":"Gremlin Nob","floor":11,"turns":4},{"damage":7,"enemies":"Exordium Wildlife","floor":12,"turns":4},{"damage":17,"enemies":"3 Sentries","floor":13,"turns":6},{"damage":8,"enemies":"3 Louse","floor":14,"turns":4},{"damage":52,"enemies":"Slime Boss","floor":16,"turns":9}],"seed_played":"-8444876383338812499","potions_obtained":[{"floor":1.0,"key":"SpeedPotion"},{"floor":4.0,"key":"PowerPotion"},{"floor":14,"key":"SkillPotion"}],"is_trial":false,"path_per_floor":["M","?","?","M","M","E","?","M","T","R","E","M","E","M","R","B"],"character_chosen":"IRONCLAD","items_purchased":[],"campfire_rested":1,"item_purchase_floors":[],"current_hp_per_floor":[65,65,65,62,68,39,60,41,41,41,40,39,28,26,51,0,0],"gold":294,"neow_bonus":"THREE_CARDS","is_daily":false,"chose_seed":false,"campfire_upgraded":1,"win_rate":0.0,"timestamp":1613786500,"path_taken":["M","?","?","M","M","E","?","M","T","R","E","M","E","?","R","BOSS"],"items_purchased_type":[],"build_version":"2020-12-22","purchased_purges":0,"victory":false,"max_hp_per_floor":[75,75,75,75,75,85,85,85,85,85,85,85,85,85,85,85,85],"relic_stats":{"counters":[10,52],"CeramicFish":9,"PreservedInsect":32,"obtain_stats":[{"Pear":6,"CeramicFish":13,"PreservedInsect":11,"Burning Blood":0,"Akabeko":9},{"Pear":4,"CeramicFish":8,"PreservedInsect":6,"Burning Blood":0,"Akabeko":5},{"Pear":18,"CeramicFish":39,"PreservedInsect":29,"Burning Blood":0,"Akabeko":25}],"Burning Blood":54},"card_choices":[{"not_picked":["Infernal Blade","Battle Trance"],"picked":"Iron Wave","floor":0.0},{"not_picked":["Bloodletting","Disarm"],"picked":"Flex","floor":1.0},{"not_picked":["Heavy Blade","Iron Wave"],"picked":"Wild Strike","floor":4.0},{"not_picked":["Armaments","True Grit"],"picked":"Power Through","floor":5.0},{"not_picked":["Dropkick","Thunderclap"],"picked":"Clothesline","floor":6},{"not_picked":["Warcry","Clash"],"picked":"Perfected Strike","floor":8},{"not_picked":["Immolate","Clash"],"picked":"Flame Barrier","floor":11},{"not_picked":["Armaments","Pommel Strike"],"picked":"Burning Pact","floor":12},{"not_picked":["Rampage","Sword Boomerang","Pommel Strike"],"picked":"SKIP","floor":13},{"not_picked":["Twin Strike","Seeing Red"],"picked":"Cleave","floor":14}],"player_experience":1064761,"relics_obtained":[{"floor":6,"key":"Pear"},{"floor":9,"key":"Akabeko"},{"floor":11,"key":"PreservedInsect"},{"floor":13,"key":"CeramicFish"}],"event_choices":[{"damage_healed":0.0,"max_hp_gain":0.0,"max_hp_loss":0.0,"gold_gain":0.0,"event_name":"Shining Light","player_choice":"Ignored","floor":2.0,"gold_loss":0.0,"damage_taken":0.0},{"damage_healed":0.0,"max_hp_gain":0.0,"max_hp_loss":0.0,"gold_gain":0.0,"event_name":"Golden Wing","player_choice":"Ignored","floor":3.0,"gold_loss":0.0,"damage_taken":0.0},{"damage_healed":21,"gold_gain":0,"player_choice":"Healed","damage_taken":0,"max_hp_gain":0,"max_hp_loss":0,"event_name":"The Cleric","floor":7,"gold_loss":35}],"is_beta":false,"boss_relics":[],"items_purged_floors":[],"is_endless":false,"potions_floor_spawned":[1,4,14],"killed_by":"Slime Boss","ascension_level":19}}