{"host":"0fupymmp6wdjyqoi","time":1613846729,"event":{"mods":["BaseMod","Bestiary","Clockwork Mod","Conspire","Downfall","GifTheSpireLib","Hubris","Infinite Spire","Minty Spire (QoL Compilation)","Replay The Spire","StSLib","The Construct","The Senshi"],"gold_per_floor":[118,118,130,80,80,80,128,128,205,380,410,447,447,458,458,584,584,619,709,721,744,744,744,744,781,781,781,817,857,857,857,857,1044,1094,1177,1177,412,464,511,511,511,575,599,658,720,779,61,84,84,101],"floor_reached":51,"language":"ENG","playtime":6387,"items_purged":["Defend_R","Defend_R","Body Slam"],"score":881,"play_id":"4cf1c2e5-43a9-4fd2-9824-66cbba395619","local_time":"20210220194529","is_ascension_mode":false,"campfire_choices":[{"data":"ReplayTheSpireMod:Book of Names","floor":6,"key":"SMITH"},{"floor":13,"key":"REST"},{"floor":15,"key":"DIG"},{"floor":23,"key":"REST"},{"data":"Bash","floor":27,"key":"SMITH"},{"floor":30,"key":"REST"},{"floor":32,"key":"DIG"},{"data":"Replay:Fractal Strike","floor":40,"key":"SMITH"},{"floor":49,"key":"REST"}],"circlet_count":0,"master_deck":["Strike_R","Strike_R","Strike_R+1","Strike_R+1","Strike_R","Bash+1","Dropkick+1","Iron Wave","conspire:SpireCoStock+1","ReplayTheSpireMod:Book of Names+1","Thunderclap","Clash","Shrug It Off","Sword Boomerang","Impervious","Disarm","Thunderclap+1","Sword Boomerang","Replay:Fractal Strike+1","Clash","Armaments+1","Thunderclap","Demonic Infusion","Sword Boomerang","Spot Weakness+1","Purity","Clash","Inflame","Twin Strike","Infernal Blade+1","Sword Boomerang+1","Headbutt","Dropkick"],"relics":["Burning Blood","theSenshi:SailorFukuRelic","infinitespire:Joker Card","Guide Book","White Beast Statue","Mercury Hourglass","construct:BoolHorns","Pocketwatch","hubris:Icosahedron","Happy Flower","ReplayTheSpireMod:Shallot","infinitespire:EvilPickle","Tiny House","Bag of Marbles","Meat on the Bone","TheAbacus","Iron Hammer","Simple Rune","conspire:DecoderRing","Sling","infinitespire:Beetle Shell"],"acts_visited":["Exordium","TheCity","TheBeyond"],"potions_floor_usage":[16,16,18,29,33,33,38,38,42,44,46,48,50,50],"damage_taken":[{"damage":3,"enemies":"Cultist","floor":1,"turns":5},{"damage":2,"enemies":"2 Louse","floor":3,"turns":5},{"damage":18,"enemies":"3 Sentries","floor":7,"turns":8},{"damage":0,"enemies":"Small Slimes","floor":11,"turns":3},{"damage":7,"enemies":"Blue Slaver","floor":12,"turns":2},{"damage":0,"enemies":"Gremlin Gang","floor":14,"turns":2},{"damage":28,"enemies":"Hexaghost","floor":16,"turns":8},{"damage":14,"enemies":"Chosen","floor":18,"turns":7},{"damage":10,"enemies":"Spheric Guardian","floor":20,"turns":4},{"damage":21,"enemies":"Shelled Parasite and Fungi","floor":21,"turns":6},{"damage":22,"enemies":"Cultist and Chosen","floor":25,"turns":6},{"damage":21,"enemies":"Snake Plant","floor":28,"turns":4},{"damage":0,"enemies":"Chosen and Byrds","floor":29,"turns":3},{"damage":8,"enemies":"Pondfish","floor":33,"turns":10},{"damage":21,"enemies":"3 Shapes","floor":35,"turns":5},{"damage":2,"enemies":"Orb Walker","floor":38,"turns":3},{"damage":18,"enemies":"Maw","floor":39,"turns":5},{"damage":3,"enemies":"R_Hoarder","floor":42,"turns":5},{"damage":7,"enemies":"3 Darklings","floor":44,"turns":3},{"damage":1,"enemies":"Writhing Mass","floor":45,"turns":3},{"damage":36,"enemies":"4 Shapes","floor":46,"turns":2},{"damage":0,"enemies":"Transient","floor":48,"turns":5},{"damage":52,"enemies":"Awakened One","floor":50,"turns":8}],"seed_played":"339189087600058509","potions_obtained":[{"floor":7,"key":"Fruit Juice"},{"floor":11,"key":"DuplicationPotion"},{"floor":12,"key":"Strength Potion"},{"floor":16,"key":"Weak Potion"},{"floor":18,"key":"infinitespire:BlackPotion"},{"floor":20,"key":"Fire Potion"},{"floor":33,"key":"Swift Potion"},{"floor":34,"key":"LiquidBronze"},{"floor":35,"key":"Strength Potion"},{"floor":38,"key":"Fire Potion"},{"floor":39,"key":"PowerPotion"},{"floor":42,"key":"PowerPotion"},{"floor":44,"key":"SpeedPotion"},{"floor":46,"key":"hexamod:SoulburnPotion"},{"floor":48,"key":"Dexterity Potion"}],"is_trial":false,"path_per_floor":["M","?","M","?","?","R","E","$","T","?","M","M","R","M","R","B",null,"M","?","M","M","AVR","R","?","M","T","R","M","M","R","?","R","B",null,"M","?","$","M","M","R","?","E","T","M","M","M","$","M","R","B",null],"character_chosen":"IRONCLAD","items_purchased":["Guide Book","White Beast Statue","Clash","Bag of Marbles","Meat on the Bone","TheAbacus","Inflame","conspire:DecoderRing","Sling","infinitespire:Beetle Shell","Dropkick"],"campfire_rested":4,"item_purchase_floors":[8,8,37,37,37,37,37,47,47,47,47],"current_hp_per_floor":[80,80,80,80,61,61,49,23,23,23,29,28,52,58,58,41,85,77,65,61,46,46,71,71,55,55,55,40,46,71,71,71,69,90,75,75,75,79,67,67,67,74,74,73,78,60,60,66,90,56],"gold":101,"neow_bonus":"RANDOM_COMMON_RELIC","is_daily":false,"chose_seed":false,"campfire_upgraded":3,"win_rate":0.0,"timestamp":1613846729,"path_taken":["M","?","M","?","?","R","E","?","T","?","?","M","R","M","R","BOSS","M","?","?","M","AVR","R","?","M","T","R","M","M","R","?","R","BOSS","M","?","$","M","M","R","?","E","T","M","M","M","$","?","R","BOSS"],"items_purchased_type":["Relic","Relic","Card","Relic","Relic","Relic","Card","Relic","Relic","Relic","Card"],"build_version":"2020-12-22","purchased_purges":3,"victory":true,"max_hp_per_floor":[80,80,80,80,80,80,80,80,80,80,80,80,80,80,80,85,85,85,85,85,85,85,85,85,85,85,85,85,85,85,85,85,85,90,90,90,90,90,90,90,90,90,90,90,90,90,90,90,90,90],"card_choices":[{"not_picked":["Cleave","Power Through"],"picked":"Dropkick","floor":1},{"not_picked":["Ghostly Armor","hubris:ReadiedAction"],"picked":"Iron Wave","floor":3},{"not_picked":["hubris:Fate","infinitespire:DeathsTouch"],"picked":"ReplayTheSpireMod:Book of Names","floor":5},{"not_picked":["Pommel Strike","Uppercut"],"picked":"Thunderclap","floor":7},{"not_picked":["Whirlwind","Armaments"],"picked":"Clash","floor":11},{"not_picked":["Flex","ReplayTheSpireMod:Strike From Hell"],"picked":"Shrug It Off","floor":12},{"not_picked":["Run Through","ReplayTheSpireMod:Stacked"],"picked":"Sword Boomerang","floor":14},{"not_picked":["Demon Form","Replay:Many Hands"],"picked":"Impervious","floor":16},{"not_picked":["True Grit","Run Through"],"picked":"Disarm","floor":18},{"not_picked":["Blood for Blood","Bloodletting"],"picked":"Thunderclap","floor":20},{"not_picked":["Metallicize","Entrench"],"picked":"Sword Boomerang","floor":21},{"not_picked":["Pommel Strike","Cleave+1"],"picked":"Clash","floor":25},{"not_picked":["Defy Death","True Grit"],"picked":"Armaments+1","floor":28},{"not_picked":["Offering","hubris:ReadiedAction"],"picked":"Thunderclap","floor":29},{"not_picked":["Corruption","Brutality"],"picked":"Demonic Infusion","floor":33},{"not_picked":["Heavy Blade","Flex"],"picked":"Sword Boomerang","floor":34},{"not_picked":["Heavy Blade","Massacre"],"picked":"Spot Weakness+1","floor":35},{"not_picked":["Mayhem","The Bomb"],"picked":"Purity","floor":36},{"not_picked":["Shrug It Off","Body Slam"],"picked":"Twin Strike","floor":38},{"not_picked":["Sword Boomerang","Armaments"],"picked":"Infernal Blade+1","floor":39},{"not_picked":["Abandon","ReplayTheSpireMod:Corrosion Curse+1"],"picked":"Sword Boomerang+1","floor":42},{"not_picked":["Flex+1","Perfected Strike"],"picked":"Headbutt","floor":44},{"not_picked":["Twin Strike+1","Replay:Undeath\u0027s Touch"],"picked":"Body Slam","floor":45},{"not_picked":["Armaments","Clash","Body Slam+1"],"picked":"SKIP","floor":46},{"not_picked":["Replay:Undeath\u0027s Touch","Shrug It Off+1","conspire:Charge"],"picked":"SKIP","floor":48}],"player_experience":60129,"relics_obtained":[{"floor":7,"key":"infinitespire:Joker Card"},{"floor":9,"key":"Mercury Hourglass"},{"floor":15,"key":"construct:BoolHorns"},{"floor":26,"key":"Happy Flower"},{"floor":32,"key":"ReplayTheSpireMod:Shallot"},{"floor":42,"key":"Iron Hammer"},{"floor":43,"key":"Simple Rune"}],"event_choices":[{"cards_removed":["Defend_R"],"damage_healed":0,"gold_gain":0,"player_choice":"Forget","damage_taken":0,"max_hp_gain":0,"max_hp_loss":0,"event_name":"Living Wall","floor":2,"gold_loss":0},{"damage_healed":0,"gold_gain":0,"player_choice":"Invest 1","damage_taken":0,"max_hp_gain":0,"max_hp_loss":0,"event_name":"conspire:Investor","floor":4,"gold_loss":0},{"damage_healed":0,"gold_gain":175,"player_choice":"AGREE","damage_taken":0,"max_hp_gain":0,"max_hp_loss":0,"event_name":"Liars Game","floor":10,"gold_loss":0,"cards_obtained":["Doubt"]},{"damage_healed":0,"gold_gain":90,"player_choice":"GOLD ","damage_taken":12,"max_hp_gain":0,"max_hp_loss":0,"event_name":"Knowing Skull","floor":19,"potions_obtained":[],"gold_loss":0,"cards_obtained":[]},{"cards_removed":["Defend_R"],"damage_healed":0,"gold_gain":0,"player_choice":"Elegance","damage_taken":0,"max_hp_gain":0,"max_hp_loss":0,"event_name":"Back to Basics","floor":31,"gold_loss":0},{"damage_healed":0,"gold_gain":0,"player_choice":"Memory 1","damage_taken":0,"max_hp_gain":0,"max_hp_loss":0,"event_name":"SensoryStone","floor":36,"gold_loss":0},{"cards_removed":["Doubt"],"damage_healed":0,"gold_gain":0,"player_choice":"Card Removal","damage_taken":0,"max_hp_gain":0,"max_hp_loss":0,"event_name":"Wheel of Change","floor":41,"gold_loss":0}],"is_beta":false,"boss_relics":[{"not_picked":["Ooze Armor","Velvet Choker","Fusion Hammer"]},{"not_picked":["Mark of Pain","hubris:HollowSoul"],"picked":"Tiny House"}],"items_purged_floors":[22,37,47],"is_endless":false,"potions_floor_spawned":[7,11,12,14,16,18,20,21,25,28,29,33,35,38,39,42,44,45,46,48],"ascension_level":0}}