{"host":"js2su9tbbk4rmjfl","time":1613823043,"event":{"mods":["AchievementEnabler","BaseMod","Block Reminder","Colored Map","Colored Powertips","Highlight Path","Minty Spire (QoL Compilation)","Relic Stats"],"gold_per_floor":[118,137,137,150,150,150,175,10,92,92,127,147,47,62,62,140,140,151,166,177,177,12,12,12,12],"floor_reached":24,"language":"ENG","playtime":1373,"items_purged":["Defend_R","Strike_R"],"score":402,"play_id":"f1bcfab2-90a0-4068-9885-b85e0699b37e","local_time":"20210220131043","is_ascension_mode":true,"campfire_choices":[{"data":"Shockwave","floor":6,"key":"SMITH"},{"data":"Rage","floor":10,"key":"SMITH"},{"floor":15,"key":"REST"},{"floor":23,"key":"REST"}],"circlet_count":0,"master_deck":["AscendersBane","Strike_R","Strike_R","Strike_R","Strike_R","Defend_R","Defend_R","Defend_R","Bash","Pommel Strike","Shockwave+1","Immolate","Rage+1","Fire Breathing","Reckless Charge","Warcry+1","Shrug It Off"],"relics":["Black Star","MealTicket","Bottled Lightning","Singing Bowl","Potion Belt","Matryoshka","SacredBark","Nloth\u0027s Gift","Happy Flower"],"acts_visited":["Exordium","TheCity"],"potions_floor_usage":[16,20,24],"damage_taken":[{"damage":6,"enemies":"Cultist","floor":1,"turns":3},{"damage":6,"enemies":"Jaw Worm","floor":2,"turns":5},{"damage":2,"enemies":"Small Slimes","floor":4,"turns":4},{"damage":25,"enemies":"Lagavulin","floor":7,"turns":7},{"damage":20,"enemies":"3 Sentries","floor":11,"turns":5},{"damage":10,"enemies":"Exordium Thugs","floor":12,"turns":3},{"damage":3,"enemies":"2 Fungi Beasts","floor":14,"turns":3},{"damage":48,"enemies":"The Guardian","floor":16,"turns":11},{"damage":1,"enemies":"3 Byrds","floor":18,"turns":3},{"damage":46,"enemies":"Shell Parasite","floor":19,"turns":6},{"damage":14,"enemies":"Chosen and Byrds","floor":20,"turns":5},{"damage":43,"enemies":"Gremlin Leader","floor":24,"turns":5}],"seed_played":"964451935505049350","potions_obtained":[{"floor":4,"key":"ElixirPotion"},{"floor":12,"key":"Explosive Potion"},{"floor":14,"key":"BlessingOfTheForge"},{"floor":20,"key":"Fire Potion"}],"is_trial":false,"path_per_floor":["M","M","?","M","?","R","E","$","T","R","E","M","$","M","R","B",null,"M","M","M","?","$","R","E"],"character_chosen":"IRONCLAD","items_purchased":["Rage","Happy Flower"],"campfire_rested":2,"item_purchase_floors":[8,22],"current_hp_per_floor":[62,56,56,54,54,54,29,44,44,44,24,14,29,28,51,5,61,62,16,2,2,17,41,0,0],"gold":12,"neow_bonus":"BOSS_RELIC","is_daily":false,"chose_seed":false,"campfire_upgraded":2,"win_rate":0.0,"timestamp":1613823043,"path_taken":["M","M","?","M","?","R","E","$","T","R","E","M","$","M","R","BOSS","M","?","M","?","?","R","E"],"items_purchased_type":["Card","Relic"],"build_version":"2020-12-22","purchased_purges":2,"victory":false,"max_hp_per_floor":[75,75,75,75,75,75,75,75,75,75,75,75,75,77,77,79,79,81,81,81,81,81,81,81,81],"relic_stats":{"Singing Bowl":6,"Happy Flower":[1],"counters":[12,60],"MealTicket":45,"Black Star":2,"Nloth\u0027s Gift":0,"obtain_stats":[{"Potion Belt":11,"Matryoshka":11,"Singing Bowl":9,"Happy Flower":22,"SacredBark":17,"Tiny Chest":5,"MealTicket":7,"Black Star":0,"Nloth\u0027s Gift":21,"Bottled Lightning":7,"Burning Blood":0},{"Potion Belt":5,"Matryoshka":5,"Singing Bowl":4,"Happy Flower":11,"SacredBark":8,"Tiny Chest":3,"MealTicket":4,"Black Star":0,"Nloth\u0027s Gift":11,"Bottled Lightning":4,"Burning Blood":0},{"Potion Belt":24,"Matryoshka":24,"Singing Bowl":19,"Happy Flower":55,"SacredBark":41,"Tiny Chest":12,"MealTicket":19,"Black Star":0,"Nloth\u0027s Gift":55,"Bottled Lightning":19,"Burning Blood":0}]},"card_choices":[{"not_picked":["True Grit","Clothesline"],"picked":"Pommel Strike","floor":1},{"not_picked":["Cleave","Clash"],"picked":"Shockwave","floor":2},{"not_picked":["Headbutt","Sword Boomerang"],"picked":"Immolate","floor":4},{"not_picked":["Flex","Clothesline","Blood for Blood"],"picked":"SKIP","floor":7},{"not_picked":["Thunderclap","Pommel Strike"],"picked":"Fire Breathing","floor":11},{"not_picked":["Havoc","Dark Embrace"],"picked":"Reckless Charge","floor":12},{"not_picked":["Sentinel","Armaments","Exhume"],"picked":"Singing Bowl","floor":14},{"not_picked":["Exhume","Feed","Offering"],"picked":"Singing Bowl","floor":16},{"not_picked":["Pommel Strike","Heavy Blade","Warcry"],"picked":"Singing Bowl","floor":18},{"not_picked":["Rupture","Sever Soul"],"picked":"Warcry+1","floor":19},{"not_picked":["Reckless Charge","Havoc"],"picked":"Shrug It Off","floor":20}],"player_experience":878454,"relics_obtained":[{"floor":7,"key":"MealTicket"},{"floor":7,"key":"Bottled Lightning"},{"floor":9,"key":"Singing Bowl"},{"floor":11,"key":"Potion Belt"},{"floor":11,"key":"Matryoshka"}],"event_choices":[{"damage_healed":0,"gold_gain":0,"player_choice":"Ignored","damage_taken":0,"max_hp_gain":0,"max_hp_loss":0,"event_name":"Liars Game","floor":3,"gold_loss":0},{"damage_healed":0,"gold_gain":0,"player_choice":"Gave Potion","damage_taken":0,"relics_obtained":["Tiny Chest"],"max_hp_gain":0,"max_hp_loss":0,"event_name":"WeMeetAgain","floor":5,"gold_loss":0},{"damage_healed":0,"gold_gain":0,"player_choice":"Traded Relic","damage_taken":0,"relics_obtained":["Nloth\u0027s Gift"],"max_hp_gain":0,"max_hp_loss":0,"event_name":"N\u0027loth","floor":21,"relics_lost":["Tiny Chest"],"gold_loss":0}],"is_beta":false,"boss_relics":[{"not_picked":["Empty Cage","SlaversCollar"],"picked":"SacredBark"}],"items_purged_floors":[8,13],"is_endless":false,"potions_floor_spawned":[4,12,14,20],"killed_by":"Gremlin Leader","ascension_level":19}}