{"host":"mithrandi","time":1613837935,"event":{"mods":["BaseMod","Colored Map","Highlight Path","Minty Spire (QoL Compilation)","SuperFastMode"],"gold_per_floor":[116,116,116,41,41,85,85,85,138,174,59,83,83,106,106,199,199,219,219,45,59,78,78,78],"floor_reached":23,"language":"ENG","playtime":894,"items_purged":["Strike_R","Strike_R"],"score":494,"play_id":"65b04a49-6534-4238-9f07-d824098bcbe9","local_time":"20210220181855","is_ascension_mode":true,"campfire_choices":[{"data":"Armaments","floor":7.0,"key":"SMITH"},{"data":"Heavy Blade","floor":13.0,"key":"SMITH"},{"data":"Sword Boomerang","floor":15.0,"key":"SMITH"}],"circlet_count":0,"master_deck":["AscendersBane","Strike_R","Defend_R","Defend_R","Defend_R","Defend_R","Bash","Inflame","Armaments+1","Battle Trance","Inflame","Heavy Blade+1","Sword Boomerang+1","Berserk","Cleave","Pummel","Twin Strike","Cleave"],"relics":["Black Blood","NeowsBlessing","Golden Idol","Oddly Smooth Stone","Ornamental Fan","Centennial Puzzle","Eternal Feather"],"acts_visited":["Exordium","TheCity"],"potions_floor_usage":[],"damage_taken":[{"damage":0.0,"enemies":"2 Louse","floor":1.0,"turns":1.0},{"damage":0.0,"enemies":"3 Sentries","floor":6.0,"turns":1.0},{"damage":0.0,"enemies":"Lagavulin","floor":10.0,"turns":1.0},{"damage":8.0,"enemies":"Small Slimes","floor":12.0,"turns":5.0},{"damage":0.0,"enemies":"Jaw Worm","floor":14.0,"turns":4.0},{"damage":56.0,"enemies":"Slime Boss","floor":16.0,"turns":9.0},{"damage":29.0,"enemies":"Shell Parasite","floor":18.0,"turns":7.0},{"damage":16.0,"enemies":"3 Byrds","floor":21.0,"turns":4.0},{"damage":36,"enemies":"Snake Plant","floor":22,"turns":4},{"damage":23,"enemies":"Slavers","floor":23,"turns":1}],"seed_played":"-6967360171747535144","potions_obtained":[{"floor":1.0,"key":"Weak Potion"},{"floor":12.0,"key":"Block Potion"}],"is_trial":false,"path_per_floor":["M","?","?","?","$","E","R","T","T","E","$","M","R","M","R","B",null,"M","?","$","M","M","E"],"character_chosen":"IRONCLAD","items_purchased":["Inflame","Twin Strike","Cleave"],"campfire_rested":0,"item_purchase_floors":[11,20,20],"current_hp_per_floor":[74,48,41,41,41,47,47,47,47,53,53,51,57,63,69,19,61,44,44,44,40,16,0,0],"gold":78,"neow_bonus":"THREE_ENEMY_KILL","is_daily":false,"chose_seed":false,"campfire_upgraded":3,"win_rate":0.0,"timestamp":1613837935,"path_taken":["M","?","?","?","$","E","R","?","T","E","$","M","R","M","R","BOSS","M","?","$","M","M","E"],"items_purchased_type":["Card","Card","Card"],"build_version":"2020-12-18","purchased_purges":2,"victory":false,"max_hp_per_floor":[75,75,75,75,75,75,75,75,75,75,75,75,75,75,75,75,75,75,75,75,75,75,75,75],"card_choices":[{"not_picked":["Perfected Strike","Warcry"],"picked":"Inflame","floor":1.0},{"not_picked":["Clash","Double Tap"],"picked":"Armaments","floor":6.0},{"not_picked":["Fire Breathing","Reckless Charge"],"picked":"Battle Trance","floor":10.0},{"not_picked":["Blood for Blood","Carnage"],"picked":"Heavy Blade","floor":12.0},{"not_picked":["Second Wind","Ghostly Armor"],"picked":"Sword Boomerang","floor":14.0},{"not_picked":["Double Tap","Corruption"],"picked":"Berserk","floor":16.0},{"not_picked":["Havoc+1","Clash+1"],"picked":"Cleave","floor":18.0},{"not_picked":["Heavy Blade","Iron Wave","True Grit"],"picked":"SKIP","floor":21.0},{"not_picked":["Flex","Uppercut","True Grit+1"],"picked":"SKIP","floor":22}],"player_experience":3026971,"relics_obtained":[{"floor":6.0,"key":"Oddly Smooth Stone"},{"floor":8.0,"key":"Ornamental Fan"},{"floor":9.0,"key":"Centennial Puzzle"},{"floor":10.0,"key":"Eternal Feather"}],"event_choices":[{"damage_healed":0.0,"max_hp_gain":0.0,"max_hp_loss":0.0,"gold_gain":0.0,"event_name":"Golden Idol","player_choice":"Take Damage","floor":2.0,"gold_loss":0.0,"damage_taken":26.0,"relics_obtained":["Golden Idol"]},{"cards_removed":["Strike_R"],"damage_healed":0.0,"max_hp_gain":0.0,"max_hp_loss":0.0,"gold_gain":0.0,"event_name":"Golden Wing","player_choice":"Card Removal","floor":3.0,"gold_loss":0.0,"damage_taken":7.0},{"cards_removed":["Strike_R"],"damage_healed":0.0,"max_hp_gain":0.0,"max_hp_loss":0.0,"gold_gain":0.0,"event_name":"The Cleric","player_choice":"Card Removal","floor":4.0,"gold_loss":75.0,"damage_taken":0.0},{"damage_healed":0.0,"max_hp_gain":0.0,"max_hp_loss":0.0,"gold_gain":0.0,"event_name":"The Library","player_choice":"Read","floor":19.0,"gold_loss":0.0,"damage_taken":0.0,"cards_obtained":["Pummel"]}],"is_beta":true,"boss_relics":[{"not_picked":["Calling Bell","SlaversCollar"],"picked":"Black Blood"}],"items_purged_floors":[11,20],"is_endless":false,"potions_floor_spawned":[1,12,18],"killed_by":"Slavers","ascension_level":20}}