{"host":"684z1xpuwaoqmmh1","time":1613825445,"event":{"mods":["BaseMod","CatGirl Mod","Downfall","Hermit","Jorbs\u0027s Wanderer Trilogy","Marisa????????","Minty Spire (QoL Compilation)","Robot Space Explorer","Shade Mod","Shapeshifter Mod","StSLib","The Bug Knight","The Clintock","The Dragon Tamer","The Elementalist","The Hayseed","The Hierophant","The Judge","The Marked","The Mystic","The Poker Player","The Runesmith","The Sage","The Saiyan","The Showman","The Spell Scribe","The Valiant","The Vixen","TheBandit","TheFirefly","TheVacant"],"gold_per_floor":[62,79,93,105,180,212,227,258,258,258,258,274,274,292,292,387,387,387,337,18,18,18,18,18,18,18,18,18,18,18,18,18,18,18,18,18,18,18,18,18,18,18,18,18,18,18,18,18,18,18,18,18,18,18,18,18],"floor_reached":55,"language":"ENG","playtime":5469,"items_purged":["Strike_Valiant"],"score":835,"play_id":"df5aed7e-a3d8-446a-a1f4-d9a883f8d2b6","local_time":"20210220145045","is_ascension_mode":false,"campfire_choices":[{"data":"HolyStorm","floor":11.0,"key":"SMITH"},{"data":"TakeAim","floor":13.0,"key":"SMITH"},{"data":"HolyFury","floor":15.0,"key":"SMITH"},{"data":"HolyStorm","floor":23.0,"key":"SMITH"},{"data":"EmpoweringForce","floor":32.0,"key":"SMITH"},{"floor":40,"key":"RECALL"},{"data":"PushOnward","floor":42,"key":"SMITH"},{"data":"Quickstep","floor":49,"key":"SMITH"},{"data":"Zen","floor":52,"key":"SMITH"}],"circlet_count":0,"master_deck":["Strike_Valiant","Strike_Valiant","Strike_Valiant","Defend_Valiant","Defend_Valiant","Defend_Valiant","Defend_Valiant","BlindingLight","MinorHealing","MinorHealing","PiercingStab","PushOnward+1","HolyStorm+1","TakeAim+1","AuraDischarge","HolyFury+1","HolyStorm+1","InsightfulPrayer+2","Zen+1","Quickstep+1","EmpoweringForce+1","FuriousSmite+1","TurnTables+1","SeekAnswers+1","DivineFavor+1","FullAwakening+1","CurseOfTheBell","Guardian+1","PeacefulStance+1","ZealousSmite+1","HolyFury+1","CombatDance","TempoMaster+1","Pain","QuickSiphon+1","UnyieldingZeal+1","DeadlyPlay"],"relics":["Cross Pendant","Unceasing Top","Vajra","Shuriken","Ectoplasm","bronze:DonusWashers","Potion Belt","Bag of Preparation","Mango","Frozen Egg 2","Calling Bell","Winged Necklace","Kunai","FossilizedHelix","sagemod:Creepy_Carousel","Runesmith:Nanobots","WarpedTongs","Happy Flower","Omamori","Toy Ornithopter"],"acts_visited":["Exordium","TheCity","TheBeyond","TheEnding"],"potions_floor_usage":[36,48,55,55,55,55],"damage_taken":[{"damage":0.0,"enemies":"2 Louse","floor":1.0,"turns":3.0},{"damage":0.0,"enemies":"Small Slimes","floor":2.0,"turns":3.0},{"damage":3.0,"enemies":"Jaw Worm","floor":3.0,"turns":4.0},{"damage":10.0,"enemies":"Red Slaver","floor":4.0,"turns":4.0},{"damage":40.0,"enemies":"3 Sentries","floor":6.0,"turns":9.0},{"damage":11.0,"enemies":"Gremlin Gang","floor":7.0,"turns":5.0},{"damage":0.0,"enemies":"Gremlin Nob","floor":8.0,"turns":2.0},{"damage":6.0,"enemies":"Large Slime","floor":12.0,"turns":5.0},{"damage":17.0,"enemies":"Red Slaver","floor":14.0,"turns":4.0},{"damage":18.0,"enemies":"The Guardian","floor":16.0,"turns":15.0},{"damage":0.0,"enemies":"Spheric Guardian","floor":18.0,"turns":2.0},{"damage":17.0,"enemies":"3 Byrds","floor":21.0,"turns":5.0},{"damage":22.0,"enemies":"Centurion and Healer","floor":22.0,"turns":5.0},{"damage":31.0,"enemies":"Gremlin Leader","floor":24.0,"turns":7.0},{"damage":16.0,"enemies":"Shelled Parasite and Fungi","floor":25.0,"turns":5.0},{"damage":25.0,"enemies":"Slavers","floor":27.0,"turns":4.0},{"damage":29.0,"enemies":"Snake Plant","floor":29.0,"turns":4.0},{"damage":15.0,"enemies":"Centurion and Healer","floor":30.0,"turns":5.0},{"damage":15.0,"enemies":"Cultist and Chosen","floor":31.0,"turns":5.0},{"damage":31.0,"enemies":"Champ","floor":33.0,"turns":9.0},{"damage":10,"enemies":"Orb Walker","floor":35,"turns":5},{"damage":76,"enemies":"2 Orb Walkers","floor":36,"turns":6},{"damage":28,"enemies":"3 Darklings","floor":38,"turns":7},{"damage":18,"enemies":"Writhing Mass","floor":39,"turns":7},{"damage":13,"enemies":"Maw","floor":41,"turns":8},{"damage":0,"enemies":"4 Shapes","floor":44,"turns":11},{"damage":28,"enemies":"Giant Head","floor":46,"turns":10},{"damage":18,"enemies":"3 Darklings","floor":47,"turns":6},{"damage":21,"enemies":"Nemesis","floor":48,"turns":5},{"damage":40,"enemies":"Awakened One","floor":50,"turns":12},{"damage":98,"enemies":"Shield and Spear","floor":54,"turns":9},{"damage":118,"enemies":"The Heart","floor":55,"turns":8}],"seed_played":"-1159665956607564785","potions_obtained":[{"floor":4.0,"key":"sagemod:Wine"},{"floor":6.0,"key":"PowerPotion"},{"floor":7.0,"key":"Fire Potion"},{"floor":14.0,"key":"Dexterity Potion"},{"floor":27.0,"key":"Energy Potion"},{"floor":30.0,"key":"DuplicationPotion"},{"floor":31.0,"key":"sagemod:Wine"},{"floor":35,"key":"ColorlessPotion"},{"floor":38,"key":"CultistPotion"},{"floor":39,"key":"Weak Potion"},{"floor":41,"key":"GamblersBrew"},{"floor":44,"key":"AttackPotion"}],"is_trial":false,"path_per_floor":["M","M","M","M","?","E","M","E","T","?","R","M","R","M","R","B",null,"M","?","$","M","M","R","E","M","T","E","?","M","M","M","R","B",null,"M","?","?","M","M","R","M","R","T","M","?","E","M","E","R","B",null,"R","$","E","B"],"character_chosen":"TheValiant","items_purchased":["Zen","bronze:DonusWashers","Potion Belt"],"campfire_rested":0,"item_purchase_floors":[20,20,20],"current_hp_per_floor":[110,110,110,110,99,71,80,80,80,80,80,94,94,105,105,104,110,110,110,110,110,108,108,97,101,101,110,110,104,112,117,117,124,124,114,59,59,73,84,84,124,124,124,124,124,124,124,124,124,122,124,124,124,67,0,0],"gold":18,"neow_bonus":"TEN_PERCENT_HP_BONUS","is_daily":false,"chose_seed":false,"campfire_upgraded":8,"win_rate":0.0,"timestamp":1613825445,"path_taken":["M","M","M","M","?","E","M","E","T","?","R","M","R","M","R","BOSS","M","?","$","?","M","R","E","?","T","E","?","M","?","M","R","BOSS","M","?","?","M","M","R","M","R","T","?","?","E","M","E","R","BOSS","R","$","E","BOSS"],"items_purchased_type":["Card","Relic","Relic"],"build_version":"2020-12-22","purchased_purges":1,"victory":false,"max_hp_per_floor":[110,110,110,110,110,110,110,110,110,110,110,110,110,110,110,110,110,110,110,110,110,110,110,110,110,110,124,124,124,124,124,124,124,124,124,124,124,124,124,124,124,124,124,124,124,124,124,124,124,124,124,124,124,124,124,124],"card_choices":[{"not_picked":["SeekAnswers","ZealousPersecution"],"picked":"PiercingStab","floor":1.0},{"not_picked":["FlashOfAnger","ItsSmitingTime"],"picked":"PushOnward","floor":2.0},{"not_picked":["SeekAnswers","ToweringCharge"],"picked":"HolyStorm","floor":3.0},{"not_picked":["ItsSmitingTime","Vindication"],"picked":"TakeAim","floor":4.0},{"not_picked":["ReduceToNothing","MercilessSmite"],"picked":"AuraDischarge","floor":6.0},{"not_picked":["ToweringCharge","SeekAnswers"],"picked":"HolyFury","floor":7.0},{"not_picked":["Quickstep","PushOnward","AbandonReason"],"picked":"SKIP","floor":8.0},{"not_picked":["Cleanse","Retaliate","TurnTables"],"picked":"SKIP","floor":12.0},{"not_picked":["MightForm","HolyFury","Cleanse"],"picked":"SKIP","floor":14.0},{"not_picked":["DeadlyPlay","Salvation"],"picked":"HolyStorm","floor":16.0},{"not_picked":["PushOnward","Decimate"],"picked":"InsightfulPrayer+2","floor":18.0},{"not_picked":["HolyFury","TurnTables","GracefulSiphon+1"],"picked":"SKIP","floor":21.0},{"not_picked":["PushOnward","AbandonReason","Meaballize"],"picked":"SKIP","floor":22.0},{"not_picked":["PiercingStab","AtAllCosts"],"picked":"Quickstep","floor":24.0},{"not_picked":["HolyFury","MercilessSmite"],"picked":"EmpoweringForce","floor":25.0},{"not_picked":["PiercingStab","ZealousPersecution"],"picked":"FuriousSmite+1","floor":27.0},{"not_picked":["ToweringCharge","Radiance"],"picked":"TurnTables+1","floor":29.0},{"not_picked":["Meaballize","Radiance"],"picked":"SeekAnswers+1","floor":30.0},{"not_picked":["HolyLight","HolyFury"],"picked":"DivineFavor+1","floor":31.0},{"not_picked":["WeakForm+1","TearPsyche"],"picked":"FullAwakening+1","floor":33.0},{"not_picked":["AuraDischarge+1","Retaliate"],"picked":"Guardian+1","floor":35},{"not_picked":["Radiance","RecklessSmite+1"],"picked":"ZealousSmite+1","floor":38},{"not_picked":["FlashOfAnger","InsightfulPrayer+2"],"picked":"HolyFury+1","floor":39},{"not_picked":["MaddeningRevelation+1","ArcaneHealing"],"picked":"CombatDance","floor":41},{"not_picked":["UnyieldingZeal","ArcaneHealing"],"picked":"TempoMaster+1","floor":44},{"not_picked":["MercilessSmite+1","InsightfulPrayer+2","QuickSiphon"],"picked":"SKIP","floor":46},{"not_picked":["Uprising+1","TakeAim+1"],"picked":"QuickSiphon+1","floor":47},{"not_picked":["WideSmite+1","TearSoul+1"],"picked":"UnyieldingZeal+1","floor":48},{"not_picked":["Chainer+1","Meaballize+1"],"picked":"DeadlyPlay","floor":54}],"player_experience":3096382,"relics_obtained":[{"floor":6.0,"key":"Unceasing Top"},{"floor":8.0,"key":"Vajra"},{"floor":9.0,"key":"Shuriken"},{"floor":24.0,"key":"Bag of Preparation"},{"floor":27.0,"key":"Mango"},{"floor":34.0,"key":"Winged Necklace"},{"floor":34.0,"key":"Kunai"},{"floor":34.0,"key":"FossilizedHelix"},{"floor":36,"key":"sagemod:Creepy_Carousel"},{"floor":43,"key":"Runesmith:Nanobots"},{"floor":46,"key":"Happy Flower"},{"floor":48,"key":"Omamori"},{"floor":54,"key":"Toy Ornithopter"}],"event_choices":[{"damage_healed":0.0,"max_hp_gain":0.0,"max_hp_loss":0.0,"gold_gain":75.0,"event_name":"World of Goop","player_choice":"Gather Gold","floor":5.0,"gold_loss":0.0,"damage_taken":11.0},{"damage_healed":0.0,"max_hp_gain":0.0,"max_hp_loss":0.0,"gold_gain":0.0,"event_name":"Liars Game","player_choice":"Ignored","floor":10.0,"gold_loss":0.0,"damage_taken":0.0},{"damage_healed":0.0,"max_hp_gain":0.0,"max_hp_loss":0.0,"gold_gain":100.0,"event_name":"The Joust","player_choice":"Bet on Murderer","floor":19.0,"gold_loss":50.0,"damage_taken":0.0},{"damage_healed":0.0,"max_hp_gain":0.0,"max_hp_loss":0.0,"gold_gain":0.0,"event_name":"WeMeetAgain","player_choice":"Gave Potion","floor":28.0,"gold_loss":0.0,"damage_taken":0.0,"relics_obtained":["Frozen Egg 2"]},{"damage_healed":0,"gold_gain":0,"player_choice":"Fight","damage_taken":0,"max_hp_gain":0,"max_hp_loss":0,"event_name":"Mysterious Sphere","floor":36,"gold_loss":0},{"damage_healed":0,"gold_gain":0,"cards_transformed":["Strike_Valiant"],"player_choice":"Transformed","damage_taken":0,"max_hp_gain":0,"max_hp_loss":0,"event_name":"Transmorgrifier","floor":37,"gold_loss":0,"cards_obtained":["PeacefulStance"]},{"damage_healed":0,"gold_gain":0,"player_choice":"Rummage","damage_taken":0,"relics_obtained":["WarpedTongs"],"max_hp_gain":0,"max_hp_loss":0,"event_name":"Accursed Blacksmith","floor":45,"gold_loss":0,"cards_obtained":["Pain"]}],"is_beta":false,"boss_relics":[{"not_picked":["SacredBark","Empty Cage"],"picked":"Ectoplasm"},{"not_picked":["bronze:MakeshiftBattery","Sozu"],"picked":"Calling Bell"}],"items_purged_floors":[20],"is_endless":false,"potions_floor_spawned":[4,6,7,14,16,18,27,30,31,35,38,39,41,44],"killed_by":"The Heart","ascension_level":0}}