{"host":"k919bq8mkuzdqhzi","time":1613783349,"event":{"mods":["AchievementEnabler","BaseMod","Colored Map","Colored Powertips","DeckTracker","Minty Spire (QoL Compilation)","Relic Sorter","SuperFastMode"],"gold_per_floor":[116,128,148,148,162,162,175,175,201,201,219,219,242,261,261,361,361,371,72,72,72,89,120,120,136,136,136,167,167,187,206,206,307,307,321,371,17,17,94,94,41,41,110,110,139,155,168,178,178,178],"floor_reached":51,"language":"ENG","playtime":2983,"items_purged":["Strike_P","Strike_P"],"score":787,"play_id":"b57949ff-beb4-42a3-887f-a24a21f8527c","local_time":"20210219200909","is_ascension_mode":false,"campfire_choices":[{"data":"Vigilance","floor":6,"key":"SMITH"},{"data":"ClearTheMind","floor":8,"key":"SMITH"},{"data":"Halt","floor":10,"key":"SMITH"},{"data":"SignatureMove","floor":12,"key":"SMITH"},{"floor":15,"key":"REST"},{"data":"Vault","floor":24,"key":"SMITH"},{"data":"CrushJoints","floor":27,"key":"SMITH"},{"data":"Protect","floor":29,"key":"SMITH"},{"data":"WaveOfTheHand","floor":32,"key":"SMITH"},{"data":"Wish","floor":40,"key":"SMITH"},{"data":"WindmillStrike","floor":42,"key":"SMITH"},{"data":"EmptyFist","floor":44,"key":"SMITH"},{"data":"Establishment","floor":49,"key":"SMITH"}],"circlet_count":0,"master_deck":["Strike_P","Defend_P+1","Defend_P","Defend_P","Defend_P+1","Eruption+1","Vigilance+1","Sanctity","Vengeance","ClearTheMind+1","FearNoEvil","Halt+1","SignatureMove+1","BattleHymn","WindmillStrike+1","Vault+1","Perseverance+1","WaveOfTheHand+1","CrushJoints+1","RitualDagger","SashWhip+1","EmptyBody+1","Protect+1","Crescendo+1","Wish+1","FlurryOfBlows+1","EmptyFist+1","Establishment+1","Parasite","FollowUp+1"],"relics":["HolyWater","Oddly Smooth Stone","Odd Mushroom","Sozu","Blood Vial","War Paint","Toy Ornithopter","Eternal Feather","Red Mask","Mango","Mummified Hand","Sundial","Kunai","Bottled Flame"],"acts_visited":["Exordium","TheCity","TheBeyond"],"potions_floor_usage":[16,16,23],"damage_taken":[{"damage":2,"enemies":"Cultist","floor":1,"turns":3},{"damage":0,"enemies":"Jaw Worm","floor":2,"turns":3},{"damage":0,"enemies":"Small Slimes","floor":3,"turns":2},{"damage":11,"enemies":"2 Fungi Beasts","floor":5,"turns":4},{"damage":0,"enemies":"Large Slime","floor":7,"turns":4},{"damage":10,"enemies":"Exordium Wildlife","floor":11,"turns":3},{"damage":42,"enemies":"The Mushroom Lair","floor":13,"turns":5},{"damage":0,"enemies":"3 Louse","floor":14,"turns":2},{"damage":4,"enemies":"Slime Boss","floor":16,"turns":7},{"damage":0,"enemies":"2 Thieves","floor":18,"turns":4},{"damage":0,"enemies":"Chosen","floor":22,"turns":3},{"damage":1,"enemies":"Slavers","floor":23,"turns":7},{"damage":1,"enemies":"Shelled Parasite and Fungi","floor":25,"turns":6},{"damage":25,"enemies":"Masked Bandits","floor":28,"turns":6},{"damage":10,"enemies":"Chosen and Byrds","floor":30,"turns":5},{"damage":6,"enemies":"Snake Plant","floor":31,"turns":2},{"damage":23,"enemies":"Collector","floor":33,"turns":12},{"damage":0,"enemies":"Orb Walker","floor":35,"turns":4},{"damage":38,"enemies":"Mind Bloom Boss Battle","floor":36,"turns":5},{"damage":2,"enemies":"Nemesis","floor":45,"turns":6},{"damage":0,"enemies":"3 Darklings","floor":46,"turns":4},{"damage":11,"enemies":"Writhing Mass","floor":47,"turns":4},{"damage":2,"enemies":"Jaw Worm Horde","floor":48,"turns":5},{"damage":85,"enemies":"Time Eater","floor":50,"turns":12}],"seed_played":"1828823036217783151","potions_obtained":[{"floor":1,"key":"ColorlessPotion"},{"floor":2,"key":"BottledMiracle"},{"floor":7,"key":"Energy Potion"}],"is_trial":false,"path_per_floor":["M","M","M","?","M","R","M","R","T","R","M","R","?","M","R","B",null,"M","$","?","?","M","E","R","M","T","R","?","R","M","M","R","B",null,"M","?","$","?","T","R","$","R","T","R","E","M","M","M","R","B",null],"character_chosen":"WATCHER","items_purchased":["Blood Vial","WaveOfTheHand","CrushJoints","Mummified Hand","EmptyFist"],"campfire_rested":1,"item_purchase_floors":[19,19,19,37,41],"current_hp_per_floor":[70,70,70,75,64,64,64,64,64,64,54,54,12,12,35,31,77,77,77,77,71,73,74,74,75,75,77,52,67,59,55,70,49,77,77,53,53,53,53,68,68,83,83,91,89,91,80,80,91,6],"gold":178,"neow_bonus":"UPGRADE_CARD","is_daily":false,"chose_seed":false,"campfire_upgraded":12,"win_rate":0.0,"timestamp":1613783349,"path_taken":["M","?","M","?","M","R","M","R","T","R","M","R","?","M","R","BOSS","M","$","?","?","M","E","R","M","T","R","?","R","?","M","R","BOSS","M","?","$","?","?","R","?","R","T","R","E","?","?","M","R","BOSS"],"items_purchased_type":["Relic","Card","Card","Relic","Card"],"build_version":"2020-12-22","purchased_purges":2,"victory":true,"max_hp_per_floor":[72,72,72,77,77,77,77,77,77,77,77,77,77,77,77,77,77,77,77,77,77,77,77,77,77,77,77,77,77,77,77,77,77,77,77,91,91,91,91,91,91,91,91,91,91,91,91,91,91,91],"card_choices":[{"not_picked":["Wireheading","FollowUp"],"picked":"Sanctity","floor":1},{"not_picked":["Consecrate","ThirdEye"],"picked":"Vengeance","floor":2},{"not_picked":["FollowUp","FlyingSleeves"],"picked":"ClearTheMind","floor":3},{"not_picked":["EmptyBody","SashWhip"],"picked":"FearNoEvil","floor":5},{"not_picked":["InnerPeace","Consecrate"],"picked":"Halt","floor":7},{"not_picked":["MentalFortress","Pray"],"picked":"SignatureMove","floor":11},{"not_picked":["Pray","FollowUp"],"picked":"BattleHymn","floor":13},{"not_picked":["Consecrate","FollowUp"],"picked":"WindmillStrike","floor":14},{"not_picked":["Omniscience","Ragnarok"],"picked":"Vault","floor":16},{"not_picked":["BowlingBash","JustLucky"],"picked":"Perseverance+1","floor":18},{"not_picked":["EmptyFist","EmptyBody"],"picked":"SashWhip+1","floor":22},{"not_picked":["ThirdEye+1","PathToVictory+1"],"picked":"EmptyBody+1","floor":23},{"not_picked":["Wireheading","ThirdEye","BattleHymn"],"picked":"SKIP","floor":25},{"not_picked":["Vault","EmptyMind"],"picked":"Protect","floor":28},{"not_picked":["Protect+1","FlyingSleeves","FollowUp"],"picked":"SKIP","floor":30},{"not_picked":["Vengeance","SashWhip"],"picked":"Crescendo+1","floor":31},{"not_picked":["DevaForm","Brilliance"],"picked":"Wish","floor":33},{"not_picked":["ReachHeaven+1","ForeignInfluence"],"picked":"FlurryOfBlows+1","floor":35},{"not_picked":["Sanctity+1","SashWhip","Establishment"],"picked":"SKIP","floor":45},{"not_picked":["Sanctity+1","SashWhip"],"picked":"Establishment","floor":45},{"not_picked":["Halt","TalkToTheHand","Evaluate"],"picked":"SKIP","floor":46},{"not_picked":["DeceiveReality","FearNoEvil+1"],"picked":"FollowUp+1","floor":47},{"not_picked":["Prostrate","Worship+1","BowlingBash"],"picked":"SKIP","floor":48}],"player_experience":172395,"relics_obtained":[{"floor":9,"key":"Oddly Smooth Stone"},{"floor":13,"key":"Odd Mushroom"},{"floor":23,"key":"Toy Ornithopter"},{"floor":26,"key":"Eternal Feather"},{"floor":28,"key":"Red Mask"},{"floor":36,"key":"Mango"},{"floor":39,"key":"Sundial"},{"floor":43,"key":"Kunai"},{"floor":45,"key":"Bottled Flame"}],"event_choices":[{"damage_healed":0,"gold_gain":0,"player_choice":"Donut","damage_taken":0,"max_hp_gain":5,"max_hp_loss":0,"event_name":"Big Fish","floor":4,"gold_loss":0},{"damage_healed":0,"gold_gain":0,"player_choice":"Fought Mushrooms","damage_taken":0,"max_hp_gain":0,"max_hp_loss":0,"event_name":"Mushrooms","floor":13,"gold_loss":0},{"damage_healed":0,"gold_gain":0,"player_choice":"Opened","damage_taken":0,"relics_obtained":["War Paint"],"max_hp_gain":0,"max_hp_loss":0,"event_name":"The Mausoleum","floor":20,"gold_loss":0},{"damage_healed":0,"gold_gain":0,"player_choice":"Joined the Cult","damage_taken":6,"max_hp_gain":0,"max_hp_loss":0,"event_name":"Nest","floor":21,"gold_loss":0,"cards_obtained":["RitualDagger"]},{"damage_healed":0,"gold_gain":0,"player_choice":"Fought Bandits","damage_taken":0,"max_hp_gain":0,"max_hp_loss":0,"event_name":"Masked Bandits","floor":28,"gold_loss":0},{"damage_healed":0,"gold_gain":0,"player_choice":"Fight","damage_taken":0,"max_hp_gain":0,"max_hp_loss":0,"event_name":"MindBloom","floor":36,"gold_loss":0},{"cards_removed":["Strike_P"],"damage_healed":0,"gold_gain":0,"player_choice":"Removed Attack","damage_taken":0,"max_hp_gain":0,"max_hp_loss":0,"event_name":"Falling","floor":38,"gold_loss":0}],"is_beta":false,"boss_relics":[{"not_picked":["SlaversCollar","Fusion Hammer"],"picked":"Sozu"},{"not_picked":["Calling Bell","Runic Dome"],"picked":"HolyWater"}],"items_purged_floors":[19,37],"is_endless":false,"potions_floor_spawned":[1,2,7,11,22,23,31,33,35,36],"ascension_level":0}}