{"host":"nn8ykqwz2w24pkn4","time":1613861685,"event":{"mods":["AchievementEnabler","Aspiration","BaseMod","Better Note","BetterRewards","DNKmod","Friendly Minions","Gold Saver","Highlight Path","Hubris","Minty Spire (QoL Compilation)","Rare Cards Sparkle","Spire Birthday Party","StSLib","Uncapped","Unceasing Turn Reminder","egg"],"gold_per_floor":[365,380,380,130,145,145,160,160,160,160,190,136,136,151,151,251,251,266,281,31,46,61,61,61,61,86,86,86,101,116,131,131,231,231,246,246,261,285,285,285,135,135,210,225,240,240,255,270,270,270],"floor_reached":51,"language":"ENG","playtime":3204,"items_purged":[],"score":976,"play_id":"1d094b47-c436-4dd3-820a-69e36921cf5a","local_time":"20210220145445","daily_mods":["Shiny","Red Cards","DeadlyEvents"],"is_ascension_mode":false,"campfire_choices":[{"data":"Echo Form","floor":6,"key":"SMITH"},{"data":"Seek","floor":8,"key":"SMITH"},{"data":"Double Tap","floor":13,"key":"SMITH"},{"data":"Amplify","floor":15,"key":"SMITH"},{"data":"Demon Form","floor":23,"key":"SMITH"},{"data":"Heavy Blade","floor":25,"key":"SMITH"},{"data":"Juggernaut","floor":28,"key":"SMITH"},{"data":"Exhume","floor":32,"key":"SMITH"},{"data":"Dual Wield","floor":40,"key":"SMITH"},{"data":"Rupture","floor":46,"key":"SMITH"},{"data":"hubris:ReadiedAction","floor":49,"key":"SMITH"}],"circlet_count":0,"master_deck":["Double Tap+1","Demon Form+1","Fiend Fire","Berserk","Impervious","Juggernaut+1","Brutality","Exhume+1","Offering","Bludgeon","Feed","Limit Break+1","Corruption","Barricade","hubris:StunningStrike","Reaper","Immolate","Hyperbeam","Machine Learning","Buffer","Seek+1","Echo Form+1","All For One","Reboot","Fission","Core Surge","Multi-Cast","Thunder Strike","hubris:DoWhile","Biased Cognition","Electrodynamics","Rainbow","Meteor Strike","Amplify+1","hubris:Prefetch","hubris:SpecializedCircuitry","Creative AI","Rebound","Headbutt","Sunder","Feel No Pain","Heavy Blade+1","hubris:ReadiedAction+1","Dual Wield+1","Blood for Blood+1","Twin Strike+1","Rupture+1","The Bomb","Whirlwind+1"],"relics":["Cracked Core","Letter Opener","Centennial Puzzle","Eternal Feather","hubris:TenFootPole","hubris:Backtick","hubris:GlazedTorus","aspiration:FetidBarrel","hubris:Towel","Bag of Preparation","Ice Cream","aspiration:Lifesprig","hubris:Reverence"],"acts_visited":["Exordium","TheCity","TheBeyond"],"potions_floor_usage":[33,33,38,50,50,50],"damage_taken":[{"damage":0,"enemies":"Cultist","floor":1,"turns":2},{"damage":0,"enemies":"Jaw Worm","floor":2,"turns":2},{"damage":0,"enemies":"Small Slimes","floor":5,"turns":2},{"damage":6,"enemies":"Looter","floor":7,"turns":1},{"damage":0,"enemies":"3 Sentries","floor":11,"turns":1},{"damage":0,"enemies":"2 Fungi Beasts","floor":14,"turns":1},{"damage":6,"enemies":"Hexaghost","floor":16,"turns":7},{"damage":0,"enemies":"Spheric Guardian","floor":18,"turns":3},{"damage":0,"enemies":"Chosen","floor":19,"turns":4},{"damage":12,"enemies":"Snecko","floor":21,"turns":2},{"damage":0,"enemies":"Snake Plant","floor":22,"turns":4},{"damage":16,"enemies":"Cultist and Chosen","floor":29,"turns":3},{"damage":6,"enemies":"Centurion and Healer","floor":30,"turns":2},{"damage":6,"enemies":"Shelled Parasite and Fungi","floor":31,"turns":3},{"damage":12,"enemies":"Champ","floor":33,"turns":6},{"damage":0,"enemies":"Orb Walker","floor":35,"turns":3},{"damage":0,"enemies":"3 Shapes","floor":37,"turns":2},{"damage":63,"enemies":"2 Orb Walkers","floor":38,"turns":5},{"damage":6,"enemies":"Maw","floor":44,"turns":5},{"damage":13,"enemies":"Jaw Worm Horde","floor":45,"turns":3},{"damage":0,"enemies":"3 Darklings","floor":47,"turns":2},{"damage":17,"enemies":"Sphere and 2 Shapes","floor":48,"turns":3},{"damage":15,"enemies":"Awakened One","floor":50,"turns":7}],"seed_played":"3618718455484561711","potions_obtained":[{"floor":14,"key":"BlessingOfTheForge"},{"floor":16,"key":"GamblersBrew"},{"floor":19,"key":"Dexterity Potion"},{"floor":21,"key":"DuplicationPotion"},{"floor":31,"key":"DuplicationPotion"},{"floor":33,"key":"FearPotion"},{"floor":37,"key":"Weak Potion"},{"floor":38,"key":"LiquidBronze"}],"is_trial":false,"path_per_floor":["M","M","?","$","M","R","M","R","T","T","E","$","R","M","R","B",null,"M","M","$","M","M","R","?","R","T","$","R","M","M","M","R","B",null,"M","$","M","?","?","R","$","?","T","M","M","R","M","M","R","B",null],"character_chosen":"DEFECT","items_purchased":["Letter Opener","Headbutt","aspiration:FetidBarrel","aspiration:Lifesprig"],"campfire_rested":0,"item_purchase_floors":[4,12,20,41],"current_hp_per_floor":[125,125,125,125,125,125,119,119,119,119,119,119,125,125,125,125,125,125,125,125,113,118,125,125,125,125,125,125,125,122,116,128,116,128,128,128,128,65,68,95,95,95,95,89,80,107,107,131,131,131],"gold":270,"neow_bonus":"","is_daily":true,"chose_seed":false,"campfire_upgraded":11,"win_rate":0.0,"timestamp":1613861685,"path_taken":["M","M","?","$","M","R","M","R","T","?","?","$","R","M","R","BOSS","M","M","$","?","M","R","?","R","T","?","R","M","M","M","R","BOSS","M","$","M","?","?","R","$","?","T","M","?","R","M","M","R","BOSS"],"items_purchased_type":["Relic","Card","Relic","Relic"],"build_version":"2020-12-22","purchased_purges":0,"victory":true,"max_hp_per_floor":[125,125,125,125,125,125,125,125,125,125,125,125,125,125,125,125,125,125,125,125,125,125,125,125,125,125,125,125,125,128,128,128,128,128,128,128,128,128,131,131,131,131,131,131,131,131,131,131,131,131],"card_choices":[{"not_picked":["Redo","Warcry","Combust"],"picked":"SKIP","floor":1},{"not_picked":["Leap","Coolheaded","Clothesline"],"picked":"SKIP","floor":2},{"not_picked":["Evolve","Coolheaded","Combust"],"picked":"SKIP","floor":5},{"not_picked":["Intimidate","Carnage"],"picked":"Rebound","floor":7},{"not_picked":["Armaments","Havoc","Twin Strike"],"picked":"SKIP","floor":11},{"not_picked":["Compile Driver","Pommel Strike","Conserve Battery"],"picked":"SKIP","floor":14},{"not_picked":["Ball Lightning","hubris:SharpeningStone","Evolve+1"],"picked":"SKIP","floor":18},{"not_picked":["Beam Cell","Fusion"],"picked":"Sunder","floor":19},{"not_picked":["Havoc+1","Hemokinesis"],"picked":"Feel No Pain","floor":21},{"not_picked":["Loop","Sweeping Beam"],"picked":"Heavy Blade","floor":22},{"not_picked":["Conserve Battery","Undo+1"],"picked":"hubris:ReadiedAction","floor":29},{"not_picked":["Cleave","Reinforced Body"],"picked":"Dual Wield","floor":30},{"not_picked":["Havoc","Anger","Steam"],"picked":"SKIP","floor":31},{"not_picked":["Cold Snap+1","Genetic Algorithm"],"picked":"Blood for Blood+1","floor":35},{"not_picked":["Warcry+1","Battle Trance+1"],"picked":"Twin Strike+1","floor":37},{"not_picked":["Recycle","Turbo"],"picked":"Rupture","floor":38},{"not_picked":["Forethought","hubris:Ssssneak"],"picked":"The Bomb","floor":42},{"not_picked":["Consume","Searing Blow","Cold Snap"],"picked":"SKIP","floor":44},{"not_picked":["Tempest+1","Blizzard","True Grit"],"picked":"SKIP","floor":45},{"not_picked":["Sword Boomerang","Coolheaded","Hologram"],"picked":"SKIP","floor":47},{"not_picked":["Clash+1","Heatsinks+1"],"picked":"Whirlwind+1","floor":48}],"player_experience":429742,"relics_obtained":[{"floor":9,"key":"Centennial Puzzle"},{"floor":10,"key":"Eternal Feather"},{"floor":11,"key":"hubris:TenFootPole"},{"floor":26,"key":"Bag of Preparation"},{"floor":38,"key":"Ice Cream"},{"floor":43,"key":"hubris:Reverence"}],"event_choices":[{"damage_healed":0,"gold_gain":0,"player_choice":"Grow","damage_taken":0,"max_hp_gain":0,"max_hp_loss":0,"event_name":"Living Wall","floor":3,"gold_loss":0,"cards_upgraded":["Limit Break"]},{"damage_healed":0,"gold_gain":0,"player_choice":"Fight","damage_taken":0,"max_hp_gain":0,"max_hp_loss":0,"event_name":"Mysterious Sphere","floor":38,"gold_loss":0},{"damage_healed":0,"gold_gain":0,"player_choice":"Memory 1","damage_taken":0,"max_hp_gain":0,"max_hp_loss":0,"event_name":"SensoryStone","floor":42,"gold_loss":0}],"is_beta":false,"boss_relics":[{"not_picked":["hubris:TerracottaHorce","Snecko Eye"],"picked":"hubris:Backtick"},{"not_picked":["hubris:Stopwatch","aspiration:BursterCore","aspiration:FutureDiary"]}],"items_purged_floors":[],"is_endless":false,"potions_floor_spawned":[14,16,19,21,31,33,37,38,44],"ascension_level":0}}