{"host":"leaz4ay2evvu5l18","time":1613851726,"event":{"mods":["BaseMod","Colored Map","Downfall","Minty Spire (QoL Compilation)","StSLib"],"gold_per_floor":[99,116,116,127,127,145,145,165,65,79,79,109,9,9,27,127,127,127,145,51,68,68,68,118,118,147,160,170,190,205,239,258,355,355,355,372,387,387,387,387],"floor_reached":38,"language":"ENG","playtime":4075,"items_purged":[],"score":441,"play_id":"1d37d98d-4070-4d2e-9dc2-e1eaefeaae72","local_time":"20210220200846","is_ascension_mode":true,"campfire_choices":[{"floor":1.0,"key":"RECALL"},{"data":"Slimebound:CorrosiveSpit","floor":9.0,"key":"SMITH"},{"data":"Slimebound:Split","floor":11.0,"key":"SMITH"},{"data":"Slimebound:RallyTheTroops","floor":13.0,"key":"SMITH"},{"data":"Slimebound:RallyTheTroops","floor":18.0,"key":"SMITH"},{"data":"Slimebound:Repurpose","floor":23.0,"key":"SMITH"},{"data":"Slimebound:Tackle","floor":25.0,"key":"SMITH"},{"data":"Slimebound:AcidTongue","floor":35.0,"key":"SMITH"}],"circlet_count":0,"master_deck":["Slimebound:Strike_Slimebound+1","Slimebound:Tackle+1","Slimebound:Defend_Slimebound+1","Slimebound:Defend_Slimebound","Slimebound:Split+1","Slimebound:CorrosiveSpit+1","Slimebound:LivingWall+1","Slimebound:SplitAcid","Slimebound:SplitMire","Slimebound:LeechingTouch","Slimebound:SplitAcid","Slimebound:LeechEnergy","Slimebound:RallyTheTroops+1","downfall:Malfunctioning","Slimebound:Repurpose+1","Slimebound:RallyTheTroops+1","Slimebound:RainOfGoop+1","Slimebound:LeadByExample+1","Slimebound:LevelUp+1","downfall:Malfunctioning","Slimebound:AcidTongue+1","Slimebound:HauntingLick+1","Slimebound:ProtectTheBoss","Slimebound:SplitAcid","Slimebound:SplitMire","Slimebound:OozeBath","Slimebound:SplitLeeching+1","Slimebound:SplitBruiser+1","Slimebound:OozeBath+1","Slimebound:Dissolve+1","Slimebound:Gluttony+1"],"relics":["Slimebound:AbsorbEndCombat","Torii","Blue Candle","downfall:HeartBlessingRed","Lantern","downfall:HeartBlessingGreen","Coffee Dripper","MealTicket","Tiny Chest","Toy Ornithopter","Astrolabe"],"acts_visited":["Exordium","TheCity","TheBeyond"],"potions_floor_usage":[],"damage_taken":[{"damage":1.0,"enemies":"Jaw Worm","floor":2.0,"turns":4.0},{"damage":3.0,"enemies":"Small Slimes","floor":4.0,"turns":3.0},{"damage":1.0,"enemies":"Cultist","floor":6.0,"turns":3.0},{"damage":2.0,"enemies":"2 Fungi Beasts","floor":8.0,"turns":3.0},{"damage":1.0,"enemies":"3 Louse","floor":10.0,"turns":3.0},{"damage":6.0,"enemies":"Lagavulin","floor":12.0,"turns":6.0},{"damage":0.0,"enemies":"Gremlin Gang","floor":15.0,"turns":1.0},{"damage":25.0,"enemies":"WA_ARCHETYPE_RETAIN","floor":16.0,"turns":7.0},{"damage":0.0,"enemies":"3 Byrds","floor":19.0,"turns":3.0},{"damage":3.0,"enemies":"downfall:FleeingMerchant","floor":20.0,"turns":4.0},{"damage":2.0,"enemies":"Shell Parasite","floor":21.0,"turns":4.0},{"damage":11.0,"enemies":"Book of Stabbing","floor":26.0,"turns":5.0},{"damage":16.0,"enemies":"Centurion and Healer","floor":27.0,"turns":5.0},{"damage":15.0,"enemies":"Snake Plant","floor":28.0,"turns":3.0},{"damage":7.0,"enemies":"3 Cultists","floor":29.0,"turns":4.0},{"damage":11.0,"enemies":"Centurion and Healer","floor":30.0,"turns":5.0},{"damage":17.0,"enemies":"Gremlin Leader","floor":31.0,"turns":4.0},{"damage":3.0,"enemies":"Chosen and Byrds","floor":32.0,"turns":3.0},{"damage":3.0,"enemies":"IC_MUSHROOM_ARCHETYPE","floor":33.0,"turns":7.0},{"damage":43.0,"enemies":"3 Darklings","floor":36.0,"turns":6.0},{"damage":0.0,"enemies":"3 Shapes","floor":37.0,"turns":3.0},{"damage":45,"enemies":"Writhing Mass","floor":38,"turns":2}],"seed_played":"1292779846376023857","potions_obtained":[{"floor":6.0,"key":"Energy Potion"},{"floor":8.0,"key":"Swift Potion"},{"floor":10.0,"key":"Slimebound:SlimedPotion"},{"floor":16.0,"key":"SpeedPotion"},{"floor":21.0,"key":"Dexterity Potion"},{"floor":27.0,"key":"bronze:BurnAndBuffPotion"},{"floor":28.0,"key":"Energy Potion"},{"floor":30.0,"key":"sneckomod:MuddlingPotion"},{"floor":31.0,"key":"LiquidBronze"},{"floor":36.0,"key":"Guardian:BlockOnCardUsePotion"}],"is_trial":false,"path_per_floor":["R","M","?","M","?","M","T","M","R","M","R","E","R","?","M","B",null,"R","M","$","M","?","R","T","R","E","M","M","M","M","E","M","B",null,"R","M","M","M"],"character_chosen":"SLIMEBOUND","items_purchased":["Slimebound:LeadByExample"],"campfire_rested":0,"item_purchase_floors":[20],"current_hp_per_floor":[59,59,64,61,61,62,62,64,64,64,64,60,60,60,62,40,64,64,64,64,64,64,64,64,64,56,46,37,36,31,20,26,41,64,64,27,35,0,0,0],"gold":387,"neow_bonus":"ONE_RARE_RELIC","is_daily":false,"chose_seed":false,"campfire_upgraded":7,"win_rate":0.0,"timestamp":1613851726,"path_taken":["R","M","?","M","?","?","T","M","R","M","R","E","R","?","M","BOSS","R","M","$","M","?","R","T","R","E","M","M","M","M","E","M","BOSS","R","M","M","?"],"items_purchased_type":["Card"],"build_version":"2020-12-22","purchased_purges":0,"victory":false,"max_hp_per_floor":[59,59,64,64,64,64,64,64,64,64,64,64,64,64,64,64,64,64,64,64,64,64,64,64,64,64,64,64,64,64,64,64,64,64,64,64,64,64,64,64],"card_choices":[{"not_picked":["Slimebound:LeechEnergy","Slimebound:ViciousTackle"],"picked":"Slimebound:LivingWall","floor":2.0},{"not_picked":["Slimebound:ItLooksTasty","Slimebound:SlimeSpikes"],"picked":"Slimebound:SplitAcid","floor":4.0},{"not_picked":["Slimebound:SlimeSpikes","Slimebound:TongueLash"],"picked":"Slimebound:LeechingTouch","floor":6.0},{"not_picked":["Slimebound:SamplingLick","Slimebound:MegaLick"],"picked":"Slimebound:SplitAcid","floor":8.0},{"not_picked":["Slimebound:FinishingTackle","Slimebound:Schlurp"],"picked":"Slimebound:LeechEnergy","floor":10.0},{"not_picked":["Slimebound:GoopTackle","Slimebound:SplitBruiser"],"picked":"Slimebound:RallyTheTroops","floor":12.0},{"not_picked":["Slimebound:Chomp","Slimebound:SlimeSpikes"],"picked":"Slimebound:Repurpose","floor":15.0},{"not_picked":["Slimebound:MassFeed","Slimebound:OozeBath"],"picked":"Slimebound:RallyTheTroops","floor":16.0},{"not_picked":["Slimebound:AcidTongue","Slimebound:GoopTackle","Slimebound:RollThrough"],"picked":"SKIP","floor":19.0},{"not_picked":["Slimebound:LeechEnergy","Slimebound:Schlurp"],"picked":"Slimebound:RainOfGoop","floor":20.0},{"not_picked":["Slimebound:Schlurp","Slimebound:SplitLeeching"],"picked":"Slimebound:LevelUp+1","floor":21.0},{"not_picked":["Slimebound:FinishingTackle","Slimebound:Schlurp"],"picked":"Slimebound:AcidTongue","floor":26.0},{"not_picked":["Slimebound:DisruptingSlam","Slimebound:LivingWall"],"picked":"Slimebound:HauntingLick+1","floor":27.0},{"not_picked":["Slimebound:RollThrough","Slimebound:SplitLeeching","Slimebound:SamplingLick"],"picked":"SKIP","floor":28.0},{"not_picked":["Slimebound:Replication","Slimebound:AcidTongue"],"picked":"Slimebound:ProtectTheBoss","floor":29.0},{"not_picked":["Slimebound:TongueLash+1","Slimebound:Nibble"],"picked":"Slimebound:SplitAcid","floor":30.0},{"not_picked":["Slimebound:RollThrough","Slimebound:TongueLash","Slimebound:WasteNot"],"picked":"SKIP","floor":31.0},{"not_picked":["Slimebound:LeechingTouch","Slimebound:LeechEnergy+1"],"picked":"Slimebound:SplitMire","floor":32.0},{"not_picked":["Slimebound:MassFeed","Slimebound:PrepareCrush"],"picked":"Slimebound:OozeBath","floor":33.0},{"not_picked":["Slimebound:LeadByExample+1","Slimebound:RollThrough+1"],"picked":"Slimebound:Dissolve+1","floor":36.0},{"not_picked":["Slimebound:GoopTackle","Slimebound:Schlurp+1"],"picked":"Slimebound:Gluttony+1","floor":37.0}],"player_experience":848305,"relics_obtained":[{"floor":7.0,"key":"Blue Candle"},{"floor":12.0,"key":"Lantern"},{"floor":24.0,"key":"MealTicket"},{"floor":26.0,"key":"Tiny Chest"},{"floor":31.0,"key":"Toy Ornithopter"}],"event_choices":[{"damage_healed":0.0,"max_hp_gain":5.0,"max_hp_loss":0.0,"gold_gain":0.0,"event_name":"Big Fish","player_choice":"Donut","floor":3.0,"gold_loss":0.0,"damage_taken":0.0}],"is_beta":false,"boss_relics":[{"not_picked":["Tiny House","Black Star"],"picked":"Coffee Dripper"},{"not_picked":["Fusion Hammer","Philosopher\u0027s Stone"],"picked":"Astrolabe"}],"items_purged_floors":[],"is_endless":false,"potions_floor_spawned":[6,8,10,16,21,27,28,30,31,36],"killed_by":"Writhing Mass","ascension_level":1}}