{"host":"0ke4ewd6kv0tgkyi","time":1613796640,"event":{"mods":["2.2 Compatiblity","Act Like it!","Aspiration","BaseMod","Conspire","Elementarium","Gensokyo","Hallownest","Hubris","JesterMod","Menagerie","Minty Spire (QoL Compilation)","Pale of the Ancients","Permanent Neow","Quarter Circle Forward PUNCH!","Ruina","Shade Mod","StSLib","The Alterego","The Bug Knight","The Gatherer","The Judge","The Jungle","thorton"],"gold_per_floor":[129,129,129,147,72,72,110,110,110,129,129,129,150,166,166,274,274,324,350,52,98,98,98,149,149,172,220,220,264,264,264,264,394,394,465,385,385,451,6,6,56,122,122,0,76,76,164,325,325,379,379,379,21,125,173],"floor_reached":56,"language":"ENG","playtime":7656,"items_purged":["Normality"],"score":1423,"play_id":"f44febfd-d0cf-4731-8d36-c47956217338","local_time":"20210219205040","is_ascension_mode":true,"campfire_choices":[{"data":"thethorton:Heckle","floor":6.0,"key":"SMITH"},{"data":"thethorton:SnowDay","floor":8.0,"key":"SMITH"},{"floor":11.0,"key":"REST"},{"floor":15.0,"key":"REST"},{"data":"Apotheosis","floor":23.0,"key":"SMITH"},{"data":"thethorton:Demotion","floor":25.0,"key":"SMITH"},{"data":"thethorton:Investment","floor":30.0,"key":"SMITH"},{"floor":32.0,"key":"RECALL"},{"data":"thethorton:FeelNoBrain","floor":40.0,"key":"SMITH"},{"data":"thethorton:Investment","floor":46.0,"key":"SMITH"},{"data":"thethorton:BigBreak","floor":49.0,"key":"SMITH"},{"data":"thethorton:PennyToss","floor":52.0,"key":"SMITH"}],"circlet_count":0,"master_deck":["thethorton:Heckle+1","thethorton:CreditCard","thethorton:Investment+1","thethorton:SeeingDouble","Hallownest:skillLeafShield","Hallownest:skillLeafShield","Hallownest:skillLeafShield","Hallownest:skillLeafShield","Hallownest:skillLeafShield","thethorton:SnowDay+1","thethorton:Demotion+1","thethorton:DesperateRun+1","thethorton:LongDaysWork","thethorton:ChartProject","thethorton:PennyToss+1","thethorton:Investment+1","thethorton:GoldBuffer","Apotheosis+1","thethorton:FeelNoBrain+1","conspire:Banana","thethorton:WhirlingBriefcase+1","thethorton:CannonShot","thethorton:BusinessBoom+1","thethorton:BigBreak+1","thethorton:AdministrativeActions","thethorton:WhirlingBriefcase+1","Hallownest:attackMasterDashSlash","Neutralize","Skewer","All Out Attack","thethorton:BattleTrash","thethorton:CoinShield","thethorton:PocketChange+1","thethorton:OddChange","thethorton:RunningKick+1"],"relics":["jesterMod:MachoBrace","qcfpunch:Not_Strongest_Fighting_Style_Guidebook","Sundial","conspire:GlowingRock","thethorton:BottledFunds","Centennial Puzzle","Eternal Feather","aspiration:DSix","Mercury Hourglass","Bronze Scales","hubris:Towel","aspiration:FaultyCoupler","TungstenRod","thethorton:CrushedCigarette","conspire:Boomerang","qcfpunch:Red_Headband","Lee\u0027s Waffle","aspiration:ChemicalBlood","Kunai","CeramicFish","Nunchaku","Hallownest:StagBellRelic1","thethorton:StoneOfSprinting","HornCleat","Blue Candle","Orichalcum","Oddly Smooth Stone","Bag of Preparation","thethorton:StoneOfSprinting","Toy Ornithopter"],"acts_visited":["Exordium","TheCity","TheCity","TheEnding"],"potions_floor_usage":[54,55,55,55,55],"damage_taken":[{"damage":2.0,"enemies":"Hallownest:monsterHuskWarrior","floor":1.0,"turns":5.0},{"damage":0.0,"enemies":"Hallownest:monsterHuskGuard","floor":4.0,"turns":5.0},{"damage":29.0,"enemies":"Hallownest:eliteVengeflyKing","floor":7.0,"turns":10.0},{"damage":10.0,"enemies":"Hallownest:2_Tiktiks_and_1_Crawlid","floor":10.0,"turns":5.0},{"damage":1.0,"enemies":"Hallownest:MossCreep_and_Mosskin","floor":13.0,"turns":6.0},{"damage":4.0,"enemies":"Hallownest:1_Baldur_1_Crawlid_1_Warrior","floor":14.0,"turns":5.0},{"damage":1.0,"enemies":"Hallownest:BossFalseKnight","floor":16.0,"turns":14.0},{"damage":9.0,"enemies":"Spheric Guardian","floor":18.0,"turns":6.0},{"damage":5.0,"enemies":"Chosen","floor":19.0,"turns":6.0},{"damage":10.0,"enemies":"Snecko","floor":21.0,"turns":9.0},{"damage":9.0,"enemies":"Snake Plant","floor":24.0,"turns":6.0},{"damage":6.0,"enemies":"Cultist and Chosen","floor":27.0,"turns":5.0},{"damage":0.0,"enemies":"3 Cultists","floor":29.0,"turns":4.0},{"damage":17.0,"enemies":"hubris:MusketHawk","floor":33.0,"turns":8.0},{"damage":0.0,"enemies":"Hallownest:Shield_Heavy","floor":35.0,"turns":6.0},{"damage":14.0,"enemies":"Hallownest:3_Siblings","floor":38.0,"turns":9.0},{"damage":6.0,"enemies":"Hallownest:monsterPrimalAspid","floor":41.0,"turns":5.0},{"damage":0.0,"enemies":"Hallownest:eliteCollector","floor":42.0,"turns":7.0},{"damage":0.0,"enemies":"Hallownest:2_Great","floor":45.0,"turns":7.0},{"damage":2.0,"enemies":"Hallownest:2_Wandering_and_1_Horned","floor":47.0,"turns":7.0},{"damage":0.0,"enemies":"Hallownest:2_Wandering_and_1_Horned","floor":48.0,"turns":4.0},{"damage":0.0,"enemies":"Hallownest:2_Wandering_and_1_Horned","floor":48.0,"turns":7.0},{"damage":29.0,"enemies":"Hallownest:BossHollowKnight","floor":50.0,"turns":10.0},{"damage":77,"enemies":"Shield and Spear","floor":54,"turns":9},{"damage":43,"enemies":"The Heart","floor":55,"turns":8}],"seed_played":"8781163235448730878","potions_obtained":[{"floor":4.0,"key":"Energy Potion"},{"floor":13.0,"key":"FearPotion"},{"floor":21.0,"key":"Strength Potion"},{"floor":24.0,"key":"SkillPotion"},{"floor":27.0,"key":"Explosive Potion"},{"floor":29.0,"key":"EssenceOfSteel"},{"floor":33.0,"key":"Energy Potion"},{"floor":38.0,"key":"Fire Potion"},{"floor":41.0,"key":"Fruit Juice"},{"floor":42.0,"key":"ColorlessPotion"},{"floor":54,"key":"FearPotion"},{"floor":54,"key":"Fire Potion"}],"is_trial":false,"path_per_floor":["M","?","?","M","$","R","?","R","T","M","R","?","M","M","R","B",null,"M","M","$","M","$","R","M","R","T","M","?","M","R","?","R","B",null,"M","?","?","M","$","R","M","E","T","?","M","R","M","?","R","B",null,"R","$","E","B",null],"character_chosen":"THE_THORT","items_purchased":["Apotheosis","thethorton:FeelNoBrain","conspire:Banana","qcfpunch:Red_Headband","Lee\u0027s Waffle","aspiration:ChemicalBlood","Oddly Smooth Stone","thethorton:OddChange","Bag of Preparation"],"campfire_rested":2,"item_purchase_floors":[20,20,20,39,39,39,53,53,53],"current_hp_per_floor":[66,66,66,66,66,66,37,37,37,27,47,47,46,42,62,61,68,59,54,54,46,46,58,51,66,66,62,62,62,74,74,74,59,76,78,78,78,66,87,87,84,90,90,90,92,98,98,99,101,73,102,102,102,27,6],"gold":173,"neow_bonus":"BOSS_RELIC","is_daily":false,"chose_seed":false,"campfire_upgraded":9,"win_rate":0.0,"timestamp":1613796640,"path_taken":["M","?","?","M","?","R","?","R","T","M","R","?","M","?","R","BOSS","M","M","$","M","$","R","M","R","T","M","?","M","R","?","R","BOSS","M","?","?","?","$","R","M","E","T","?","M","R","M","?","R","BOSS","R","$","E","BOSS"],"items_purchased_type":["Card","Card","Card","Relic","Relic","Relic","Relic","Card","Relic"],"build_version":"2020-12-22","purchased_purges":1,"victory":true,"max_hp_per_floor":[68,68,68,68,68,68,68,68,68,68,68,68,68,68,68,68,68,68,68,68,70,70,70,72,72,72,74,74,74,74,74,74,76,76,78,78,78,80,87,87,90,96,96,96,98,98,100,101,101,102,102,102,102,104,106],"card_choices":[{"not_picked":["thethorton:CashBash","thethorton:GoldBuffer"],"picked":"thethorton:Investment","floor":1.0},{"not_picked":["thethorton:DownPayment","thethorton:ThickSkin"],"picked":"thethorton:SnowDay","floor":4.0},{"not_picked":["thethorton:ElbowSmash","thethorton:Rebalance"],"picked":"thethorton:Demotion","floor":7.0},{"not_picked":["thethorton:ToxicGreed","thethorton:RunningKick"],"picked":"thethorton:DesperateRun","floor":10.0},{"not_picked":["thethorton:HitAhead","thethorton:ChartProject"],"picked":"thethorton:LongDaysWork","floor":13.0},{"not_picked":["thethorton:AngerMoment","thethorton:RunningKick"],"picked":"thethorton:ChartProject","floor":14.0},{"not_picked":["thethorton:SellShort","thethorton:TrueForm"],"picked":"thethorton:PennyToss","floor":16.0},{"not_picked":["thethorton:LongTermPayoff","thethorton:BusinessCard"],"picked":"thethorton:Investment","floor":18.0},{"not_picked":["thethorton:RunningKick","thethorton:Distance"],"picked":"thethorton:GoldBuffer","floor":19.0},{"not_picked":["thethorton:BusinessBurst","thethorton:ShoutAndRun"],"picked":"thethorton:WhirlingBriefcase+1","floor":21.0},{"not_picked":["thethorton:ElbowSmash","thethorton:Distance+1"],"picked":"thethorton:CannonShot","floor":24.0},{"not_picked":["thethorton:Crash","thethorton:TakeAccounts"],"picked":"thethorton:BusinessBoom+1","floor":27.0},{"not_picked":["thethorton:BusinessCard","thethorton:DownPayment"],"picked":"thethorton:BigBreak","floor":29.0},{"not_picked":["thethorton:CardboardBox","thethorton:Demotion"],"picked":"thethorton:AdministrativeActions","floor":33.0},{"not_picked":["thethorton:FearfulRun+1","thethorton:StumblingSlap+1"],"picked":"thethorton:WhirlingBriefcase+1","floor":35.0},{"not_picked":["thethorton:StumblingSlap+1","thethorton:BusinessCard"],"picked":"thethorton:BattleTrash","floor":38.0},{"not_picked":["thethorton:BattleTrash+1","thethorton:RichRun"],"picked":"thethorton:CoinShield","floor":41.0},{"not_picked":["thethorton:CallIn+1","thethorton:DualBap","thethorton:DesperateRun"],"picked":"SKIP","floor":42.0},{"not_picked":["thethorton:ShoutAndRun","thethorton:CashBash+1"],"picked":"thethorton:PocketChange+1","floor":45.0},{"not_picked":["thethorton:ShoutAndRun+1","thethorton:LongTermPayoff+1","thethorton:Distance"],"picked":"SKIP","floor":47.0},{"not_picked":["thethorton:BookBash+1","thethorton:TakeAccounts"],"picked":"thethorton:RunningKick+1","floor":54}],"player_experience":1020722,"relics_obtained":[{"floor":7.0,"key":"qcfpunch:Not_Strongest_Fighting_Style_Guidebook"},{"floor":9.0,"key":"Sundial"},{"floor":26.0,"key":"Bronze Scales"},{"floor":42.0,"key":"Nunchaku"},{"floor":54,"key":"thethorton:StoneOfSprinting"}],"event_choices":[{"damage_healed":0.0,"max_hp_gain":0.0,"max_hp_loss":0.0,"gold_gain":0.0,"event_name":"conspire:Investor","player_choice":"Leave","floor":31.0,"gold_loss":0.0,"damage_taken":0.0}],"is_beta":false,"boss_relics":[{"not_picked":["hubris:BlackHole","hubris:VirtuousBlindfold"],"picked":"thethorton:BottledFunds"},{"not_picked":["Runic Dome","aspiration:RitualDagger"],"picked":"thethorton:CrushedCigarette"}],"items_purged_floors":[5],"is_endless":false,"potions_floor_spawned":[4,13,21,24,27,29,33,38,41,42,47,54],"ascension_level":1}}