{"host":"wxz7488rqrwl2v46","time":1613819144,"event":{"mods":["BaseMod","Minty Spire (QoL Compilation)","Quick Restart","Replay The Spire","StSLib"],"gold_per_floor":[110,110,227,0,0,26,40,40,65,84,84,84,94,123,123,123,123],"floor_reached":16,"language":"ZHS","playtime":566,"items_purged":["Strike_B"],"score":98,"play_id":"6eaba948-3bdc-48df-92d1-809a80db488d","local_time":"20210220190544","is_ascension_mode":false,"campfire_choices":[{"data":"Double Energy","floor":8,"key":"SMITH"},{"data":"Crystallizer","floor":12,"key":"SMITH"},{"data":"Zap","floor":15,"key":"SMITH"}],"circlet_count":0,"master_deck":["Strike_B","Strike_B","Strike_B","Defend_B","Defend_B","Defend_B+1","Defend_B","Zap+1","Dualcast","Ball Lightning","Multi-Cast","Crystallizer+1","ReplaySort","Double Energy+1","Reprogram","Multi-Cast","ReplayTheSpireMod:Calculation Training"],"relics":["Cracked Core","Replay:Antivirus Software","ClockworkSouvenir","Centennial Puzzle","Anchor","Gremlin Food"],"acts_visited":["Exordium"],"potions_floor_usage":[14,14],"damage_taken":[{"damage":5,"enemies":"Small Slimes","floor":1,"turns":3},{"damage":6,"enemies":"Jaw Worm","floor":7,"turns":2},{"damage":0,"enemies":"2 Louse","floor":10,"turns":3},{"damage":0,"enemies":"Looter","floor":13,"turns":3},{"damage":13,"enemies":"Lagavulin","floor":14,"turns":5},{"damage":61,"enemies":"Fading Forest","floor":16,"turns":7}],"seed_played":"8042747592254148838","potions_obtained":[{"floor":7,"key":"PotionOfCapacity"},{"floor":13,"key":"LifebloodPotion"}],"is_trial":false,"path_per_floor":["M","?","?","$","?","T","M","R","T","M","?","R","M","E","R","B"],"character_chosen":"DEFECT","items_purchased":["ClockworkSouvenir"],"campfire_rested":0,"item_purchase_floors":[4],"current_hp_per_floor":[70,70,70,70,70,70,64,64,64,64,64,64,64,51,51,0,0],"gold":123,"neow_bonus":"RANDOM_COMMON_RELIC","is_daily":false,"chose_seed":false,"campfire_upgraded":3,"win_rate":0.0,"timestamp":1613819144,"path_taken":["M","?","?","$","?","?","M","R","T","?","?","R","M","E","R","BOSS"],"items_purchased_type":["Relic"],"build_version":"2020-12-22","purchased_purges":1,"victory":false,"max_hp_per_floor":[75,75,75,75,75,75,75,75,75,75,75,75,75,75,75,75,75],"card_choices":[{"not_picked":["White Noise","Sweeping Beam"],"picked":"Ball Lightning","floor":1},{"not_picked":["Gash","Melter"],"picked":"Multi-Cast","floor":3},{"not_picked":["BasicCrystalCard","Conserve Battery"],"picked":"Crystallizer","floor":3},{"not_picked":["Beam Cell","Streamline"],"picked":"ReplaySort","floor":3},{"not_picked":["ReplayGash","Compile Driver"],"picked":"Double Energy","floor":7},{"not_picked":["Gash","Streamline"],"picked":"Reprogram","floor":10},{"not_picked":["Go for the Eyes","Auto Shields"],"picked":"Multi-Cast","floor":13},{"not_picked":["Rebound","Hologram"],"picked":"ReplayTheSpireMod:Calculation Training","floor":14}],"player_experience":67059,"relics_obtained":[{"floor":6,"key":"Centennial Puzzle"},{"floor":9,"key":"Anchor"},{"floor":14,"key":"Gremlin Food"}],"event_choices":[{"damage_healed":0,"gold_gain":0,"player_choice":"Ignored","damage_taken":0,"max_hp_gain":0,"max_hp_loss":0,"event_name":"Liars Game","floor":2,"gold_loss":0},{"damage_healed":0,"gold_gain":0,"player_choice":"Left Gold","damage_taken":0,"max_hp_gain":0,"max_hp_loss":0,"event_name":"World of Goop","floor":5,"gold_loss":0}],"is_beta":false,"boss_relics":[],"items_purged_floors":[4],"is_endless":false,"potions_floor_spawned":[7,13],"killed_by":"Fading Forest","ascension_level":0}}