{"host":"r6jigiblrojhp6xe","time":1613805750,"event":{"mods":["AchievementEnabler","BaseMod","DeckTracker","Hermit","Minty Spire (QoL Compilation)","Quick Restart","Rare Cards Sparkle","Relic Stats","StSLib","SuperFastMode","everything is the same but u backflip on backflip"],"gold_per_floor":[16,29,47,47,47,47,59,59,59,91,91,124,135,60,60,136,136,155,169,169,169,169],"floor_reached":21,"language":"KOR","playtime":558,"items_purged":["Strike_R"],"score":428,"play_id":"3e76cb8d-927b-46ba-9ccc-a536a6d07002","local_time":"20210220162230","is_ascension_mode":true,"campfire_choices":[{"data":"Armaments","floor":6,"key":"SMITH"},{"data":"Fire Breathing","floor":8,"key":"SMITH"},{"data":"Sword Boomerang","floor":15,"key":"SMITH"}],"circlet_count":0,"master_deck":["AscendersBane","Defend_R","Defend_R","Defend_R","Defend_R","Bash","Inflame","Armaments+1","Fire Breathing+1","Sword Boomerang+1","Spot Weakness","Disarm","Rage"],"relics":["Burning Blood","Peace Pipe","Bird Faced Urn","Art of War","Philosopher\u0027s Stone"],"acts_visited":["Exordium","TheCity"],"potions_floor_usage":[12],"damage_taken":[{"damage":7,"enemies":"Small Slimes","floor":1,"turns":3},{"damage":2,"enemies":"Jaw Worm","floor":2,"turns":6},{"damage":1,"enemies":"Cultist","floor":3,"turns":3},{"damage":3,"enemies":"2 Fungi Beasts","floor":7,"turns":5},{"damage":24,"enemies":"Lagavulin","floor":10,"turns":7},{"damage":45,"enemies":"Gremlin Nob","floor":12,"turns":5},{"damage":2,"enemies":"Exordium Wildlife","floor":13,"turns":4},{"damage":20,"enemies":"Hexaghost","floor":16,"turns":9},{"damage":0,"enemies":"Spheric Guardian","floor":18,"turns":3},{"damage":29,"enemies":"Shell Parasite","floor":19,"turns":4},{"damage":26,"enemies":"3 Cultists","floor":21,"turns":4}],"seed_played":"2710291972331488090","potions_obtained":[{"floor":2,"key":"SkillPotion"},{"floor":10,"key":"Ancient Potion"},{"floor":12,"key":"Regen Potion"}],"is_trial":false,"path_per_floor":["M","M","M","?","?","R","M","R","T","E","?","E","M","$","R","B",null,"M","M","?","M"],"character_chosen":"IRONCLAD","items_purchased":[],"campfire_rested":0,"item_purchase_floors":[],"current_hp_per_floor":[67,71,75,68,68,68,71,71,71,53,53,18,26,26,26,16,60,70,51,51,29,29],"gold":169,"neow_bonus":"TRANSFORM_TWO_CARDS","is_daily":false,"chose_seed":false,"campfire_upgraded":3,"win_rate":0.0,"timestamp":1613805750,"path_taken":["M","M","M","?","?","R","?","R","T","E","?","E","M","?","R","BOSS","M","M","?","M"],"items_purchased_type":[],"build_version":"2020-12-22","purchased_purges":1,"victory":false,"max_hp_per_floor":[75,75,75,75,75,75,75,75,75,75,75,75,75,75,75,75,75,75,75,75,75,75],"relic_stats":{"Peace Pipe":0,"counters":[11,53],"Bird Faced Urn":[24],"Art of War":[4],"obtain_stats":[{"Peace Pipe":9,"Bird Faced Urn":10,"Philosopher\u0027s Stone":17,"Art of War":12,"Burning Blood":0},{"Peace Pipe":4,"Bird Faced Urn":5,"Philosopher\u0027s Stone":8,"Art of War":6,"Burning Blood":0},{"Peace Pipe":17,"Bird Faced Urn":24,"Philosopher\u0027s Stone":42,"Art of War":29,"Burning Blood":0}],"Burning Blood":59},"card_choices":[{"not_picked":["Warcry","Anger","Pommel Strike"],"picked":"SKIP","floor":1},{"not_picked":["Body Slam","Sever Soul"],"picked":"Armaments","floor":2},{"not_picked":["Anger","Dark Embrace","Iron Wave"],"picked":"SKIP","floor":3},{"not_picked":["Inflame","Headbutt"],"picked":"Fire Breathing","floor":7},{"not_picked":["Metallicize","Headbutt","Iron Wave"],"picked":"SKIP","floor":10},{"not_picked":["Perfected Strike","Rage"],"picked":"Sword Boomerang","floor":12},{"not_picked":["Perfected Strike","Intimidate","Sentinel"],"picked":"SKIP","floor":13},{"not_picked":["Cleave","Flex"],"picked":"Spot Weakness","floor":18},{"not_picked":["Dual Wield","True Grit","Hemokinesis"],"picked":"SKIP","floor":19}],"player_experience":614622,"relics_obtained":[{"floor":9,"key":"Peace Pipe"},{"floor":10,"key":"Bird Faced Urn"},{"floor":12,"key":"Art of War"}],"event_choices":[{"cards_removed":["Sever Soul"],"damage_healed":0,"gold_gain":0,"player_choice":"Card Removal","damage_taken":7,"max_hp_gain":0,"max_hp_loss":0,"event_name":"Golden Wing","floor":4,"gold_loss":0},{"damage_healed":0,"gold_gain":0,"cards_transformed":["Strike_R"],"player_choice":"Transformed","damage_taken":0,"max_hp_gain":0,"max_hp_loss":0,"event_name":"Transmorgrifier","floor":5,"gold_loss":0,"cards_obtained":["Pommel Strike"]},{"damage_healed":0,"gold_gain":0,"cards_transformed":["Strike_R"],"player_choice":"Change","damage_taken":0,"max_hp_gain":0,"max_hp_loss":0,"event_name":"Living Wall","floor":11,"gold_loss":0,"cards_obtained":["Headbutt"]},{"damage_healed":0,"gold_gain":0,"cards_transformed":["Pommel Strike","Headbutt"],"player_choice":"Became Test Subject","damage_taken":0,"max_hp_gain":0,"max_hp_loss":0,"event_name":"Drug Dealer","floor":20,"gold_loss":0,"cards_obtained":["Disarm","Rage"]}],"is_beta":false,"boss_relics":[{"not_picked":["Busted Crown","Sozu"],"picked":"Philosopher\u0027s Stone"}],"items_purged_floors":[14],"is_endless":false,"potions_floor_spawned":[2,10,12,16],"killed_by":"3 Cultists","ascension_level":20}}