{"host":"2dp3t1i5s6bd92af","time":1613784519,"event":{"mods":["ATMod(ªü½@Mod)","BaseMod","Minty Spire (QoL Compilation)","StSLib","The Marked"],"gold_per_floor":[119,136,136,155,28,28,58,58,58,58,68,88,101,135,135,233,233,245,257,7,19,49,61,92,92],"floor_reached":24,"language":"ZHS","playtime":1099,"items_purged":["theMarked:Strike","theMarked:Strike"],"score":237,"play_id":"df64be14-3714-40bb-a357-c8190a0c338c","local_time":"20210220092839","is_ascension_mode":false,"campfire_choices":[{"data":"AT_Desolate","floor":6.0,"key":"SMITH"},{"data":"theMarked:SoldierOfQuellstein","floor":8.0,"key":"SMITH"},{"data":"1","floor":10.0,"key":"LIFT"},{"data":"2","floor":15.0,"key":"LIFT"},{"floor":23.0,"key":"REST"}],"circlet_count":0,"master_deck":["theMarked:Strike","theMarked:Strike","theMarked:Strike","theMarked:Defend","theMarked:Defend","theMarked:Defend","theMarked:SoldierOfQuellstein+1","AT_Desolate+1","theMarked:Panic","theMarked:BanishingStrike","theMarked:EternalStudent","theMarked:Reabsorb","theMarked:EmpowerWeapon","theMarked:EternalStudent","AT_EmpoweredMortalDraw","theMarked:Convert+1","theMarked:SwordAndMagic+1","theMarked:Indomitable"],"relics":["theMarked:ArtifactOfAir","AT_ATBox","NeowsBlessing","Girya","AT_TimeSand","Potion Belt","AT_MortalBlade","AT_BellDemon","MawBank","StoneCalendar","Kunai"],"acts_visited":["Exordium","TheCity"],"potions_floor_usage":[24],"damage_taken":[{"damage":0.0,"enemies":"Small Slimes","floor":1.0,"turns":1.0},{"damage":0.0,"enemies":"Cultist","floor":2.0,"turns":1.0},{"damage":0.0,"enemies":"2 Louse","floor":4.0,"turns":1.0},{"damage":34.0,"enemies":"3 Sentries","floor":7.0,"turns":9.0},{"damage":8.0,"enemies":"2 Fungi Beasts","floor":11.0,"turns":3.0},{"damage":16.0,"enemies":"Large Slime","floor":12.0,"turns":2.0},{"damage":2.0,"enemies":"3 Louse","floor":13.0,"turns":3.0},{"damage":0.0,"enemies":"Lagavulin","floor":14.0,"turns":3.0},{"damage":3.0,"enemies":"Hexaghost","floor":16.0,"turns":5.0},{"damage":7.0,"enemies":"Shell Parasite","floor":18.0,"turns":2.0},{"damage":0.0,"enemies":"3 Byrds","floor":19.0,"turns":1.0},{"damage":22.0,"enemies":"Cultist and Chosen","floor":21.0,"turns":4.0},{"damage":13.0,"enemies":"Snecko","floor":22.0,"turns":3.0},{"damage":40,"enemies":"Centurion and Healer","floor":24,"turns":3}],"seed_played":"1416755333267520997","potions_obtained":[{"floor":4.0,"key":"EssenceOfSteel"},{"floor":11.0,"key":"AttackPotion"},{"floor":12.0,"key":"ColorlessPotion"},{"floor":14.0,"key":"Swift Potion"},{"floor":21.0,"key":"Block Potion"},{"floor":22.0,"key":"Energy Potion"},{"floor":24,"key":"LiquidMemories"}],"is_trial":false,"path_per_floor":["M","M","?","M","$","R","E","R","T","R","M","M","M","E","R","B",null,"M","M","$","M","M","R","M"],"character_chosen":"THE_DEFAULT","items_purchased":["theMarked:BanishingStrike","AT_BellDemon"],"campfire_rested":1,"item_purchase_floors":[5,20],"current_hp_per_floor":[72,72,72,72,72,72,38,38,38,38,30,14,12,12,12,9,72,65,65,65,43,30,51,11,11],"gold":92,"neow_bonus":"THREE_ENEMY_KILL","is_daily":false,"chose_seed":false,"campfire_upgraded":2,"win_rate":0.0,"timestamp":1613784519,"path_taken":["M","M","?","?","$","R","E","R","T","R","?","M","M","E","R","BOSS","M","M","$","M","M","R","M"],"items_purchased_type":["Card","Relic"],"build_version":"2020-12-22","purchased_purges":2,"victory":false,"max_hp_per_floor":[72,72,72,72,72,72,72,72,72,72,72,72,72,72,72,72,72,72,72,72,72,72,72,72,72],"card_choices":[{"not_picked":["theMarked:HeightenedSenses","theMarked:Aftermath"],"picked":"theMarked:Panic","floor":1.0},{"not_picked":["theMarked:SwordAndMagic","theMarked:TakeCover","theMarked:Overthink"],"picked":"SKIP","floor":2.0},{"not_picked":["theMarked:ChainLightning","theMarked:HeightenedSenses","theMarked:Parkour"],"picked":"SKIP","floor":4.0},{"not_picked":["theMarked:ElectricStrings","theMarked:WardOff"],"picked":"theMarked:EternalStudent","floor":7.0},{"not_picked":["theMarked:WardOff","theMarked:ElectricStrings","theMarked:ChainLightning"],"picked":"SKIP","floor":11.0},{"not_picked":["theMarked:Aftermath","theMarked:SwordAndMagic"],"picked":"theMarked:Reabsorb","floor":12.0},{"not_picked":["theMarked:WastefulAttack","theMarked:SwordAndMagic","theMarked:StartUp"],"picked":"SKIP","floor":13.0},{"not_picked":["theMarked:Heritage","theMarked:Parkour"],"picked":"theMarked:EmpowerWeapon","floor":14.0},{"not_picked":["theMarked:Vacuum","theMarked:MagusForm"],"picked":"theMarked:EternalStudent","floor":16.0},{"not_picked":["theMarked:Parkour+1","theMarked:ResourceFulStrike"],"picked":"theMarked:Convert+1","floor":18.0},{"not_picked":["theMarked:RepellingDischarge","theMarked:SelfDefenseTraining+1"],"picked":"theMarked:SwordAndMagic+1","floor":19.0},{"not_picked":["theMarked:StartUp+1","theMarked:Improvise+1","theMarked:Electrify"],"picked":"SKIP","floor":21.0},{"not_picked":["theMarked:BanishingStrike+1","theMarked:EmpowerWeapon+1"],"picked":"theMarked:Indomitable","floor":22.0},{"not_picked":["theMarked:Memento+1","theMarked:SwordAndMagic+1","theMarked:DispelDoubt"],"picked":"SKIP","floor":24}],"player_experience":443003,"relics_obtained":[{"floor":7.0,"key":"Girya"},{"floor":9.0,"key":"AT_TimeSand"},{"floor":14.0,"key":"Potion Belt"},{"floor":21.0,"key":"MawBank"},{"floor":22.0,"key":"StoneCalendar"},{"floor":24,"key":"Kunai"}],"event_choices":[{"cards_removed":["theMarked:Defend"],"damage_healed":0.0,"max_hp_gain":0.0,"max_hp_loss":0.0,"gold_gain":0.0,"event_name":"Bonfire Elementals","player_choice":"Offered Basic","floor":3.0,"gold_loss":0.0,"damage_taken":0.0}],"is_beta":false,"boss_relics":[{"not_picked":["Velvet Choker","Tiny House"],"picked":"AT_MortalBlade"}],"items_purged_floors":[5,20],"is_endless":false,"potions_floor_spawned":[4,11,12,14,21,22,24],"killed_by":"Centurion and Healer","ascension_level":0}}