{"host":"uidy69bgx28xzt88","time":1613857203,"event":{"mods":["BaseMod","Minty Spire (QoL Compilation)","Relic Stats"],"gold_per_floor":[115,115,140,140,161,204,204,248,267,267,282,306,339,360,360,360,360,486,486,499,499,499,499],"floor_reached":22,"language":"ENG","playtime":865,"items_purged":[],"score":300,"play_id":"91e77551-9952-40cc-aab9-acfb3456ff37","local_time":"20210220234003","is_ascension_mode":true,"campfire_choices":[{"data":"Neutralize","floor":7.0,"key":"SMITH"},{"floor":16,"key":"REST"},{"data":"Accuracy","floor":17,"key":"SMITH"}],"circlet_count":0,"master_deck":["Strike_G","Strike_G","Strike_G","Strike_G","Strike_G","Defend_G","Defend_G","Defend_G","Defend_G","Defend_G","Survivor","Neutralize+1","Blade Dance","Dagger Spray","Blade Dance","Finisher","Quick Slash+1","Dagger Throw+1","Grand Finale+1","Accuracy+1","Venomology","CurseOfTheBell","Accuracy"],"relics":["Ring of the Snake","NeowsBlessing","Golden Idol","Incense Burner","Question Card","Regal Pillow","Molten Egg 2","Oddly Smooth Stone","Calling Bell","Dream Catcher","Mercury Hourglass","Bird Faced Urn","Nilry\u0027s Codex"],"acts_visited":["Exordium","TheCity"],"potions_floor_usage":[8,8,8,13,13,22],"damage_taken":[{"damage":0.0,"enemies":"Jaw Worm","floor":1.0,"turns":1.0},{"damage":0.0,"enemies":"Small Slimes","floor":3.0,"turns":1.0},{"damage":0.0,"enemies":"2 Louse","floor":5.0,"turns":1.0},{"damage":25.0,"enemies":"Lagavulin","floor":6.0,"turns":10.0},{"damage":0,"enemies":"Gremlin Nob","floor":8,"turns":2},{"damage":6,"enemies":"Looter","floor":9,"turns":3},{"damage":1,"enemies":"Exordium Thugs","floor":11,"turns":2},{"damage":9,"enemies":"Large Slime","floor":12,"turns":5},{"damage":6,"enemies":"3 Sentries","floor":13,"turns":4},{"damage":5,"enemies":"Looter","floor":14,"turns":3},{"damage":28,"enemies":"Hexaghost","floor":18,"turns":8},{"damage":24,"enemies":"Shell Parasite","floor":20,"turns":4},{"damage":25,"enemies":"Chosen","floor":22,"turns":4}],"seed_played":"-9146843117075838729","potions_obtained":[{"floor":3.0,"key":"SteroidPotion"},{"floor":6.0,"key":"EntropicBrew"},{"floor":11,"key":"SkillPotion"},{"floor":18,"key":"Poison Potion"}],"is_trial":false,"path_per_floor":["M","?","M","?","M","E","R","E","M","T","M","M","E","M","?","R","R","B",null,"M","?","M"],"character_chosen":"THE_SILENT","items_purchased":[],"campfire_rested":1,"item_purchase_floors":[],"current_hp_per_floor":[63,63,63,60,60,35,35,35,29,29,28,19,13,8,1,37,37,9,55,33,17,0,0],"gold":499,"neow_bonus":"THREE_ENEMY_KILL","is_daily":false,"chose_seed":false,"campfire_upgraded":2,"win_rate":0.0,"timestamp":1613857203,"path_taken":["M","?","M","?","M","E","R","E","M","T","M","M","E","M","?","R","R","BOSS","M","?","M"],"items_purchased_type":[],"build_version":"2020-12-22","purchased_purges":0,"victory":false,"max_hp_per_floor":[70,70,70,70,70,70,70,70,70,70,70,70,70,70,70,70,70,70,70,70,70,70,70],"relic_stats":{"Regal Pillow":15,"Dream Catcher":0,"counters":[13,48],"Golden Idol":78,"Bird Faced Urn":[10],"Question Card":9,"obtain_stats":[{"Regal Pillow":8,"NeowsBlessing":0,"Golden Idol":2,"Nilry\u0027s Codex":21,"Oddly Smooth Stone":13,"Incense Burner":4,"Question Card":6,"Mercury Hourglass":19,"Calling Bell":19,"Dream Catcher":19,"Bird Faced Urn":19,"Molten Egg 2":10,"Ring of the Snake":0},{"Regal Pillow":5,"NeowsBlessing":0,"Golden Idol":1,"Nilry\u0027s Codex":12,"Oddly Smooth Stone":9,"Incense Burner":2,"Question Card":4,"Mercury Hourglass":11,"Calling Bell":11,"Dream Catcher":11,"Bird Faced Urn":11,"Molten Egg 2":6,"Ring of the Snake":0},{"Regal Pillow":15,"NeowsBlessing":0,"Golden Idol":1,"Nilry\u0027s Codex":44,"Oddly Smooth Stone":29,"Incense Burner":2,"Question Card":13,"Mercury Hourglass":40,"Calling Bell":40,"Dream Catcher":40,"Bird Faced Urn":40,"Molten Egg 2":18,"Ring of the Snake":0}],"Ring of the Snake":[26],"Mercury Hourglass":[12]},"card_choices":[{"not_picked":["Deflect","All Out Attack"],"picked":"Blade Dance","floor":1.0},{"not_picked":["Poisoned Stab","Bane"],"picked":"Dagger Spray","floor":3.0},{"not_picked":["Concentrate","Underhanded Strike","Outmaneuver"],"picked":"SKIP","floor":5.0},{"not_picked":["Acrobatics","Outmaneuver"],"picked":"Blade Dance","floor":6.0},{"not_picked":["Slice","Blade Dance","Predator","Underhanded Strike"],"picked":"SKIP","floor":8},{"not_picked":["Blade Dance","Slice","Flying Knee"],"picked":"Finisher","floor":9},{"not_picked":["Cloak And Dagger","Escape Plan","Deadly Poison"],"picked":"Quick Slash+1","floor":11},{"not_picked":["Outmaneuver","Burst","Choke+1"],"picked":"Dagger Throw+1","floor":12},{"not_picked":["Leg Sweep","Flying Knee+1","PiercingWail"],"picked":"Grand Finale+1","floor":13},{"not_picked":["Expertise","Poisoned Stab+1","Sucker Punch+1"],"picked":"Accuracy","floor":14},{"not_picked":["Grand Finale+1","Storm of Steel","Glass Knife+1"],"picked":"Venomology","floor":18},{"not_picked":["Choke+1","Sucker Punch+1","Dagger Throw+1"],"picked":"Accuracy","floor":20}],"player_experience":277905,"relics_obtained":[{"floor":6.0,"key":"Question Card"},{"floor":8,"key":"Regal Pillow"},{"floor":10,"key":"Molten Egg 2"},{"floor":13,"key":"Oddly Smooth Stone"},{"floor":19,"key":"Dream Catcher"},{"floor":19,"key":"Mercury Hourglass"},{"floor":19,"key":"Bird Faced Urn"},{"floor":21,"key":"Nilry\u0027s Codex"}],"event_choices":[{"damage_healed":0.0,"max_hp_gain":0.0,"max_hp_loss":0.0,"gold_gain":0.0,"event_name":"Golden Idol","player_choice":"Take Wound","floor":2.0,"gold_loss":0.0,"damage_taken":0.0,"relics_obtained":["Golden Idol"],"cards_obtained":["Injury"]},{"damage_healed":0.0,"max_hp_gain":0.0,"max_hp_loss":0.0,"gold_gain":0.0,"event_name":"Scrap Ooze","player_choice":"Success","floor":4.0,"gold_loss":0.0,"damage_taken":3.0,"relics_obtained":["Incense Burner"]},{"cards_removed":["Injury"],"damage_healed":0,"gold_gain":0,"player_choice":"Card Removal","damage_taken":7,"max_hp_gain":0,"max_hp_loss":0,"event_name":"Golden Wing","floor":15,"gold_loss":0},{"damage_healed":0,"gold_gain":0,"player_choice":"Obtained Book","damage_taken":16,"max_hp_gain":0,"max_hp_loss":0,"event_name":"Cursed Tome","floor":21,"gold_loss":0}],"is_beta":false,"boss_relics":[{"not_picked":["HoveringKite","WristBlade"],"picked":"Calling Bell"}],"items_purged_floors":[],"is_endless":false,"potions_floor_spawned":[3,6,11,18],"killed_by":"Chosen","ascension_level":6}}