{"host":"ryfs09562e7ibkuk","time":1613783841,"event":{"mods":["BaseMod","Colored Powertips","Minty Spire (QoL Compilation)","Quick Restart","StSLib","The Bug Knight"],"gold_per_floor":[111,111,186,201,126,126,154,154,154,180,80,92,102,134,134,236,236,253,253,266,141,157,157,182,200,247,247,266,266,266],"floor_reached":29,"language":"ZHS","playtime":1987,"items_purged":["HollowMod:NailStrikeStart","HollowMod:NailStrikeStart","HollowMod:QuickDashStart"],"score":288,"play_id":"f8b36e04-1514-4218-91c4-bb5c7a415077","local_time":"20210220091721","is_ascension_mode":false,"campfire_choices":[{"data":"HollowMod:MothsMistake","floor":6,"key":"SMITH"},{"data":"HollowMod:SiblingsSouls","floor":8,"key":"SMITH"},{"data":"HollowMod:DoubleDash","floor":15,"key":"SMITH"},{"data":"HollowMod:NewInfectedGuardian","floor":23,"key":"SMITH"},{"data":"HollowMod:NewJinnsSoul","floor":27,"key":"SMITH"}],"circlet_count":0,"master_deck":["HollowMod:NailStrikeStart","HollowMod:NailStrikeStart","HollowMod:QuickDashStart","HollowMod:QuickDashStart","HollowMod:FocusHealStart+1","HollowMod:PogoStrike","HollowMod:MothsMistake+1","HollowMod:DoubleDash+1","HollowMod:SiblingsSouls+1","HollowMod:NewInfectedGuardian+1","HollowMod:ElderbugsWisdom+1","HollowMod:ElderbugsWisdom+1","HollowMod:BaldurShell+1","HollowMod:TaintedHusks+1","HollowMod:NewGlowingWomb+1","HollowMod:NewJinnsSoul+1","HollowMod:CornifersMapStart+1"],"relics":["HollowMod:VesselMask","NeowsBlessing","Frozen Egg 2","Lantern","Pear","Art of War","SlaversCollar","Toy Ornithopter"],"acts_visited":["Exordium","TheCity"],"potions_floor_usage":[10,16,25,28,28],"damage_taken":[{"damage":0,"enemies":"Small Slimes","floor":1,"turns":1},{"damage":0,"enemies":"Jaw Worm","floor":4,"turns":1},{"damage":0,"enemies":"Gremlin Nob","floor":7,"turns":1},{"damage":5,"enemies":"3 Sentries","floor":10,"turns":7},{"damage":0,"enemies":"2 Louse","floor":12,"turns":3},{"damage":3,"enemies":"Red Slaver","floor":13,"turns":5},{"damage":34,"enemies":"Lagavulin","floor":14,"turns":10},{"damage":13,"enemies":"HollowMod:FalseKnight","floor":16,"turns":14},{"damage":23,"enemies":"3 Byrds","floor":18,"turns":7},{"damage":13,"enemies":"Spheric Guardian","floor":20,"turns":9},{"damage":49,"enemies":"Cultist and Chosen","floor":22,"turns":7},{"damage":24,"enemies":"HollowMod:Nosk","floor":24,"turns":6},{"damage":29,"enemies":"Centurion and Healer","floor":25,"turns":7},{"damage":19,"enemies":"Shelled Parasite and Fungi","floor":28,"turns":7},{"damage":17,"enemies":"Colosseum Slavers","floor":29,"turns":5},{"damage":37,"enemies":"Colosseum Nobs","floor":29,"turns":3}],"seed_played":"5721566890030728015","potions_obtained":[{"floor":1,"key":"SmokeBomb"},{"floor":4,"key":"EssenceOfSteel"},{"floor":13,"key":"Dexterity Potion"},{"floor":20,"key":"Swift Potion"},{"floor":22,"key":"AttackPotion"},{"floor":24,"key":"Explosive Potion"}],"is_trial":false,"path_per_floor":["M","?","?","M","$","R","E","R","T","E","$","M","M","E","R","B",null,"M","?","M","$","M","R","E","M","T","R","M","?"],"character_chosen":"THE_BUGKNIGHT","items_purchased":[],"campfire_rested":0,"item_purchase_floors":[],"current_hp_per_floor":[75,68,57,57,57,57,57,57,57,72,72,78,85,63,63,62,85,72,72,71,71,28,28,22,10,10,10,13,0,0],"gold":266,"neow_bonus":"THREE_ENEMY_KILL","is_daily":false,"chose_seed":false,"campfire_upgraded":5,"win_rate":0.0,"timestamp":1613783841,"path_taken":["M","?","?","M","$","R","E","R","T","E","?","M","M","E","R","BOSS","M","?","?","$","M","R","E","M","T","R","M","?"],"items_purchased_type":[],"build_version":"2020-12-22","purchased_purges":3,"victory":false,"max_hp_per_floor":[75,75,75,75,75,75,75,75,75,85,85,85,85,85,85,85,85,85,85,85,85,85,85,85,85,85,85,85,85,85],"card_choices":[{"not_picked":["HollowMod:SoulStrike","HollowMod:ChannelNail"],"picked":"HollowMod:MothsMistake","floor":1},{"not_picked":["HollowMod:ShapeofUnn","HollowMod:NewLittleFool"],"picked":"HollowMod:DoubleDash","floor":4},{"not_picked":["HollowMod:SharpenedShadows+1","HollowMod:CoiledNail"],"picked":"HollowMod:SiblingsSouls","floor":7},{"not_picked":["HollowMod:HeavyBlow","HollowMod:InfectedCysts","HollowMod:DungDefenderAura"],"picked":"SKIP","floor":10},{"not_picked":["HollowMod:HeavyBlow","HollowMod:InfectedCysts","HollowMod:DungDefenderAura"],"picked":"SKIP","floor":10},{"not_picked":["HollowMod:GrimmsGift","HollowMod:VengefulVoid"],"picked":"HollowMod:NewInfectedGuardian","floor":12},{"not_picked":["HollowMod:HowlingWraiths","HollowMod:LifebloodCocoon","HollowMod:SoulVessel+1"],"picked":"SKIP","floor":13},{"not_picked":["HollowMod:MidwifesHunger","HollowMod:ChannelNail"],"picked":"HollowMod:ElderbugsWisdom+1","floor":14},{"not_picked":["HollowMod:LifebloodCore","HollowMod:VoidDash"],"picked":"HollowMod:ElderbugsWisdom+1","floor":16},{"not_picked":["HollowMod:CornifersMapStart","HollowMod:BlackTendrils"],"picked":"HollowMod:BaldurShell+1","floor":18},{"not_picked":["HollowMod:DashSlash","HollowMod:HeavyBlow"],"picked":"HollowMod:TaintedHusks+1","floor":20},{"not_picked":["HollowMod:SoulSplash+1","HollowMod:FallenFury"],"picked":"HollowMod:NewGlowingWomb+1","floor":22},{"not_picked":["HollowMod:DescendingDark","HollowMod:SoulStrike"],"picked":"HollowMod:NewJinnsSoul","floor":24},{"not_picked":["HollowMod:DashSlash+1","HollowMod:HowlingWraiths"],"picked":"HollowMod:CornifersMapStart+1","floor":25},{"not_picked":["HollowMod:FallenFury","HollowMod:SharpenedNail","HollowMod:SoulEater+1"],"picked":"SKIP","floor":28}],"player_experience":136486,"relics_obtained":[{"floor":7,"key":"Frozen Egg 2"},{"floor":9,"key":"Lantern"},{"floor":10,"key":"Pear"},{"floor":14,"key":"Art of War"},{"floor":24,"key":"Toy Ornithopter"}],"event_choices":[{"cards_removed":["HollowMod:QuickDashStart"],"damage_healed":0,"gold_gain":0,"player_choice":"Card Removal","damage_taken":7,"max_hp_gain":0,"max_hp_loss":0,"event_name":"Golden Wing","floor":2,"gold_loss":0},{"damage_healed":0,"gold_gain":75,"player_choice":"Gather Gold","damage_taken":11,"max_hp_gain":0,"max_hp_loss":0,"event_name":"World of Goop","floor":3,"gold_loss":0},{"damage_healed":0,"gold_gain":0,"player_choice":"Upgraded","damage_taken":0,"max_hp_gain":0,"max_hp_loss":0,"event_name":"Upgrade Shrine","floor":19,"gold_loss":0,"cards_upgraded":["HollowMod:FocusHealStart"]},{"damage_healed":0,"gold_gain":0,"player_choice":"Fight","damage_taken":0,"max_hp_gain":0,"max_hp_loss":0,"event_name":"Colosseum","floor":29,"gold_loss":0},{"damage_healed":0,"gold_gain":0,"player_choice":"Fought Nobs","damage_taken":0,"max_hp_gain":0,"max_hp_loss":0,"event_name":"Colosseum","floor":29,"gold_loss":0}],"is_beta":false,"boss_relics":[{"not_picked":["SacredBark","Cursed Key"],"picked":"SlaversCollar"}],"items_purged_floors":[5,11,21],"is_endless":false,"potions_floor_spawned":[1,4,13,20,22,24,29],"killed_by":"Colosseum Nobs","ascension_level":0}}