{"host":"mydft8i2zzydgggw","time":1613798401,"event":{"mods":["AchievementEnabler","BaseMod","Colored Map","Colored Powertips","DeckTracker","Keyboard Shortcuts","Minty Spire (QoL Compilation)","Rare Cards Sparkle","Relic Stats","StSLib","SuperFastMode","Together in Spire","everything is the same but u backflip on backflip"],"gold_per_floor":[111,66,141,156,156,188,188,201,201,220,255,270,290,290,290,385,435,448,67,67,67,67,67,102,102,102,127,127,143,178,198,198,301,301,317,317,317,28,41,75,87,121,121,141,160,160,190,205,205,205,205,205,3,37,37,37],"floor_reached":55,"language":"KOR","playtime":1529,"items_purged":["Strike_G","Strike_G"],"score":1560,"play_id":"8050ad58-528b-42ae-ba0d-30ecc2112dc0","local_time":"20210220142001","is_ascension_mode":true,"campfire_choices":[{"data":"Blade Dance","floor":7,"key":"SMITH"},{"data":"Adrenaline","floor":15,"key":"SMITH"},{"data":"Cloak And Dagger","floor":23,"key":"SMITH"},{"data":"Prepared","floor":25,"key":"SMITH"},{"data":"Terror","floor":28,"key":"SMITH"},{"floor":32,"key":"REST"},{"data":"Calculated Gamble","floor":46,"key":"SMITH"},{"floor":49,"key":"RECALL"},{"data":"Wraith Form v2","floor":52,"key":"SMITH"}],"circlet_count":0,"master_deck":["AscendersBane","Strike_G+1","Defend_G","Defend_G","Defend_G","Defend_G","Defend_G","Survivor","Neutralize+1","Cloak And Dagger+1","Blade Dance+1","Backflip","Masterful Stab","Blade Dance+1","Finisher","Adrenaline+1","Storm of Steel","Prepared+1","Well Laid Plans","Adrenaline+1","Tactician+1","Terror+1","PiercingWail+1","Prepared","Wraith Form v2+1","Good Instincts","Blade Dance","Calculated Gamble+1"],"relics":["Ring of the Snake","NeowsBlessing","Shuriken","HornCleat","Juzu Bracelet","Tiny House","Incense Burner","The Courier","Letter Opener","Sundial","Regal Pillow","Busted Crown","Anchor","Lantern","Orichalcum","Eternal Feather","Pantograph"],"acts_visited":["Exordium","TheCity","TheBeyond","TheEnding"],"potions_floor_usage":[16,16,27,30,38,38,40,40,42,50,54,55],"damage_taken":[{"damage":0,"enemies":"Cultist","floor":1,"turns":1},{"damage":0,"enemies":"Small Slimes","floor":4,"turns":1},{"damage":0,"enemies":"3 Sentries","floor":6,"turns":1},{"damage":0,"enemies":"2 Louse","floor":8,"turns":2},{"damage":7,"enemies":"Lots of Slimes","floor":10,"turns":3},{"damage":0,"enemies":"Gremlin Nob","floor":11,"turns":3},{"damage":0,"enemies":"3 Louse","floor":12,"turns":2},{"damage":7,"enemies":"Exordium Thugs","floor":13,"turns":3},{"damage":0,"enemies":"Hexaghost","floor":16,"turns":5},{"damage":12,"enemies":"Chosen","floor":18,"turns":2},{"damage":20,"enemies":"Book of Stabbing","floor":24,"turns":4},{"damage":5,"enemies":"Gremlin Leader","floor":27,"turns":4},{"damage":0,"enemies":"3 Byrds","floor":29,"turns":3},{"damage":0,"enemies":"Book of Stabbing","floor":30,"turns":3},{"damage":12,"enemies":"Cultist and Chosen","floor":31,"turns":2},{"damage":28,"enemies":"Champ","floor":33,"turns":6},{"damage":0,"enemies":"Orb Walker","floor":35,"turns":3},{"damage":7,"enemies":"3 Darklings","floor":39,"turns":6},{"damage":0,"enemies":"Reptomancer","floor":40,"turns":4},{"damage":0,"enemies":"4 Shapes","floor":41,"turns":2},{"damage":0,"enemies":"Nemesis","floor":42,"turns":5},{"damage":0,"enemies":"Transient","floor":44,"turns":5},{"damage":12,"enemies":"Maw","floor":45,"turns":5},{"damage":14,"enemies":"Giant Head","floor":47,"turns":7},{"damage":6,"enemies":"Sphere and 2 Shapes","floor":48,"turns":5},{"damage":22,"enemies":"Donu and Deca","floor":50,"turns":9},{"damage":4,"enemies":"Shield and Spear","floor":54,"turns":6},{"damage":94,"enemies":"The Heart","floor":55,"turns":8}],"seed_played":"-4890439593940677526","potions_obtained":[{"floor":10,"key":"SmokeBomb"},{"floor":11,"key":"ColorlessPotion"},{"floor":12,"key":"Strength Potion"},{"floor":13,"key":"SteroidPotion"},{"floor":17,"key":"Fruit Juice"},{"floor":24,"key":"PowerPotion"},{"floor":27,"key":"PowerPotion"},{"floor":30,"key":"Energy Potion"},{"floor":35,"key":"PowerPotion"},{"floor":40,"key":"Dexterity Potion"},{"floor":45,"key":"SmokeBomb"},{"floor":47,"key":"Dexterity Potion"}],"is_trial":false,"path_per_floor":["M","$","?","M","?","E","R","M","T","M","E","M","M","?","R","B",null,"M","$","?","$","?","R","E","R","T","E","R","M","E","M","R","B",null,"M","?","?","$","M","E","M","E","T","M","M","R","E","M","R","B",null,"R","$","E","B"],"character_chosen":"THE_SILENT","items_purchased":["Blade Dance","Incense Burner","Fruit Juice","Anchor","CultistPotion","GhostInAJar","Swift Potion"],"campfire_rested":1,"item_purchase_floors":[2,19,38,38,38,53,53],"current_hp_per_floor":[63,63,52,52,52,52,52,52,52,45,45,45,38,24,24,24,64,52,52,52,52,52,52,32,32,32,27,27,27,27,15,52,24,62,62,62,52,62,55,55,55,55,55,55,43,43,29,23,38,16,65,80,80,76,0,0],"gold":37,"neow_bonus":"THREE_ENEMY_KILL","is_daily":false,"chose_seed":false,"campfire_upgraded":7,"win_rate":0.0,"timestamp":1613798401,"path_taken":["M","?","?","M","?","E","R","M","T","M","E","M","M","?","R","BOSS","M","$","?","?","?","R","E","R","T","E","R","M","E","M","R","BOSS","M","?","?","?","M","E","M","E","T","M","M","R","E","M","R","BOSS","R","$","E","BOSS"],"items_purchased_type":["Card","Relic","Potion","Relic","Potion","Potion","Potion"],"build_version":"2020-12-22","purchased_purges":2,"victory":false,"max_hp_per_floor":[70,70,70,70,70,70,70,70,70,70,70,70,70,70,70,70,75,75,75,75,75,75,75,75,75,75,75,75,75,75,75,75,75,75,75,71,71,81,81,81,81,81,81,81,81,81,81,81,81,81,81,81,81,81,81,81],"relic_stats":{"Regal Pillow":15,"Busted Crown":26,"counters":[28,110],"Shuriken":[138],"Sundial":[10],"Pantograph":5,"Eternal Feather":30,"Juzu Bracelet":2,"Letter Opener":[500],"Orichalcum":[42],"obtain_stats":[{"Regal Pillow":30,"Lantern":40,"Tiny House":17,"NeowsBlessing":0,"Eternal Feather":47,"The Courier":24,"Juzu Bracelet":11,"Incense Burner":19,"Letter Opener":26,"Orichalcum":42,"Anchor":38,"HornCleat":9,"Busted Crown":34,"Shuriken":6,"Sundial":27,"Pantograph":54,"Ring of the Snake":0},{"Regal Pillow":14,"Lantern":19,"Tiny House":9,"NeowsBlessing":0,"Eternal Feather":24,"The Courier":11,"Juzu Bracelet":6,"Incense Burner":10,"Letter Opener":11,"Orichalcum":21,"Anchor":17,"HornCleat":4,"Busted Crown":16,"Shuriken":3,"Sundial":12,"Pantograph":27,"Ring of the Snake":0},{"Regal Pillow":37,"Lantern":58,"Tiny House":21,"NeowsBlessing":0,"Eternal Feather":82,"The Courier":27,"Juzu Bracelet":11,"Incense Burner":23,"Letter Opener":27,"Orichalcum":65,"Anchor":48,"HornCleat":5,"Busted Crown":45,"Shuriken":3,"Sundial":31,"Pantograph":102,"Ring of the Snake":0}],"Ring of the Snake":[56]},"card_choices":[{"not_picked":["Quick Slash","Concentrate"],"picked":"Cloak And Dagger","floor":1},{"not_picked":["Eviscerate","Endless Agony"],"picked":"Backflip","floor":4},{"not_picked":["Flying Knee","Dash"],"picked":"Masterful Stab","floor":6},{"not_picked":["Backstab","Poisoned Stab"],"picked":"Blade Dance","floor":8},{"not_picked":["Dagger Throw","Underhanded Strike"],"picked":"Finisher","floor":10},{"not_picked":["Acrobatics","Backflip"],"picked":"Adrenaline","floor":11},{"not_picked":["Deflect","Eviscerate","Backflip"],"picked":"SKIP","floor":12},{"not_picked":["Slice","Deflect","Poisoned Stab"],"picked":"SKIP","floor":13},{"not_picked":["Glass Knife","Envenom"],"picked":"Storm of Steel","floor":16},{"not_picked":["Outmaneuver","Crippling Poison"],"picked":"Prepared","floor":17},{"not_picked":["Crippling Poison","Setup+1"],"picked":"Well Laid Plans","floor":18},{"not_picked":["Dagger Throw","Outmaneuver"],"picked":"Tactician+1","floor":24},{"not_picked":["All Out Attack","Riddle With Holes"],"picked":"Terror","floor":27},{"not_picked":["Riddle With Holes","Choke"],"picked":"PiercingWail+1","floor":29},{"not_picked":["Concentrate","Flying Knee","Outmaneuver"],"picked":"SKIP","floor":30},{"not_picked":["Bane","Flechettes"],"picked":"Prepared","floor":31},{"not_picked":["Adrenaline","Envenom"],"picked":"Wraith Form v2","floor":33},{"not_picked":["Terror+1"],"picked":"SKIP","floor":35},{"not_picked":[],"picked":"Good Instincts","floor":37},{"not_picked":["Expertise"],"picked":"SKIP","floor":39},{"not_picked":["Sucker Punch+1"],"picked":"SKIP","floor":40},{"not_picked":[],"picked":"Blade Dance","floor":41},{"not_picked":["Deadly Poison"],"picked":"SKIP","floor":42},{"not_picked":[],"picked":"Calculated Gamble","floor":44},{"not_picked":["Backflip"],"picked":"SKIP","floor":45},{"not_picked":["Backflip"],"picked":"SKIP","floor":45},{"not_picked":["Infinite Blades"],"picked":"SKIP","floor":47},{"not_picked":["Finisher"],"picked":"SKIP","floor":48},{"not_picked":["Masterful Stab"],"picked":"SKIP","floor":54}],"player_experience":291734,"relics_obtained":[{"floor":6,"key":"Shuriken"},{"floor":9,"key":"HornCleat"},{"floor":11,"key":"Juzu Bracelet"},{"floor":24,"key":"The Courier"},{"floor":26,"key":"Letter Opener"},{"floor":27,"key":"Sundial"},{"floor":30,"key":"Regal Pillow"},{"floor":40,"key":"Lantern"},{"floor":42,"key":"Orichalcum"},{"floor":47,"key":"Eternal Feather"},{"floor":54,"key":"Pantograph"}],"event_choices":[{"damage_healed":0,"gold_gain":75,"player_choice":"Gather Gold","damage_taken":11,"max_hp_gain":0,"max_hp_loss":0,"event_name":"World of Goop","floor":3,"gold_loss":0},{"cards_removed":["Strike_G"],"damage_healed":0,"gold_gain":0,"player_choice":"Purged","damage_taken":0,"max_hp_gain":0,"max_hp_loss":0,"event_name":"Purifier","floor":5,"gold_loss":0},{"damage_healed":0,"gold_gain":0,"player_choice":"Entered Light","damage_taken":14,"max_hp_gain":0,"max_hp_loss":0,"event_name":"Shining Light","floor":14,"gold_loss":0,"cards_upgraded":["Neutralize","Blade Dance"]},{"cards_removed":["Strike_G"],"damage_healed":0,"gold_gain":0,"player_choice":"Purged","damage_taken":0,"max_hp_gain":0,"max_hp_loss":0,"event_name":"Purifier","floor":20,"gold_loss":0},{"damage_healed":0,"gold_gain":0,"player_choice":"Copied","damage_taken":0,"max_hp_gain":0,"max_hp_loss":0,"event_name":"Duplicator","floor":22,"gold_loss":0,"cards_obtained":["Adrenaline"]},{"damage_healed":0,"gold_gain":0,"player_choice":"Max HP","damage_taken":0,"max_hp_gain":0,"max_hp_loss":4,"event_name":"Winding Halls","floor":36,"gold_loss":0},{"damage_healed":0,"gold_gain":0,"player_choice":"Memory 3","damage_taken":10,"max_hp_gain":0,"max_hp_loss":0,"event_name":"SensoryStone","floor":37,"gold_loss":0}],"is_beta":false,"boss_relics":[{"not_picked":["Calling Bell","Ectoplasm"],"picked":"Tiny House"},{"not_picked":["Cursed Key","Snecko Eye"],"picked":"Busted Crown"}],"items_purged_floors":[19,53],"is_endless":false,"potions_floor_spawned":[10,11,12,13,24,27,30,35,40,45,47],"killed_by":"The Heart","ascension_level":12}}