{"host":"wmrrle71ao22fxdw","time":1613840088,"event":{"mods":["BaseMod","Colored Map","Minty Spire (QoL Compilation)"],"gold_per_floor":[114,126,139,158,171,171,205,205,230,230,246,271,290,310,310,310,310],"floor_reached":16,"language":"ENG","playtime":600,"items_purged":[],"score":141,"play_id":"3e355762-05cb-4cad-b0b1-d15e5ba038ce","local_time":"20210220175448","is_ascension_mode":false,"campfire_choices":[{"floor":6,"key":"REST"},{"data":"Tantrum","floor":8,"key":"SMITH"},{"data":"FearNoEvil","floor":10,"key":"SMITH"},{"data":"Wallop","floor":15,"key":"SMITH"}],"circlet_count":0,"master_deck":["Strike_P","Strike_P","Strike_P+1","Strike_P","Defend_P","Defend_P","Defend_P","Defend_P","Eruption+1","Vigilance","FlurryOfBlows","Consecrate","Wallop+1","FearNoEvil+1","Tantrum+1","FollowUp","EmptyFist","Protect","Indignation","WaveOfTheHand"],"relics":["Runic Dome","Whetstone","Art of War","Potion Belt"],"acts_visited":["Exordium"],"potions_floor_usage":[16,16,16],"damage_taken":[{"damage":11,"enemies":"Small Slimes","floor":1,"turns":3},{"damage":1,"enemies":"2 Louse","floor":2,"turns":3},{"damage":6,"enemies":"Jaw Worm","floor":3,"turns":2},{"damage":23,"enemies":"Gremlin Gang","floor":4,"turns":3},{"damage":3,"enemies":"3 Louse","floor":5,"turns":2},{"damage":0,"enemies":"Gremlin Nob","floor":7,"turns":2},{"damage":0,"enemies":"Looter","floor":11,"turns":1},{"damage":9,"enemies":"3 Sentries","floor":12,"turns":3},{"damage":2,"enemies":"Large Slime","floor":13,"turns":3},{"damage":4,"enemies":"Blue Slaver","floor":14,"turns":2},{"damage":50,"enemies":"The Guardian","floor":16,"turns":5}],"seed_played":"-2341083877826757039","potions_obtained":[{"floor":1,"key":"PowerPotion"},{"floor":4,"key":"Explosive Potion"},{"floor":7,"key":"Fire Potion"},{"floor":14,"key":"SmokeBomb"}],"is_trial":false,"path_per_floor":["M","M","M","M","M","R","E","R","T","R","M","E","M","M","R","B"],"character_chosen":"WATCHER","items_purchased":[],"campfire_rested":1,"item_purchase_floors":[],"current_hp_per_floor":[61,60,54,31,28,49,49,49,49,49,49,40,38,34,34,0,0],"gold":310,"neow_bonus":"BOSS_RELIC","is_daily":false,"chose_seed":false,"campfire_upgraded":3,"win_rate":0.0,"timestamp":1613840088,"path_taken":["M","M","M","M","M","R","E","R","T","R","M","E","M","M","R","BOSS"],"items_purchased_type":[],"build_version":"2020-12-22","purchased_purges":0,"victory":false,"max_hp_per_floor":[72,72,72,72,72,72,72,72,72,72,72,72,72,72,72,72,72],"card_choices":[{"not_picked":["Wallop","JustLucky"],"picked":"FlurryOfBlows","floor":1},{"not_picked":["Brilliance","CrushJoints"],"picked":"Consecrate","floor":2},{"not_picked":["Consecrate","EmptyFist"],"picked":"Wallop","floor":3},{"not_picked":["Halt","PathToVictory"],"picked":"FearNoEvil","floor":4},{"not_picked":["SashWhip","FlurryOfBlows"],"picked":"Tantrum","floor":5},{"not_picked":["LikeWater","WreathOfFlame"],"picked":"FollowUp","floor":7},{"not_picked":["BowlingBash","CrushJoints"],"picked":"EmptyFist","floor":11},{"not_picked":["InnerPeace","CrushJoints"],"picked":"Protect","floor":12},{"not_picked":["Perseverance","Crescendo"],"picked":"Indignation","floor":13},{"not_picked":["SpiritShield","FearNoEvil"],"picked":"WaveOfTheHand","floor":14}],"player_experience":107070,"relics_obtained":[{"floor":7,"key":"Whetstone"},{"floor":9,"key":"Art of War"},{"floor":12,"key":"Potion Belt"}],"event_choices":[],"is_beta":false,"boss_relics":[],"items_purged_floors":[],"is_endless":false,"potions_floor_spawned":[1,4,7,14],"killed_by":"The Guardian","ascension_level":0}}