{"host":"sqc03gvc95ea30py","time":1613823944,"event":{"mods":["BaseMod","Better-Laid Plans","Colored Powertips","Minty Spire (QoL Compilation)","Quick Restart","Shop Mod","UnlockEverythingMod"],"gold_per_floor":[118,138,138,118,21,52,52,62,86,98,21,35,46,62,62,162,162],"floor_reached":16,"language":"ZHS","playtime":323,"items_purged":["Strike_R"],"score":269,"play_id":"772660f1-c90d-49d6-ad28-fbe98e1d2a40","local_time":"20210220202544","is_ascension_mode":true,"campfire_choices":[{"data":"Body Slam","floor":7.0,"key":"SMITH"},{"data":"Armaments","floor":15.0,"key":"SMITH"}],"circlet_count":0,"master_deck":["AscendersBane","Strike_R","Strike_R","Strike_R","Defend_R","Defend_R","Defend_R","Defend_R","Bash","Body Slam+1","Rage","Shrug It Off","Power Through","Armaments+1","Sever Soul","Immolate"],"relics":["Burning Blood","NeowsBlessing","Centennial Puzzle","Boot"],"acts_visited":[],"potions_floor_usage":[],"damage_taken":[{"damage":0.0,"enemies":"Cultist","floor":1.0,"turns":1.0},{"damage":0.0,"enemies":"2 Louse","floor":2.0,"turns":1.0},{"damage":0.0,"enemies":"Gremlin Nob","floor":6.0,"turns":1.0},{"damage":7.0,"enemies":"Small Slimes","floor":8.0,"turns":4.0},{"damage":21.0,"enemies":"Exordium Thugs","floor":10.0,"turns":5.0},{"damage":0.0,"enemies":"Exordium Wildlife","floor":12.0,"turns":5.0},{"damage":10.0,"enemies":"2 Fungi Beasts","floor":13.0,"turns":3.0},{"damage":3.0,"enemies":"Blue Slaver","floor":14.0,"turns":3.0},{"damage":37.0,"enemies":"Slime Boss","floor":16.0,"turns":12.0}],"seed_played":"7941780426181031680","potions_obtained":[{"floor":1.0,"key":"Explosive Potion"},{"floor":2.0,"key":"Strength Potion"},{"floor":4.0,"key":"DistilledChaos"},{"floor":14.0,"key":"SteroidPotion"},{"floor":16,"key":"EssenceOfSteel"}],"is_trial":false,"path_per_floor":["M","M","?","?","$","E","R","M","T","M","$","M","M","M","R","B"],"character_chosen":"IRONCLAD","items_purchased":["Shrug It Off","Sever Soul"],"campfire_rested":0,"item_purchase_floors":[5,11],"current_hp_per_floor":[78,80,73,73,73,79,79,78,78,63,63,69,65,68,68,37,37],"gold":162,"neow_bonus":"THREE_ENEMY_KILL","is_daily":false,"chose_seed":false,"campfire_upgraded":2,"win_rate":0.0,"timestamp":1613823944,"path_taken":["M","M","?","?","$","E","R","?","T","M","?","M","M","M","R","BOSS","BOSS"],"items_purchased_type":["Card","Card"],"build_version":"2020-12-22","purchased_purges":1,"victory":false,"max_hp_per_floor":[80,80,80,80,80,80,80,80,80,80,80,80,80,80,80,80,80],"card_choices":[{"not_picked":["Anger","Heavy Blade"],"picked":"Body Slam","floor":1.0},{"not_picked":["Sword Boomerang","Cleave"],"picked":"Rage","floor":2.0},{"not_picked":["Wild Strike","Warcry","Pummel"],"picked":"SKIP","floor":6.0},{"not_picked":["Spot Weakness","Carnage"],"picked":"Power Through","floor":8.0},{"not_picked":["Blood for Blood","Shrug It Off"],"picked":"Armaments","floor":10.0},{"not_picked":["Uppercut","Reckless Charge","Wild Strike"],"picked":"SKIP","floor":12.0},{"not_picked":["Sword Boomerang","Spot Weakness"],"picked":"Immolate","floor":13.0},{"not_picked":["Disarm","Armaments","Thunderclap"],"picked":"SKIP","floor":14.0}],"player_experience":290796,"relics_obtained":[{"floor":6.0,"key":"Centennial Puzzle"},{"floor":9.0,"key":"Boot"}],"event_choices":[{"cards_removed":["Strike_R"],"damage_healed":0.0,"max_hp_gain":0.0,"max_hp_loss":0.0,"gold_gain":0.0,"event_name":"Golden Wing","player_choice":"Card Removal","floor":3.0,"gold_loss":0.0,"damage_taken":7.0},{"damage_healed":0.0,"max_hp_gain":0.0,"max_hp_loss":0.0,"gold_gain":0.0,"event_name":"The Woman in Blue","player_choice":"Bought 1 Potion","floor":4.0,"gold_loss":0.0,"damage_taken":0.0}],"is_beta":false,"boss_relics":[],"items_purged_floors":[5],"is_endless":false,"potions_floor_spawned":[1,2,14,16],"killed_by":"Slime Boss","ascension_level":10}}