{"host":"szp1d6dso4pv7ddl","time":1613842045,"event":{"mods":["AchievementEnabler","Alarm Clock","BaseMod","Bestiary","Block Reminder","Colored Map","Colored Powertips","Curses Come First","Dark Map","Displayed Cursed Tome","Highlight Path","Minty Spire (QoL Compilation)","Permanent Neow","Quick Restart","Relic Sorter","Relic Stats","StSLib","Synergy Search"],"gold_per_floor":[18,18,18,18,86,86,106,139,139,152,152,188,188,188,188,188,188],"floor_reached":16,"language":"ENG","playtime":1026,"items_purged":[],"score":207,"play_id":"8a3a3d0f-4165-474c-8b57-ba506e2ad081","local_time":"20210220092725","is_ascension_mode":true,"campfire_choices":[{"data":"Uppercut","floor":6.0,"key":"SMITH"},{"floor":11.0,"key":"REST"},{"floor":15.0,"key":"REST"}],"circlet_count":0,"master_deck":["AscendersBane","Strike_R","Strike_R","Strike_R","Strike_R","Defend_R","Defend_R","Defend_R","Power Through","Barricade","Uppercut+1","Iron Wave","Berserk+1","True Grit","Carnage","Wild Strike"],"relics":["Burning Blood","Golden Idol","Anchor","Bottled Flame","Shuriken","Tiny Chest"],"acts_visited":["Exordium"],"potions_floor_usage":[16],"damage_taken":[{"damage":18.0,"enemies":"Jaw Worm","floor":1.0,"turns":8.0},{"damage":1.0,"enemies":"2 Louse","floor":7.0,"turns":3.0},{"damage":29.0,"enemies":"Gremlin Nob","floor":8.0,"turns":5.0},{"damage":0.0,"enemies":"Small Slimes","floor":10.0,"turns":3.0},{"damage":37.0,"enemies":"3 Sentries","floor":12.0,"turns":14.0},{"damage":62,"enemies":"Hexaghost","floor":16,"turns":12}],"seed_played":"-8181387341383740452","potions_obtained":[{"floor":7.0,"key":"FairyPotion"},{"floor":8.0,"key":"BlessingOfTheForge"}],"is_trial":false,"path_per_floor":["M","?","$","?","?","R","M","E","T","M","R","E","?","?","R","B"],"character_chosen":"IRONCLAD","items_purchased":[],"campfire_rested":2,"item_purchase_floors":[],"current_hp_per_floor":[56,56,56,45,45,45,50,27,27,33,53,22,22,22,42,0,0],"gold":188,"neow_bonus":"TRANSFORM_TWO_CARDS","is_daily":false,"chose_seed":false,"campfire_upgraded":1,"win_rate":0.0,"timestamp":1613842045,"path_taken":["M","?","$","?","?","R","M","E","T","M","R","E","?","?","R","BOSS"],"items_purchased_type":[],"build_version":"2020-12-22","purchased_purges":0,"victory":false,"max_hp_per_floor":[75,68,68,68,68,68,68,68,68,68,68,68,68,68,68,68,68],"relic_stats":{"counters":[6,45],"Golden Idol":21,"Shuriken":[3],"Tiny Chest":0,"obtain_stats":[{"Anchor":4,"Bottled Flame":8,"Golden Idol":2,"Shuriken":9,"Tiny Chest":12,"Burning Blood":0},{"Anchor":1,"Bottled Flame":3,"Golden Idol":1,"Shuriken":3,"Tiny Chest":5,"Burning Blood":0},{"Anchor":8,"Bottled Flame":16,"Golden Idol":8,"Shuriken":16,"Tiny Chest":33,"Burning Blood":0}],"Burning Blood":30},"card_choices":[{"not_picked":["Shrug It Off","Thunderclap"],"picked":"Uppercut","floor":1.0},{"not_picked":["Warcry","Dark Embrace"],"picked":"Iron Wave","floor":7.0},{"not_picked":["Inflame","Combust"],"picked":"Berserk","floor":8.0},{"not_picked":["Hemokinesis","Pommel Strike"],"picked":"True Grit","floor":10.0},{"not_picked":["Dual Wield","Clothesline"],"picked":"Carnage","floor":12.0}],"player_experience":1607360,"relics_obtained":[{"floor":8.0,"key":"Bottled Flame"},{"floor":9.0,"key":"Shuriken"},{"floor":12.0,"key":"Tiny Chest"}],"event_choices":[{"damage_healed":0.0,"max_hp_gain":0.0,"max_hp_loss":7.0,"gold_gain":0.0,"event_name":"Golden Idol","player_choice":"Lose Max HP","floor":2.0,"gold_loss":0.0,"damage_taken":0.0,"relics_obtained":["Golden Idol"]},{"damage_healed":0.0,"max_hp_gain":0.0,"max_hp_loss":0.0,"gold_gain":0.0,"event_name":"Scrap Ooze","player_choice":"Success","floor":4.0,"gold_loss":0.0,"damage_taken":11.0,"relics_obtained":["Anchor"]},{"damage_healed":0.0,"max_hp_gain":0.0,"max_hp_loss":0.0,"gold_gain":68.0,"event_name":"Golden Wing","player_choice":"Gained Gold","floor":5.0,"gold_loss":0.0,"damage_taken":0.0},{"damage_healed":0.0,"max_hp_gain":0.0,"max_hp_loss":0.0,"gold_gain":0.0,"event_name":"Living Wall","player_choice":"Grow","floor":13.0,"gold_loss":0.0,"damage_taken":0.0,"cards_upgraded":["Berserk"]},{"damage_healed":0.0,"max_hp_gain":0.0,"max_hp_loss":0.0,"gold_gain":0.0,"cards_transformed":["Bash"],"event_name":"Transmorgrifier","player_choice":"Transformed","floor":14.0,"gold_loss":0.0,"damage_taken":0.0,"cards_obtained":["Wild Strike"]}],"is_beta":false,"boss_relics":[],"items_purged_floors":[],"is_endless":false,"potions_floor_spawned":[7,8,10],"killed_by":"Hexaghost","ascension_level":19}}