{"host":"Bilverbakes","time":1613791253,"event":{"mods":["2.2 Compatiblity","AchievementEnabler","BaseMod","Bestiary","Colored Map","Minty Spire (QoL Compilation)","Relic Stats","StSLib","ojb\u0027s Info Mod"],"gold_per_floor":[117,42,42,63,88,88,127,127,427,427,448,488,506,550,550,646,646,659,261,277,277,290,290,321,342,342,373,36,36,86,86,86,185,185,204,204,204,115,131,131,151,195,195,218,259,283,323,341,341,341,341,341],"floor_reached":51,"language":"ENG","playtime":2710,"items_purged":["Strike_G","Injury"],"score":1815,"play_id":"7b3e0d85-69fd-4769-95ed-058944ad11fd","local_time":"20210219212053","is_ascension_mode":true,"campfire_choices":[{"data":"Predator","floor":6.0,"key":"SMITH"},{"floor":8.0,"key":"REST"},{"data":"Neutralize","floor":10.0,"key":"SMITH"},{"data":"Bouncing Flask","floor":15.0,"key":"SMITH"},{"data":"Noxious Fumes","floor":23.0,"key":"SMITH"},{"data":"Choke","floor":29.0,"key":"SMITH"},{"data":"Footwork","floor":32.0,"key":"SMITH"},{"floor":40.0,"key":"RECALL"},{"data":"Wraith Form v2","floor":49.0,"key":"SMITH"}],"circlet_count":0,"master_deck":["AscendersBane","Strike_G","Strike_G","Strike_G","Strike_G","Defend_G+1","Defend_G","Defend_G+1","Defend_G","Survivor","Neutralize+1","Footwork+1","Flying Knee","Predator+1","Slice","Noxious Fumes+1","Bouncing Flask+1","Poisoned Stab","Tools of the Trade","Dodge and Roll","Endless Agony+1","Necronomicurse","Leg Sweep+1","Choke+1","Backstab","Blade Dance","Wraith Form v2+1","Dash+1","Panacea","Dash","Dagger Throw+1","Finisher+1","Crippling Poison","Backflip+1"],"relics":["Ring of the Snake","Golden Idol","FossilizedHelix","Old Coin","Ancient Tea Set","Gambling Chip","Coffee Dripper","Torii","Necronomicon","War Paint","Bottled Flame","StrikeDummy","Membership Card","Incense Burner","Mummified Hand","Cursed Key","Mango","Ginger","Shuriken"],"acts_visited":["Exordium","TheCity","TheBeyond"],"potions_floor_usage":[50,51],"damage_taken":[{"damage":1.0,"enemies":"Small Slimes","floor":1.0,"turns":5.0},{"damage":4.0,"enemies":"Jaw Worm","floor":4.0,"turns":6.0},{"damage":1.0,"enemies":"2 Louse","floor":5.0,"turns":3.0},{"damage":47.0,"enemies":"3 Sentries","floor":7.0,"turns":11.0},{"damage":0.0,"enemies":"Looter","floor":11.0,"turns":3.0},{"damage":0.0,"enemies":"Gremlin Nob","floor":12.0,"turns":4.0},{"damage":0.0,"enemies":"Blue Slaver","floor":13.0,"turns":3.0},{"damage":8.0,"enemies":"Lagavulin","floor":14.0,"turns":4.0},{"damage":0.0,"enemies":"Hexaghost","floor":16.0,"turns":6.0},{"damage":0.0,"enemies":"Chosen","floor":18.0,"turns":4.0},{"damage":1.0,"enemies":"Shell Parasite","floor":20.0,"turns":4.0},{"damage":2.0,"enemies":"Shelled Parasite and Fungi","floor":22.0,"turns":4.0},{"damage":12.0,"enemies":"Gremlin Leader","floor":24.0,"turns":6.0},{"damage":0.0,"enemies":"Cultist and Chosen","floor":25.0,"turns":3.0},{"damage":10.0,"enemies":"Book of Stabbing","floor":27.0,"turns":5.0},{"damage":0.0,"enemies":"Champ","floor":33.0,"turns":7.0},{"damage":11.0,"enemies":"3 Darklings","floor":35.0,"turns":6.0},{"damage":0.0,"enemies":"3 Shapes","floor":39.0,"turns":8.0},{"damage":0.0,"enemies":"3 Darklings","floor":41.0,"turns":5.0},{"damage":8.0,"enemies":"Giant Head","floor":42.0,"turns":8.0},{"damage":0.0,"enemies":"Writhing Mass","floor":44.0,"turns":4.0},{"damage":6.0,"enemies":"Reptomancer","floor":45.0,"turns":4.0},{"damage":0.0,"enemies":"4 Shapes","floor":46.0,"turns":6.0},{"damage":0.0,"enemies":"Giant Head","floor":47.0,"turns":7.0},{"damage":0.0,"enemies":"Spire Growth","floor":48.0,"turns":4.0},{"damage":12,"enemies":"Donu and Deca","floor":50,"turns":7},{"damage":37,"enemies":"Time Eater","floor":51,"turns":10}],"seed_played":"5944846911827497266","potions_obtained":[{"floor":1.0,"key":"Weak Potion"},{"floor":11.0,"key":"SneckoOil"},{"floor":12.0,"key":"DuplicationPotion"},{"floor":14.0,"key":"LiquidMemories"},{"floor":20.0,"key":"EntropicBrew"},{"floor":25.0,"key":"SteroidPotion"},{"floor":35.0,"key":"Block Potion"},{"floor":47.0,"key":"AttackPotion"}],"is_trial":false,"path_per_floor":["M","?","?","M","M","R","E","R","T","R","M","E","M","E","R","B",null,"M","$","M","?","M","R","E","M","T","E","$","R","?","T","R","B",null,"M","?","T","$","M","R","M","E","T","M","E","M","E","M","R","B","B"],"character_chosen":"THE_SILENT","items_purchased":["Torii","Membership Card","Incense Burner","Dash"],"campfire_rested":1,"item_purchase_floors":[19,28,28,38],"current_hp_per_floor":[64,64,64,60,59,59,12,31,31,31,31,31,31,23,23,23,55,55,55,54,33,31,31,19,19,19,9,9,9,9,9,9,9,51,40,40,40,40,40,40,40,46,46,46,40,40,40,40,40,28,0,0],"gold":341,"neow_bonus":"TEN_PERCENT_HP_BONUS","is_daily":false,"chose_seed":false,"campfire_upgraded":7,"win_rate":0.0,"timestamp":1613791253,"path_taken":["M","?","?","M","M","R","E","R","T","R","M","E","?","E","R","BOSS","M","$","M","?","M","R","E","M","T","E","$","R","?","?","R","BOSS","M","?","?","$","M","R","M","E","T","M","E","M","E","M","R","BOSS","BOSS"],"items_purchased_type":["Relic","Relic","Relic","Card"],"build_version":"2020-12-18","purchased_purges":2,"victory":false,"max_hp_per_floor":[72,72,65,65,65,65,65,65,65,65,65,65,65,65,65,65,65,65,65,65,65,65,65,65,65,65,65,65,65,65,65,65,65,65,65,65,65,65,65,65,65,79,79,79,79,79,79,79,79,79,79,79],"relic_stats":{"Torii":21,"counters":[27,147],"Golden Idol":174,"Mummified Hand":[57],"Shuriken":[18],"Gambling Chip":[60],"Necronomicon":[48],"Ginger":[3],"War Paint":["Defend_G","Defend_G"],"Cursed Key":1,"obtain_stats":[{"Torii":19,"Golden Idol":3,"Mango":42,"Incense Burner":28,"Ginger":45,"War Paint":24,"Ancient Tea Set":12,"Cursed Key":34,"Old Coin":9,"Bottled Flame":26,"Mummified Hand":31,"Shuriken":47,"Gambling Chip":14,"Coffee Dripper":17,"Necronomicon":21,"Membership Card":28,"StrikeDummy":27,"FossilizedHelix":7,"Ring of the Snake":0},{"Torii":10,"Golden Idol":1,"Mango":20,"Incense Burner":15,"Ginger":22,"War Paint":13,"Ancient Tea Set":6,"Cursed Key":16,"Old Coin":4,"Bottled Flame":14,"Mummified Hand":15,"Shuriken":24,"Gambling Chip":8,"Coffee Dripper":9,"Necronomicon":11,"Membership Card":15,"StrikeDummy":15,"FossilizedHelix":4,"Ring of the Snake":0},{"Torii":49,"Golden Idol":5,"Mango":105,"Incense Burner":71,"Ginger":113,"War Paint":63,"Ancient Tea Set":32,"Cursed Key":78,"Old Coin":25,"Bottled Flame":66,"Mummified Hand":71,"Shuriken":126,"Gambling Chip":39,"Coffee Dripper":45,"Necronomicon":53,"Membership Card":71,"StrikeDummy":71,"FossilizedHelix":25,"Ring of the Snake":0}],"Ring of the Snake":[54]},"card_choices":[{"not_picked":["Accuracy","Dagger Spray"],"picked":"Footwork","floor":1.0},{"not_picked":["Slice","Footwork"],"picked":"Flying Knee","floor":4.0},{"not_picked":["Bane","Acrobatics"],"picked":"Predator","floor":5.0},{"not_picked":["Deflect","Expertise"],"picked":"Slice","floor":7.0},{"not_picked":["Bane","Backflip","Footwork"],"picked":"SKIP","floor":11.0},{"not_picked":["Flechettes","Flying Knee"],"picked":"Noxious Fumes","floor":12.0},{"not_picked":["Underhanded Strike","Skewer"],"picked":"Bouncing Flask","floor":13.0},{"not_picked":["Footwork","Storm of Steel"],"picked":"Poisoned Stab","floor":14.0},{"not_picked":["Envenom","Night Terror"],"picked":"Tools of the Trade","floor":16.0},{"not_picked":["Cloak And Dagger","Poisoned Stab"],"picked":"Dodge and Roll","floor":18.0},{"not_picked":["Underhanded Strike","All Out Attack"],"picked":"Endless Agony+1","floor":20.0},{"not_picked":["Accuracy","Bullet Time"],"picked":"Leg Sweep+1","floor":22.0},{"not_picked":["Setup+1","Bouncing Flask+1"],"picked":"Choke","floor":24.0},{"not_picked":["Deadly Poison","Sucker Punch"],"picked":"Backstab","floor":25.0},{"not_picked":["Dodge and Roll","Expertise"],"picked":"Blade Dance","floor":27.0},{"not_picked":["Doppelganger","Storm of Steel"],"picked":"Wraith Form v2","floor":33.0},{"not_picked":["Dagger Spray+1","Dagger Throw"],"picked":"Dash+1","floor":35.0},{"not_picked":["Secret Technique","Forethought"],"picked":"Panacea","floor":36.0},{"not_picked":["Quick Slash","Flying Knee","Deadly Poison"],"picked":"SKIP","floor":39.0},{"not_picked":["Deadly Poison","Deflect+1"],"picked":"Dagger Throw+1","floor":41.0},{"not_picked":["Underhanded Strike","Prepared","Accuracy+1"],"picked":"SKIP","floor":42.0},{"not_picked":["Outmaneuver","Flying Knee","Deflect"],"picked":"SKIP","floor":44.0},{"not_picked":["Bouncing Flask","Corpse Explosion"],"picked":"Finisher+1","floor":45.0},{"not_picked":["Caltrops","Blade Dance"],"picked":"Crippling Poison","floor":46.0},{"not_picked":["PiercingWail","Footwork","Tactician"],"picked":"SKIP","floor":47.0},{"not_picked":["Well Laid Plans","PiercingWail"],"picked":"Backflip+1","floor":48.0}],"player_experience":968737,"relics_obtained":[{"floor":7.0,"key":"FossilizedHelix"},{"floor":9.0,"key":"Old Coin"},{"floor":12.0,"key":"Ancient Tea Set"},{"floor":14.0,"key":"Gambling Chip"},{"floor":21.0,"key":"Necronomicon"},{"floor":24.0,"key":"War Paint"},{"floor":26.0,"key":"Bottled Flame"},{"floor":27.0,"key":"StrikeDummy"},{"floor":31.0,"key":"Mummified Hand"},{"floor":42.0,"key":"Mango"},{"floor":45.0,"key":"Ginger"},{"floor":47.0,"key":"Shuriken"}],"event_choices":[{"cards_removed":["Defend_G"],"damage_healed":0.0,"max_hp_gain":0.0,"max_hp_loss":0.0,"gold_gain":0.0,"event_name":"The Cleric","player_choice":"Card Removal","floor":2.0,"gold_loss":75.0,"damage_taken":0.0},{"damage_healed":0.0,"max_hp_gain":0.0,"max_hp_loss":7.0,"gold_gain":0.0,"event_name":"Golden Idol","player_choice":"Lose Max HP","floor":3.0,"gold_loss":0.0,"damage_taken":0.0,"relics_obtained":["Golden Idol"]},{"damage_healed":0.0,"max_hp_gain":0.0,"max_hp_loss":0.0,"gold_gain":0.0,"event_name":"Cursed Tome","player_choice":"Obtained Book","floor":21.0,"gold_loss":0.0,"damage_taken":21.0},{"damage_healed":0.0,"max_hp_gain":0.0,"max_hp_loss":0.0,"gold_gain":50.0,"event_name":"Nest","player_choice":"Stole From Cult","floor":30.0,"gold_loss":0.0,"damage_taken":0.0},{"damage_healed":0.0,"max_hp_gain":0.0,"max_hp_loss":0.0,"gold_gain":0.0,"event_name":"SensoryStone","player_choice":"Memory 1","floor":36.0,"gold_loss":0.0,"damage_taken":0.0}],"is_beta":true,"boss_relics":[{"not_picked":["Empty Cage","Busted Crown"],"picked":"Coffee Dripper"},{"not_picked":["Ring of the Serpent","Black Star"],"picked":"Cursed Key"}],"items_purged_floors":[19,38],"is_endless":false,"potions_floor_spawned":[1,11,12,14,20,22,25,27,35,42,47,48],"killed_by":"Time Eater","ascension_level":20}}