{"host":"p9t7qd83igtcp2bh","time":1613825153,"event":{"mods":["2.2 Compatiblity","AchievementEnabler","BaseMod","Colored Map","Colored Powertips","Custom Start","DeckTracker","Keyboard Shortcuts","Minty Spire (QoL Compilation)","Permanent Neow","StSLib","SuperFastMode","everything is the same but u backflip on backflip"],"gold_per_floor":[110,128,138,138,157,183,195,231,243,330,47,77,77,97,97,174,174,190,190,190,209,209,209,229,254,254,254,271,297,297,328,328,402,402,417,435,220,237,237,267,267,292,292,323,10,10,22,33,33,33,33],"floor_reached":50,"language":"KOR","playtime":1993,"items_purged":["Defend_G"],"score":1038,"play_id":"fb81d581-b3c7-42ce-b02e-f23114925bc0","local_time":"20210220214553","is_ascension_mode":true,"campfire_choices":[{"data":"Riddle With Holes","floor":7.0,"key":"SMITH"},{"data":"CrushJoints","floor":15.0,"key":"SMITH"},{"floor":23.0,"key":"REST"},{"floor":30.0,"key":"REST"},{"floor":32.0,"key":"RECALL"},{"floor":41.0,"key":"REST"},{"floor":46.0,"key":"REST"},{"floor":49,"key":"REST"}],"circlet_count":0,"master_deck":["AscendersBane","Survivor","Neutralize","Riddle With Holes+1","Backflip","Hologram","Dash+1","Conserve Battery","Heavy Blade","Hologram","WindmillStrike","CrushJoints+1","Master of Strategy+1","Backflip+1","Skewer","Noxious Fumes","Ghostly+1","Ghostly+1","Ghostly+1","Bouncing Flask+1","Dark Embrace","Deep Breath+1","Apotheosis+1","Tools of the Trade","Choke","Finisher","Blade Dance+1","Sucker Punch","Skim+1","Accuracy","Prepared+1","Aggregate+1","Dark Shackles+1"],"relics":["Ring of the Snake","PrismaticShard","Odd Mushroom","Smiling Mask","Meat on the Bone","Toxic Egg 2","Fusion Hammer","Nloth\u0027s Gift","Pear","Eternal Feather","Thread and Needle","Nunchaku","Pandora\u0027s Box","OrangePellets","Singing Bowl","Dead Branch","Potion Belt","The Courier","Kunai","TwistedFunnel"],"acts_visited":["Exordium","TheCity","TheBeyond"],"potions_floor_usage":[50],"damage_taken":[{"damage":0.0,"enemies":"2 Louse","floor":1.0,"turns":3.0},{"damage":1.0,"enemies":"Small Slimes","floor":2.0,"turns":4.0},{"damage":0.0,"enemies":"Cultist","floor":3.0,"turns":4.0},{"damage":6.0,"enemies":"Looter","floor":5.0,"turns":3.0},{"damage":17.0,"enemies":"Lagavulin","floor":6.0,"turns":10.0},{"damage":1.0,"enemies":"The Mushroom Lair","floor":8.0,"turns":4.0},{"damage":16.0,"enemies":"Gremlin Nob","floor":12.0,"turns":6.0},{"damage":0.0,"enemies":"2 Fungi Beasts","floor":14.0,"turns":4.0},{"damage":23.0,"enemies":"Hexaghost","floor":16.0,"turns":15.0},{"damage":16.0,"enemies":"3 Byrds","floor":18.0,"turns":7.0},{"damage":9.0,"enemies":"Chosen","floor":21.0,"turns":5.0},{"damage":5.0,"enemies":"Centurion and Healer","floor":24.0,"turns":7.0},{"damage":12.0,"enemies":"Slavers","floor":25.0,"turns":6.0},{"damage":3.0,"enemies":"Shelled Parasite and Fungi","floor":28.0,"turns":6.0},{"damage":25.0,"enemies":"Gremlin Leader","floor":29.0,"turns":8.0},{"damage":8.0,"enemies":"Book of Stabbing","floor":31.0,"turns":8.0},{"damage":24.0,"enemies":"Collector","floor":33.0,"turns":10.0},{"damage":0.0,"enemies":"3 Shapes","floor":35.0,"turns":5.0},{"damage":6.0,"enemies":"Orb Walker","floor":36.0,"turns":3.0},{"damage":16.0,"enemies":"Transient","floor":38.0,"turns":5.0},{"damage":26.0,"enemies":"Nemesis","floor":40.0,"turns":9.0},{"damage":2.0,"enemies":"Mind Bloom Boss Battle","floor":42.0,"turns":9.0},{"damage":16.0,"enemies":"Reptomancer","floor":44.0,"turns":6.0},{"damage":12,"enemies":"Sphere and 2 Shapes","floor":47,"turns":5},{"damage":0,"enemies":"Jaw Worm Horde","floor":48,"turns":1},{"damage":67,"enemies":"Time Eater","floor":50,"turns":6}],"seed_played":"7982125851607133816","potions_obtained":[{"floor":1.0,"key":"Poison Potion"},{"floor":3.0,"key":"Explosive Potion"},{"floor":8.0,"key":"Ancient Potion"},{"floor":12.0,"key":"GamblersBrew"},{"floor":16.0,"key":"Dexterity Potion"},{"floor":21.0,"key":"SkillPotion"},{"floor":28.0,"key":"SteroidPotion"},{"floor":47,"key":"FairyPotion"},{"floor":48,"key":"Weak Potion"}],"is_trial":false,"path_per_floor":["M","M","M","?","M","E","R","?","T","?","$","E","?","M","R","B",null,"M","?","?","M","?","R","M","E","T","?","M","E","R","E","R","B",null,"M","M","$","M","?","E","R","?","T","E","$","R","M","M","R","B"],"character_chosen":"THE_SILENT","items_purchased":["Meat on the Bone","Accuracy","OrangePellets","Kunai","TwistedFunnel"],"campfire_rested":5,"item_purchase_floors":[11,37,37,45,45],"current_hp_per_floor":[59,58,58,58,52,35,35,34,34,23,23,19,19,31,31,20,50,34,34,30,21,21,30,25,35,35,35,32,19,40,32,40,28,37,37,31,31,27,27,15,42,42,42,28,28,46,34,34,46,13,13],"gold":33,"neow_bonus":"TRANSFORM_TWO_CARDS","is_daily":false,"chose_seed":false,"campfire_upgraded":2,"win_rate":0.0,"timestamp":1613825153,"path_taken":["M","M","M","?","M","E","R","?","T","?","$","E","?","M","R","BOSS","M","?","?","M","?","R","?","E","T","?","M","E","R","E","R","BOSS","M","M","$","M","?","E","R","?","T","E","?","R","M","M","R","BOSS"],"items_purchased_type":["Relic","Card","Relic","Relic","Relic"],"build_version":"2020-12-22","purchased_purges":1,"victory":false,"max_hp_per_floor":[60,60,60,60,60,60,60,60,60,60,60,60,60,60,60,60,60,60,60,30,30,30,30,30,40,40,40,40,40,40,40,40,40,40,40,40,40,40,40,42,42,44,44,46,46,46,46,46,46,46,46],"card_choices":[{"not_picked":["Scrape","ThirdEye"],"picked":"Hologram","floor":1.0},{"not_picked":["Dark Shackles","Battle Trance"],"picked":"Dash","floor":2.0},{"not_picked":["Tantrum","SashWhip"],"picked":"Conserve Battery","floor":3.0},{"not_picked":["Fire Breathing","Deflect"],"picked":"Heavy Blade","floor":5.0},{"not_picked":["ClearTheMind","Tempest","Steam"],"picked":"SKIP","floor":6.0},{"not_picked":["Poisoned Stab","Flechettes"],"picked":"Hologram","floor":8.0},{"not_picked":["Thunderclap","Havoc+1"],"picked":"WindmillStrike","floor":12.0},{"not_picked":["Exhume+1","Flying Knee"],"picked":"CrushJoints","floor":14.0},{"not_picked":["The Bomb+1","Corruption"],"picked":"Master of Strategy+1","floor":16.0},{"not_picked":["Poisoned Stab","Slice"],"picked":"Backflip+1","floor":18.0},{"not_picked":["FlyingSleeves","Barrage","BattleHymn"],"picked":"SKIP","floor":21.0},{"not_picked":["EmptyMind+1","Catalyst+1"],"picked":"Bouncing Flask+1","floor":24.0},{"not_picked":["Force Field+1","WindmillStrike"],"picked":"Dark Embrace","floor":25.0},{"not_picked":["Fire Breathing","Sword Boomerang","Quick Slash"],"picked":"SKIP","floor":28.0},{"not_picked":["CarveReality+1","Leap+1","Perseverance+1"],"picked":"SKIP","floor":29.0},{"not_picked":["Alpha+1","Tempest+1"],"picked":"Deep Breath+1","floor":31.0},{"not_picked":["Vault+1","Venomology+1"],"picked":"Apotheosis+1","floor":33.0},{"not_picked":["Nirvana","Deep Breath+1"],"picked":"Skim+1","floor":35.0},{"not_picked":["Flying Knee","Halt+1","Thunderclap"],"picked":"SKIP","floor":36.0},{"not_picked":["Ball Lightning+1","BowlingBash"],"picked":"Prepared+1","floor":38.0},{"not_picked":["Thinking Ahead+1","BowlingBash","Storm"],"picked":"Singing Bowl","floor":40.0},{"not_picked":["PiercingWail+1","Chill+1","Sweeping Beam"],"picked":"Singing Bowl","floor":42.0},{"not_picked":["SignatureMove+1","Leap+1","Pray+1"],"picked":"Singing Bowl","floor":44.0},{"not_picked":["Ghostly Armor+1","Fire Breathing+1"],"picked":"Aggregate+1","floor":47},{"not_picked":["Sentinel+1","Rebound+1"],"picked":"Dark Shackles+1","floor":48}],"player_experience":738283,"relics_obtained":[{"floor":6.0,"key":"MawBank"},{"floor":8.0,"key":"Odd Mushroom"},{"floor":9.0,"key":"Smiling Mask"},{"floor":12.0,"key":"Toxic Egg 2"},{"floor":25.0,"key":"Pear"},{"floor":26.0,"key":"Eternal Feather"},{"floor":29.0,"key":"Thread and Needle"},{"floor":31.0,"key":"Nunchaku"},{"floor":40.0,"key":"Singing Bowl"},{"floor":42.0,"key":"Dead Branch"},{"floor":43.0,"key":"Potion Belt"},{"floor":44.0,"key":"The Courier"}],"event_choices":[{"damage_healed":0.0,"max_hp_gain":0.0,"max_hp_loss":0.0,"gold_gain":0.0,"event_name":"Living Wall","player_choice":"Grow","floor":4.0,"gold_loss":0.0,"damage_taken":0.0,"cards_upgraded":["Dash"]},{"damage_healed":0.0,"max_hp_gain":0.0,"max_hp_loss":0.0,"gold_gain":0.0,"event_name":"Mushrooms","player_choice":"Fought Mushrooms","floor":8.0,"gold_loss":0.0,"damage_taken":0.0},{"damage_healed":0.0,"max_hp_gain":0.0,"max_hp_loss":0.0,"gold_gain":75.0,"event_name":"World of Goop","player_choice":"Gather Gold","floor":10.0,"gold_loss":0.0,"damage_taken":11.0},{"damage_healed":0.0,"max_hp_gain":0.0,"max_hp_loss":0.0,"gold_gain":0.0,"event_name":"Shining Light","player_choice":"Ignored","floor":13.0,"gold_loss":0.0,"damage_taken":0.0},{"damage_healed":0.0,"max_hp_gain":0.0,"max_hp_loss":0.0,"gold_gain":0.0,"cards_transformed":["Strike_G","Strike_G"],"event_name":"Drug Dealer","player_choice":"Became Test Subject","floor":19.0,"gold_loss":0.0,"damage_taken":0.0,"cards_obtained":["Skewer","Noxious Fumes"]},{"damage_healed":0.0,"max_hp_gain":0.0,"max_hp_loss":30.0,"gold_gain":0.0,"event_name":"Ghosts","player_choice":"Became a Ghost","floor":20.0,"gold_loss":0.0,"damage_taken":0.0,"cards_obtained":["Ghostly","Ghostly","Ghostly"]},{"damage_healed":0.0,"max_hp_gain":0.0,"max_hp_loss":0.0,"gold_gain":0.0,"event_name":"N\u0027loth","player_choice":"Traded Relic","floor":22.0,"relics_lost":["MawBank"],"gold_loss":0.0,"damage_taken":0.0,"relics_obtained":["Nloth\u0027s Gift"]},{"damage_healed":0.0,"max_hp_gain":0.0,"max_hp_loss":0.0,"gold_gain":0.0,"event_name":"The Mausoleum","player_choice":"Ignored","floor":27.0,"gold_loss":0.0,"damage_taken":0.0},{"damage_healed":0.0,"max_hp_gain":0.0,"max_hp_loss":0.0,"gold_gain":0.0,"event_name":"Tomb of Lord Red Mask","player_choice":"Ignored","floor":39.0,"gold_loss":0.0,"damage_taken":0.0},{"damage_healed":0.0,"max_hp_gain":0.0,"max_hp_loss":0.0,"gold_gain":0.0,"event_name":"MindBloom","player_choice":"Fight","floor":42.0,"gold_loss":0.0,"damage_taken":0.0}],"is_beta":false,"boss_relics":[{"not_picked":["Sozu","Runic Dome"],"picked":"Fusion Hammer"},{"not_picked":["Calling Bell","SlaversCollar"],"picked":"Pandora\u0027s Box"}],"items_purged_floors":[11],"is_endless":false,"potions_floor_spawned":[1,3,8,12,16,21,24,28,29,31,33,36,40,47,48],"killed_by":"Time Eater","ascension_level":15}}