{"host":"xr2w6q7a088fu8w2","time":1613833624,"event":{"mods":["AchievementEnabler","BaseMod","Colored Powertips","Good Game Mod","Mimic Mod","Minty Spire (QoL Compilation)","MostiFishMod","Reliquary","StSLib","UnlockEverythingMod"],"gold_per_floor":[118,43,62,74,74,74,74,92,92,92,125,141,53,72,72,174,174,185,100,115,115,115,115,150,165,165,183,183,200,200,200,200,295,295,315,315,368,0,0,0,0,0,24,24,40,40,52,64,64,166,166,166],"floor_reached":51,"language":"ZHS","playtime":1612,"items_purged":["Defend_G","Defend_G","Defend_G"],"score":965,"play_id":"2a8e0a66-83c0-4aa3-9218-e265e2353929","local_time":"20210220230704","daily_mods":["Vintage","Red Cards","Green Cards","Blue Cards","Purple Cards","Colorless Cards","Heirloom","Time Dilation"],"is_ascension_mode":false,"campfire_choices":[{"data":"MostiFishMod:UltimateDefense","floor":6,"key":"SMITH"},{"data":"MostiFishMod:UltimateDefense+1","floor":10,"key":"SMITH"},{"data":"Sucker Punch","floor":15,"key":"SMITH"},{"data":"MostiFishMod:ButterFly","floor":23,"key":"SMITH"},{"data":"Neutralize","floor":28,"key":"SMITH"},{"data":"MostiFishMod:UltimateDefense+2","floor":30,"key":"SMITH"},{"data":"MostiFishMod:UltimateDefense+3","floor":32,"key":"SMITH"},{"data":"MostiFishMod:UltimateDefense+4","floor":40,"key":"SMITH"},{"data":"MostiFishMod:UltimateDefense+5","floor":44,"key":"SMITH"},{"data":"MostiFishMod:UltimateDefense+6","floor":46,"key":"SMITH"},{"data":"MostiFishMod:UltimateDefense+7","floor":49,"key":"SMITH"}],"circlet_count":0,"master_deck":["Strike_G","Strike_G+1","Strike_G+1","Strike_G","Strike_G","Defend_G","Defend_G","Survivor","Neutralize+1","MostiFishMod:UltimateDefense+8","Sucker Punch+1","MostiFishMod:ButterFly+1"],"relics":["Ring of the Snake","REME:ComplimentaryCards","DaveBox","Sling","Thread and Needle","Kunai","SynthV:TestCard","reliquary:Firecrackers","Orichalcum","Bag of Marbles","reliquary:TridentHead","MawBank","CeramicFish","JellyFishMachine","Pear","Snake Skull","InkBottle","InkBottle","reliquary:SharkskinSheath","Ornamental Fan","Blue Candle","ExusiaiGun","Shuriken","CombinedTypeHook","Toxic Egg 2","Red Mask","reliquary:Buckler","Blood Vial","Art of War","Oddly Smooth Stone","RhineSuit"],"acts_visited":["Exordium","TheCity","TheBeyond"],"potions_floor_usage":[16,16,27,33,33],"damage_taken":[{"damage":0,"enemies":"Cultist","floor":1,"turns":4},{"damage":0,"enemies":"Small Slimes","floor":3,"turns":3},{"damage":0,"enemies":"Jaw Worm","floor":4,"turns":4},{"damage":0,"enemies":"Lots of Slimes","floor":8,"turns":5},{"damage":0,"enemies":"Gremlin Nob","floor":11,"turns":3},{"damage":0,"enemies":"Looter","floor":12,"turns":2},{"damage":0,"enemies":"Red Slaver","floor":14,"turns":2},{"damage":20,"enemies":"The Guardian","floor":16,"turns":16},{"damage":0,"enemies":"Spheric Guardian","floor":18,"turns":6},{"damage":0,"enemies":"2 Thieves","floor":20,"turns":3},{"damage":0,"enemies":"Book of Stabbing","floor":24,"turns":6},{"damage":0,"enemies":"Sentry and Sphere","floor":25,"turns":5},{"damage":0,"enemies":"Snecko","floor":27,"turns":4},{"damage":0,"enemies":"Snake Plant","floor":29,"turns":3},{"damage":17,"enemies":"Collector","floor":33,"turns":13},{"damage":0,"enemies":"Orb Walker","floor":35,"turns":1},{"damage":0,"enemies":"2 Orb Walkers","floor":37,"turns":1},{"damage":0,"enemies":"3 Darklings","floor":45,"turns":1},{"damage":0,"enemies":"Transient","floor":47,"turns":1},{"damage":0,"enemies":"Maw","floor":48,"turns":1},{"damage":15,"enemies":"Awakened One","floor":50,"turns":4}],"seed_played":"-1962213021586078160","potions_obtained":[{"floor":1,"key":"SkillPotion"},{"floor":11,"key":"Block Potion"},{"floor":12,"key":"SpeedPotion"},{"floor":20,"key":"Dexterity Potion"},{"floor":22,"key":"Dexterity Potion"},{"floor":25,"key":"Energy Potion"},{"floor":37,"key":"Strength Potion"}],"is_trial":true,"path_per_floor":["M","$","M","M","?","R","?","M","T","R","E","M","$","M","R","B",null,"M","$","M","$","?","R","E","M","T","M","R","M","R","T","R","B",null,"M","?","?","$","?","R","?","$","T","R","M","R","M","M","R","B",null],"character_chosen":"THE_SILENT","items_purchased":["MostiFishMod:ButterFly","Toxic Egg 2"],"campfire_rested":0,"item_purchase_floors":[19,38],"current_hp_per_floor":[70,70,70,70,70,70,70,70,70,70,70,70,70,70,70,50,70,80,80,80,80,80,80,80,80,80,80,80,80,80,80,80,63,80,80,80,80,80,80,80,76,76,76,76,76,76,76,76,76,61,61,61],"gold":166,"neow_bonus":"","is_daily":false,"chose_seed":false,"campfire_upgraded":11,"win_rate":0.0,"timestamp":1613833624,"path_taken":["M","$","M","?","?","R","?","M","T","R","E","M","$","M","R","BOSS","M","?","M","$","?","R","E","M","T","?","R","M","R","?","R","BOSS","M","?","?","$","?","R","?","?","T","R","M","R","M","?","R","BOSS"],"items_purchased_type":["Card","Relic"],"build_version":"2020-12-22","purchased_purges":3,"victory":false,"max_hp_per_floor":[70,70,70,70,70,70,70,70,70,70,70,70,70,70,70,70,70,80,80,80,80,80,80,80,80,80,80,80,80,80,80,80,80,80,80,80,80,80,80,80,76,76,76,76,76,76,76,76,76,76,76,76],"card_choices":[{"not_picked":["Doom and Gloom","Bullet Time","Deflect","Cold Snap"],"picked":"Sucker Punch","floor":11},{"not_picked":["Leg Sweep","Crescendo+1","CarveReality","FlyingSleeves","Sucker Punch"],"picked":"SKIP","floor":24}],"player_experience":138990,"relics_obtained":[{"floor":1,"key":"Kunai"},{"floor":1,"key":"SynthV:TestCard"},{"floor":3,"key":"reliquary:Firecrackers"},{"floor":4,"key":"Orichalcum"},{"floor":8,"key":"Bag of Marbles"},{"floor":11,"key":"reliquary:TridentHead"},{"floor":12,"key":"MawBank"},{"floor":14,"key":"CeramicFish"},{"floor":18,"key":"Pear"},{"floor":20,"key":"Snake Skull"},{"floor":24,"key":"InkBottle"},{"floor":25,"key":"reliquary:SculptingSteel"},{"floor":26,"key":"reliquary:SharkskinSheath"},{"floor":29,"key":"Ornamental Fan"},{"floor":31,"key":"Blue Candle"},{"floor":35,"key":"Shuriken"},{"floor":37,"key":"CombinedTypeHook"},{"floor":43,"key":"reliquary:Buckler"},{"floor":45,"key":"Blood Vial"},{"floor":47,"key":"Art of War"},{"floor":48,"key":"Oddly Smooth Stone"}],"event_choices":[{"damage_healed":0,"gold_gain":0,"player_choice":"Ignored","damage_taken":0,"max_hp_gain":0,"max_hp_loss":0,"event_name":"Golden Idol","floor":5,"gold_loss":0},{"damage_healed":0,"gold_gain":0,"player_choice":"Ignored","damage_taken":0,"max_hp_gain":0,"max_hp_loss":0,"event_name":"NoteForYourself","floor":7,"gold_loss":0},{"damage_healed":0,"gold_gain":0,"player_choice":"Got Potions","damage_taken":0,"max_hp_gain":0,"max_hp_loss":0,"event_name":"Lab","floor":22,"gold_loss":0},{"damage_healed":0,"gold_gain":0,"player_choice":"Memory 1","damage_taken":0,"max_hp_gain":0,"max_hp_loss":0,"event_name":"SensoryStone","floor":36,"gold_loss":0},{"damage_healed":0,"gold_gain":0,"player_choice":"Fight","damage_taken":0,"max_hp_gain":0,"max_hp_loss":0,"event_name":"Mysterious Sphere","floor":37,"gold_loss":0},{"damage_healed":0,"gold_gain":0,"player_choice":"Paid","damage_taken":0,"relics_obtained":["Red Mask"],"max_hp_gain":0,"max_hp_loss":0,"event_name":"Tomb of Lord Red Mask","floor":39,"gold_loss":0},{"damage_healed":0,"gold_gain":0,"player_choice":"Max HP","damage_taken":0,"max_hp_gain":0,"max_hp_loss":4,"event_name":"Winding Halls","floor":41,"gold_loss":0}],"is_beta":false,"boss_relics":[{"not_picked":["GreenFoldingFan","Black Star"],"picked":"JellyFishMachine"},{"not_picked":["MoonlightInvasionPlan","Astrolabe"],"picked":"ExusiaiGun"},{"not_picked":["SlaversCollar","Sozu"],"picked":"RhineSuit"}],"items_purged_floors":[2,13,38],"is_endless":true,"potions_floor_spawned":[1,11,12,20,25,37],"ascension_level":0}}