{"host":"clcuy39u5sybassp","time":1613810248,"event":{"mods":["AchievementEnabler","BaseMod","Challenge The Spire","Lobotomy","LobotomyExtend","Minty Spire (QoL Compilation)","Quick Restart","Replay The Spire","StSLib"],"gold_per_floor":[118,218,238,254,155,190,204,231,231,231,258,272,272,305,305,401,401,420,420,437,64,64,64],"floor_reached":22,"language":"ZHS","playtime":732,"items_purged":["Defend_R","Defend_R"],"score":305,"play_id":"154c4684-975c-49c7-9872-6daec9d1ef55","local_time":"20210220163728","is_ascension_mode":true,"campfire_choices":[{"floor":10.0,"key":"REST"},{"floor":13,"key":"REST"},{"floor":15,"key":"REST"}],"circlet_count":0,"master_deck":["Strike_R","Strike_R","Strike_R","Strike_R","Defend_R","Defend_R","Bash","OldLady","Pommel Strike","CrumblingArmor","ShyLook","Fiend Fire","Twin Strike","UniverseFragment","Perfected Strike","Scorched","Twin Strike","Wild Strike","GreedKing","Headbutt","Amnesia","Amnesia","ReplayTheSpireMod:IOU","SnowQueen","ReplayTheSpireMod:Strike From Hell+1","CrumblingArmor"],"relics":["Burning Blood","CogitoBucket","RabbitCall","LetterFromLob","Orichalcum","Mercury Hourglass","Smiling Mask","Matryoshka","Replay:Ancient Bell","PreservedInsect","The Courier","TungstenRod","Replay:Bottled Flurry","DollysMirror"],"acts_visited":["Exordium","TheCity"],"potions_floor_usage":[12,22],"damage_taken":[{"damage":12.0,"enemies":"Jaw Worm","floor":1.0,"turns":2.0},{"damage":0.0,"enemies":"Cultist","floor":3.0,"turns":2.0},{"damage":7.0,"enemies":"Small Slimes","floor":4.0,"turns":2.0},{"damage":54.0,"enemies":"3 Sentries","floor":6.0,"turns":6.0},{"damage":11.0,"enemies":"2 Fungi Beasts","floor":7.0,"turns":3.0},{"damage":14.0,"enemies":"Gremlin Nob","floor":8.0,"turns":4.0},{"damage":34,"enemies":"3 Louse","floor":12,"turns":3},{"damage":5,"enemies":"Replay:BlueRogue","floor":14,"turns":3},{"damage":0,"enemies":"Fading Forest","floor":16,"turns":11},{"damage":27,"enemies":"Shell Parasite","floor":18,"turns":5},{"damage":4,"enemies":"Spheric Guardian","floor":20,"turns":3},{"damage":54,"enemies":"Spheric Guardian","floor":22,"turns":2}],"seed_played":"7623151251854230374","potions_obtained":[{"floor":3.0,"key":"Elixir"},{"floor":7.0,"key":"FearPotion"},{"floor":12,"key":"SkillPotion"},{"floor":14,"key":"Dexterity Potion"}],"is_trial":false,"path_per_floor":["M","?","M","M","$","E","M","E","T","R","T","M","R","E","R","B",null,"M","?","M","$","?"],"character_chosen":"IRONCLAD","items_purchased":["Twin Strike","Replay:Bottled Flurry","DollysMirror"],"campfire_rested":3,"item_purchase_floors":[5,21,21],"current_hp_per_floor":[74,74,80,79,79,31,26,18,18,42,42,14,38,39,63,77,80,59,45,47,47,0,0],"gold":64,"neow_bonus":"","is_daily":false,"chose_seed":false,"campfire_upgraded":0,"win_rate":0.0,"timestamp":1613810248,"path_taken":["M","?","M","?","?","E","?","E","T","R","?","M","R","E","R","BOSS","M","?","M","$","?"],"items_purchased_type":["Card","Relic","Relic"],"build_version":"2020-12-22","purchased_purges":2,"victory":false,"max_hp_per_floor":[80,80,80,80,80,80,80,80,80,80,80,80,80,80,80,80,80,80,85,85,85,85,85],"card_choices":[{"not_picked":["Murderer","Wellcheers"],"picked":"OldLady","floor":1.0},{"not_picked":["Iron Wave","Entrench"],"picked":"Pommel Strike","floor":1.0},{"not_picked":["Murderer","WallGazer","BeautyBeast"],"picked":"Singing Bowl","floor":3.0},{"not_picked":["UniverseFragment","VoidDream"],"picked":"CrumblingArmor","floor":3.0},{"not_picked":["Clash","Ghostly Armor","Double Tap"],"picked":"SKIP","floor":3.0},{"not_picked":["RedShoes","BeautyBeast","Murderer"],"picked":"Singing Bowl","floor":4.0},{"not_picked":["Wellcheers","BlackSwan"],"picked":"ShyLook","floor":4.0},{"not_picked":["ReplayTheSpireMod:Muscle Training","Burning Pact"],"picked":"Fiend Fire","floor":4.0},{"not_picked":["Mercenary","SpiderBud"],"picked":"UniverseFragment","floor":6.0},{"not_picked":["Searing Blow","Fire Breathing"],"picked":"Perfected Strike","floor":6.0},{"not_picked":["VoidDream","CherryBlossoms"],"picked":"Scorched","floor":7.0},{"not_picked":["Warcry","Battle Trance","Ghostly Armor"],"picked":"SKIP","floor":7.0},{"not_picked":["BigBird","CherryBlossoms","BeautyBeast"],"picked":"Singing Bowl","floor":8.0},{"not_picked":["Rage","Shockwave"],"picked":"Twin Strike","floor":8.0},{"not_picked":["GalaxyChild","OSAHOGD","Yin"],"picked":"Singing Bowl","floor":12},{"not_picked":["Uppercut","Heavy Blade"],"picked":"Wild Strike","floor":12},{"not_picked":["BeautyBeast","FairyFestival","MeatLantern"],"picked":"Singing Bowl","floor":14},{"not_picked":["CherryBlossoms","MeatLantern"],"picked":"GreedKing","floor":14},{"not_picked":["Whirlwind","Warcry"],"picked":"Headbutt","floor":14},{"not_picked":["RedShoes","FieryBird","MeatLantern"],"picked":"Singing Bowl","floor":16},{"not_picked":["Doubt","Overencumbered"],"picked":"Amnesia","floor":17},{"not_picked":["Normality","Spreading Infection"],"picked":"Amnesia","floor":17},{"not_picked":["AbeCurse","Replay:Hysterical Blindness"],"picked":"ReplayTheSpireMod:IOU","floor":17},{"not_picked":["Murderer","CherryBlossoms"],"picked":"SnowQueen","floor":18},{"not_picked":["ReplayTheSpireMod:Corrosion Curse+1","Dual Wield","Flex+1"],"picked":"SKIP","floor":18},{"not_picked":["ReplayTheSpireMod:Corrosion Curse+1","Dual Wield","Flex+1"],"picked":"SKIP","floor":18},{"not_picked":["BigBird","LittleHelper","SpiderBud"],"picked":"Singing Bowl","floor":20},{"not_picked":["Cleave+1","Battle Trance+1"],"picked":"ReplayTheSpireMod:Strike From Hell+1","floor":20}],"player_experience":202035,"relics_obtained":[{"floor":1.0,"key":"LetterFromLob"},{"floor":6.0,"key":"Orichalcum"},{"floor":8.0,"key":"Mercury Hourglass"},{"floor":11.0,"key":"Smiling Mask"},{"floor":14,"key":"Matryoshka"}],"event_choices":[{"damage_healed":0.0,"max_hp_gain":0.0,"max_hp_loss":0.0,"gold_gain":100.0,"event_name":"Golden Shrine","player_choice":"Pray","floor":2.0,"gold_loss":0.0,"damage_taken":0.0},{"damage_healed":0,"gold_gain":0,"player_choice":"Shed Blood","damage_taken":20,"max_hp_gain":5,"max_hp_loss":0,"event_name":"Forgotten Altar","floor":19,"gold_loss":0}],"is_beta":false,"boss_relics":[{"not_picked":["Fusion Hammer","Snecko Eye"],"picked":"Replay:Ancient Bell"},{"not_picked":["ReplayFunnel","CeramicFish"],"picked":"PreservedInsect"},{"not_picked":["Quantum Egg","Kunai"],"picked":"The Courier"},{"not_picked":["Shovel","Pondfish Scales"],"picked":"TungstenRod"}],"items_purged_floors":[5,21],"is_endless":false,"potions_floor_spawned":[3,7,12,14,16,18],"killed_by":"Spheric Guardian","ascension_level":4}}